3797 5795
1796 414 1879 422 —
1941 378 2209 442 460—

1907 671 2097 749 926.

644 846 843 926 1268,
895 847 994 911 15.
1046 849 1313 912 marta.
1360 847 1420 912 U
1467 844 1816 930 Zaqrebu.

643 999 896 1063 Detrz'k
961 1009 1181 1086 z'upcm
1250 1000 1642 1086 zagrebao‘ki
1692 999 2037 1085 prepisuje
2113 1022 2206 1062 na
2285 1001 2503 1063 molbu
2589 1007 2856 1085 iupana
2935 1001 3334 1064 Meneslava

643 1111 897 1175 listina
966 1121 1233 1198 {upana
1304 1114 1645 1198 Fabz'jana
1716 1114 1837 1190 (od
1878 1117 1983 1177 15.
2058 1114 2396 1176 decembra
2443 1115 2668 1190 1261),
2730 1113 2899 1198 gdje
2957 1115 3119 1198 ovaj
3173 1114 3342 1198 πψρ-

638 1224 806 1303 ιίοόί,
874 1227 963 1289 da
1006 1228 1088 1310 je
1144 1227 1316 1310 pred
1359 1226 1535 1310 njim
1588 1225 1922 1289 Kuzmz's‘a
1984 1225 2098 1288 sin
2147 1226 2478 1310 Kupuc‘ev
2537 1226 2798 1309 predae
2847 1227 3026 1288 neku
3091 1226 3336 1310 zemgju
3428 1219 3436 1226 ’

1779 1339 2207 1402 Meneslavu.

812 1495 948 1557 Nos
1011 1497 1303 1558 Detricus
1363 1517 1583 1558 comes
1644 1497 2083 1580 Zagrabiensis
2143 1499 2452 1558 memorie
2513 1497 3048 1557 commendantes
3109 1497 3344 1579 signifi-

633 1625 855 1668 camus
902 1611 1131 1688 quibus
1176 1611 1439 1690 expedit
1484 1614 1804 1685 universis,
1852 1610 2028 1690 quod
2076 1609 2390 1671 accedens
2421 1609 2505 1670 ad
2537 1628 2656 1670 nos
2689 1608 3054 1670 Menezlaus
3101 1628 3340 1678 comes

632 1719 949 1781 humiliter
979 1742 1017 1782 a
1050 1724 1235 1782 nobis
1263 1724 1622 1802 postulavit,
1654 1737 1723 1785 ut
1754 1736 2046 1785 tenorem
2079 1724 2426 1784 litterarum
2463 1718 2751 1806 [Fabiani
2777 1717 3052 1805 comitis]
3080 1734 3342 1802 propter

632 1845 1011 1894 vetustatem
1050 1831 1449 1919 [attritarum]
1485 1840 1713 1898 nostris
1760 1838 1978 1898 litteris
2025 1837 2430 1917 dignaremur
2475 1834 2872 1897 confirmare.
2929 1833 3125 1898 Cuius
3155 1845 3340 1895 tenor

630 1947 771 2006 talis
816 1959 911 2008 est
958 1952 1121 2009 (vidi
1162 1951 1379 2007 listina
1427 1951 1513 2008 od
1541 1972 1607 2025 g.
1658 1955 1817 2008 1:261.
1864 1956 1950 2008 15.
2001 1951 2372 2020 decembra).
2440 1948 2580 2010 Nos
2629 1951 2840 2028 itaque
2884 1947 3152 2026 predicti
3203 1947 3341 2008 Me-

629 2059 823 2119 nezlai
892 2063 1143 2121 comitis
1211 2064 1372 2123 iuste
1438 2064 1733 2140 peticioni
1804 2073 2177 2136 annuenteS,
2245 2072 2574 2140 presentes
2627 2063 2895 2122 insertos
2939 2069 3200 2120 tenores
3247 2061 3341 2120 lit-

627 2183 903 2233 terarum
972 2173 1236 2234 Fabiani
1307 2177 1558 2234 comitis
1627 2175 1709 2235 de
1778 2175 1974 2236 verbo
2045 2174 2128 2236 ad
2197 2175 2463 2236 verbum
2525 2173 2821 2235 dedimus
2880 2193 3000 2252 pro
3063 2174 3340 2233 cautella

625 2285 915 2364 ampliori
962 2287 1143 2367 sigilli
1190 2290 1381 2346 nostri
1434 2289 1785 2348 munimine
1833 2285 2206 2364 (roboratas,
2253 2285 2520 2358 Datum)
2569 2287 2874 2368 Zagrabie
2920 2286 3076 2347 feria
3109 2287 3336 2364 quinta

623 2401 919 2477 proxima
965 2411 1113 2459 ante
1159 2399 1548 2459 dominicam
1598 2399 1845 2472 Letare,
1890 2419 2064 2460 anno
2112 2400 2354 2460 domini
2407 2397 2728 2462 MCCLX.
2780 2411 3030 2459 octavo

810 2593 871 2648 U
905 2591 1126 2648 arkz‘vu
1172 2591 1421 2668 kaptola
1472 2611 1511 2648 u
1560 2591 1870 2666 Zagrebu.

1887 2945 2078 3025 927.

625 3122 822 3200 1268,
869 3123 976 3184 17.
1026 3122 1295 3187 marta.

629 3309 947 3394 Kraljz'ca
1010 3309 1279 3395 Martja
1340 3314 1541 3373 vrac‘a
1608 3309 1868 3394 z'manje
1929 3309 2145 3373 Berz'n
2208 3316 2483 3393 &upana
2534 3309 2838 3395 Grguru,
2878 3310 3178 3394 plemic‘u
3230 3320 3327 3375 50-

1788 3423 2181 3508 mogjkome.

800 3614 999 3675 Maria
1070 3616 1169 3674 dei
1239 3616 1448 3695 gracia
1518 3618 1732 3697 regina
1801 3615 2128 3697 Hungarie
2193 3618 2490 3677 omnibus
2551 3634 2811 3695 presens
2871 3618 3174 3693 scriptum
3239 3620 3332 3677 in-

621 3729 930 3803 specturis
996 3726 1262 3788 salutem
1332 3729 1395 3786 in
1461 3726 1745 3789 domino.
1814 3726 1925 3788 Ad
1994 3730 2430 3789 vniuersorum
2500 3730 2802 3789 noticiam
2872 3728 3096 3788 harum
3167 3732 3330 3790 serie

624 3838 920 3900 volumus
978 3841 1327 3917 peruenire,
1375 3840 1549 3917 quod
1611 3860 1757 3901 cum
1821 3842 2121 3901 suscitata
2185 3843 2519 3918 questione
2583 3843 2744 3902 inter
2805 3843 3104 3901 comitem
3171 3840 3328 3903 Gre-

622 3953 871 4031 gorium
934 3952 1128 4012 filium
1176 3951 1461 4031 JuharuS,
1524 3953 1803 4013 nobilem
1853 3953 1936 4013 de
1985 3949 2253 4034 Simigio
2299 3954 2382 4014 ab
2427 3973 2554 4013 vna
2597 3964 2795 4032 parte,
2853 3954 3131 4032 populos
3175 3972 3328 4014 vero

624 4074 876 4125 nostros
922 4064 1003 4124 de
1051 4064 1196 4125 villa
1264 4065 1446 4125 Berin
1496 4084 1581 4125 ex
1626 4066 1840 4138 altera,
1883 4084 2074 4144 super
2143 4067 2424 4146 quadam
2495 4077 2658 4127 terra
2705 4066 2788 4126 ad
2835 4084 3016 4127 vsum
3078 4076 3326 4145 septem

619 4184 974 4237 aratrorum
1045 4177 1411 4251 sufficiente,
1460 4198 1653 4257 quam
1723 4179 1891 4239 idem
1964 4198 2184 4240 comes
2252 4178 2597 4260 Gregorius
2641 4179 2726 4239 ab
2772 4178 3015 4239 eisdem
3073 4178 3328 4257 populis

620 4292 853 4350 nostris
900 4292 1164 4351 nomine
1196 4310 1307 4351 sue
1338 4302 1501 4351 terre
1533 4291 1910 4352 hereditarie
1957 4291 2040 4351 de
2079 4292 2348 4371 Juharus
2394 4303 2708 4370 occupate
2739 4290 2963 4352 ordine
3003 4291 3326 4351 iudiciario

619 4403 1001 4479 requirebat,
1048 4403 1331 4464 duellum
1380 4404 1813 4465 adiudicatum
1848 4407 2012 4465 inter
2041 4416 2255 4484 partes
2286 4406 2615 4479 extitisset,
2661 4404 2926 4465 tandem
2971 4406 3328 4465 constitutis

618 4517 683 4574 in
732 4534 879 4576 area
925 4515 1115 4576 duelli
1164 4527 1228 4576 et
1275 4518 1664 4578 certantibus
1710 4536 1822 4578 seu
1868 4518 2320 4579 dimicantibus
2382 4518 2700 4599 pugilibus
2746 4519 3070 4595 Vtriusque
3115 4520 3326 4595 partis,

620 4627 1052 4689 mediantibus
1110 4631 1460 4707 proborum
1509 4632 1783 4691 virorum
1848 4631 2088 4705 studiis
2134 4634 2296 4692 inter
2341 4650 2454 4690 eos
2499 4631 2898 4709 composicio
2961 4630 3322 4691 huiusmodi

620 4743 989 4802 interuenit:
1050 4742 1229 4821 quod
1289 4743 1460 4803 idem
1522 4762 1742 4805 comes
1789 4741 2134 4825 Gregorius
2195 4746 2397 4823 ipsam
2461 4754 2712 4817 terram,
2759 4762 2951 4822 super
2997 4762 3125 4823 qua
3171 4761 3324 4803 con-

619 4857 831 4915 tencio
879 4856 1259 4931 vertebatur,
1304 4855 1545 4917 eisdem
1592 4857 1845 4935 populis
1891 4859 2120 4917 nostris
2166 4857 2403 4917 dimisit
2449 4868 2514 4917 et
2561 4856 2811 4935 reliquit
2869 4856 3135 4936 pacifice
3181 4876 3322 4936 pos-

619 4966 975 5041 sidendam,
1020 4970 1385 5047 recipiendo
1448 4972 1664 5052 viginti
1728 4988 1974 5031 marcas
2033 4971 2273 5051 argenti
2321 4970 2382 5029 in
2433 4970 2640 5030 forma
2700 4972 3198 5048 composicionis
3241 4970 3322 5029 ab

616 5080 877 5141 eisdem.
927 5081 1158 5142 Postea
1204 5102 1353 5142 vero
1400 5102 1699 5161 processu
1770 5085 2092 5161 temporis,
2138 5101 2283 5143 cum
2329 5081 2504 5143 idem
2552 5100 2771 5143 comes
2819 5081 3166 5165 Gregorius
3210 5083 3320 5142 do-
