3797 5795
1538 361 1621 367 —-
1684 323 1806 387 107
1870 360 1954 369 --

1648 617 1843 697 622.

411 808 597 885 1258,
639 809 747 873 18.
802 750 1241 876 novembrii..⁴
1275 810 1334 877 U
1381 808 1686 893 Spljetu.

414 995 661 1083 Opc‘z'na
721 998 1047 1083 spljetska
1108 1000 1394 1085 prodaje
1432 998 1691 1063 ·-Savku
1766 999 1832 1062 T
1820 998 2055 1065 ravaz‘e
2117 1000 2768 1085 trmaest-mjesed‘nt'
2821 998 3096 1063 dobt'tak

1118 1111 1417 1176 mlz‘nova
1465 1135 1513 1175 u
1562 1111 1813 1177 Solz'nu
1858 1135 1937 1176 za
1986 1116 2114 1178 600
2145 1112 2377 1199 funtz.

538 1304 635 1365 ·In
684 1306 947 1366 nomine
992 1308 1193 1367 eterni
1232 1317 1303 1367 et
1348 1308 1581 1367 summi
1628 1306 1731 1367 dei
1776 1324 1986 1367 amen.
2035 1303 2230 1367 Anno
2279 1306 2739 1367 incarnacionis
2801 1304 3090 1365 eiusdem

403 1416 725 1477 millesimo
792 1417 1234 1479 ducentesimo
1303 1420 1835 1500 quinquagesimo
1880 1429 2134 1493 octau0,
2179 1418 2499 1479 indicione
2543 1417 2844 1491 secunda,
2890 1420 3088 1479 tercio

400 1530 643 1591 decimo
710 1530 814 1591 die
879 1541 1158 1592 exeunte
1226 1532 1581 1605 nouembri,
1646 1532 2045 1610 temporibus
2111 1531 2356 1592 domini
2414 1530 2669 1612 Rogerii
2714 1530 3092 1593 venerabilis

397 1643 779 1721 spalatensis
843 1643 1318 1725 archiepiscopi,
1385 1644 1617 1705 nobilis
1662 1644 1773 1705 viri
1818 1642 2136 1705 Guidonis
2179 1644 2433 1705 comitis
2480 1642 2704 1725 Vegle,
2751 1642 3090 1705 Modrusse

396 1766 456 1815 et
500 1755 807 1817 Vinodoli
866 1760 1217 1836 potestatiS,
1263 1754 1457 1833 Srece
1504 1756 1757 1833 Cacete‚
1803 1754 2093 1838 Gregorii
2163 1753 2381 1830 Grubi,
2425 1755 2631 1817 Dobri
2681 1754 2954 1832 Duscice
2999 1758 3089 1817 iu-

393 1868 616 1929 dicum.
686 1868 1077 1931 Laurencius
1145 1869 1389 1931 domini
1459 1872 1792 1950 potestatis
1859 1871 2144 1945 vicarius,
2189 1868 2427 1931 iudices
2471 1884 2536 1929 et
2565 1870 2920 1931 consiliarii
2963 1888 3084 1950 pro

390 1980 648 2042 utilitate
693 1992 758 2042 et
802 1984 1181 2043 necessitate
1242 1984 1435 2043 totius
1500 1983 1909 2043 comunitatis
1955 1981 2382 2043 uendiderunt
2427 1979 2627 2045 Sabbi
2673 1981 2946 2045 Trauaie
2991 1984 3086 2043 in-

385 2094 647 2155 trohitus
693 2094 1213 2157 molendinorum
1258 2096 1667 2157 comunitatis
1710 2093 1859 2155 hinc
1904 2112 2107 2173 usque
2152 2094 2236 2156 ad
2283 2095 2590 2157 tredecim
2639 2113 2894 2157 menses
2938 2114 3086 2174 pro-

384 2208 557 2267 ximo
604 2218 923 2281 uenturos,
968 2206 1149 2269 finito
1194 2210 1410 2287 precio
1456 2218 1521 2269 et
1566 2208 1811 2287 precisa
1856 2207 2229 2269 uenditione
2273 2218 2725 2269 sexcentarum
2781 2208 3081 2269 librarum

382 2319 780 2382 denariorum
847 2340 1213 2400 paruorum,
1296 2339 1457 2400 quas
1501 2320 1691 2381 libras
1736 2322 1872 2400 ipse
1917 2320 2167 2383 soluere
2233 2320 2429 2383 debet
2495 2321 2874 2383 comunitati
2921 2320 3082 2382 infra

382 2432 496 2492 hiis
540 2432 879 2507 mensibus,
924 2432 1141 2507 silicet,
1200 2436 1264 2494 in
1327 2432 1613 2511 quolibet
1658 2452 1882 2495 mense
1931 2434 2390 2515 quinquaginta
2434 2432 2626 2495 libras
2669 2433 3082 2495 denariorum

380 2564 719 2623 paruorum
786 2564 993 2623 usque
1036 2545 1121 2607 ad
1164 2546 1425 2625 plenam
1494 2544 1883 2607 solutionem
1943 2545 2374 2625 predictarum
2419 2545 2724 2607 librarum
2769 2564 2920 2608 cum
2965 2546 3083 2607 bo-

379 2676 603 2718 norum
668 2677 931 2719 suorum
1000 2658 1391 2741 obligatione
1436 2669 1501 2719 et
1546 2659 1665 2721 sub
1710 2677 1879 2738 pena
1925 2658 2120 2739 dupli.
2167 2657 2544 2723 Molendina
2603 2676 2759 2721 uero
2821 2669 2969 2721 sunt
3015 2661 3082 2719 in

375 2770 629 2845 Salona,
677 2774 739 2831 in
791 2772 1023 2849 quibus
1067 2772 1319 2834 molunt
1363 2782 1515 2833 octo
1562 2772 1735 2833 mole
1778 2782 1845 2833 et
1890 2771 2086 2835 debet
2145 2774 2472 2852 percipere
2525 2771 2733 2833 dictus
2777 2770 2998 2835 Sabbe
3041 2792 3082 2833 a

374 2884 840 2948 macinantibus
883 2887 947 2946 in
994 2886 1085 2946 eis
1144 2884 1603 2947 duodecimum
1649 2894 1715 2948 et
1760 2905 1891 2948 non
1952 2884 2127 2965 plus;
2194 2904 2512 2966 expensas
2581 2895 2799 2947 autem
2846 2895 2911 2947 et
2957 2884 3081 2948 alia

373 2999 721 3060 necessaria
768 3017 895 3077 que
940 3000 1105 3060 ciroe
1149 2999 1434 3078 predicta
1482 2998 1852 3060 molendina
1885 3000 2241 3079 oportuerit
2284 2997 2509 3071 facere,
2541 2998 2625 3060 de
2655 3016 2774 3060 suo
2818 3000 3079 3078 proprio

368 3109 577 3172 facere
619 3111 939 3172 tenebitur
982 3121 1047 3172 et
1093 3113 1229 3192 ipsa
1287 3111 1659 3174 molendina
1705 3115 1769 3172 in
1814 3113 2025 3191 capite
2069 3113 2218 3174 anni
2265 3114 2500 3174 reuersi
2563 3129 2710 3174 cum
2772 3111 3076 3173 omnibus

364 3222 639 3285 artificiis
683 3233 747 3284 et
793 3225 1162 3286 necessariis
1208 3243 1363 3286 sana
1408 3225 1578 3286 dicte
1622 3227 1998 3286 comunitati
2046 3225 2226 3288 dabit
2270 3236 2334 3286 et
2381 3225 2624 3299 reddet,
2689 3235 2971 3304 excepto
3017 3225 3072 3288 si

366 3337 540 3398 mola
584 3336 993 3419 frangeretur,
1040 3356 1237 3416 quam
1280 3356 1411 3400 non
1462 3347 1723 3412 mutare,
1769 3348 1865 3400 set
1894 3348 2119 3419 aptare
2163 3338 2265 3402 uel
2296 3357 2588 3419 reparare
2618 3339 2977 3412 tenebitur,
3015 3340 3068 3399 si

364 3448 600 3510 serrum
645 3468 802 3510 uero
848 3449 1257 3532 frangeretur,
1318 3452 1678 3512 comunitas
1722 3453 1780 3511 ei
1824 3470 1912 3512 ex
1955 3453 2166 3532 gracia
2211 3451 2406 3512 alium
2450 3451 2880 3514 accomodare
2925 3469 3072 3532 pro-

368 3564 569 3637 misit;
612 3572 679 3624 et
723 3564 775 3623 si
819 3581 1045 3644 guerra
1090 3562 1307 3626 medio
1352 3573 1646 3643 tempore
1690 3565 2162 3644 superuenisset
2207 3560 2515 3648 c[iui]tati‚
2560 3574 2826 3645 propter
2873 3583 3071 3646 quam

364 3674 661 3737 homines
705 3675 791 3736 ad
836 3675 1280 3738 molendinum
1348 3679 1437 3738 ire
1504 3695 1637 3738 non
1704 3687 1986 3756 possent,
2031 3687 2344 3753 quantum
2413 3677 2667 3740 durabit
2713 3677 2816 3738 ille
2861 3678 3072 3752 timor,

360 3798 616 3850 tantum
662 3787 949 3869 predicta
994 3792 1355 3852 comunitas
1412 3798 1707 3869 tempore
1774 3791 1950 3869 pacis
2011 3789 2332 3852 tenebitur
2391 3789 2821 3871 redintegrare
2866 3800 2931 3852 et
2975 3809 3070 3850 re-

356 3904 620 3963 stituere
664 3901 956 3982 predicto
1004 3901 1237 3976 Sabbi;
1284 3914 1349 3964 et
1392 3905 1443 3964 si
1490 3903 1769 3964 latrones
1798 3904 1903 3965 uel
1932 3902 2126 3983 aliqui
2166 3902 2318 3964 mali
2363 3902 2656 3964 homines
2701 3902 3070 3964 molendina

356 4014 465 4075 uel
510 4015 715 4076 molas
782 4015 1161 4097 frangerent,
1226 4017 1509 4078 similiter
1566 4019 1928 4078 comunitas
1981 4016 2300 4078 tenebitur
2358 4015 2442 4079 de
2502 4035 2619 4078 suo
2663 4016 2924 4096 proprio
2967 4034 3066 4076 re-

354 4146 598 4206 parare.
643 4125 887 4189 Actum
934 4129 997 4190 in
1040 4131 1283 4208 ospicio
1330 4128 1575 4190 domini
1618 4130 1956 4209 potestatis
1987 4131 2050 4190 in
2080 4131 2409 4209 presencia
2455 4131 2626 4190 curie
2666 4138 2730 4190 et
2753 4126 3064 4208 Johannis

355 4237 642 4323 Cigaide,
686 4239 905 4302 Duimi
952 4239 1238 4317 Cassarii,
1284 4241 1499 4304 Miche
1546 4241 1747 4304 Madii
1791 4252 1855 4304 et
1902 4241 2175 4322 plurium
2221 4241 2533 4304 alliorum.

532 4353 615 4416 Et
660 4373 785 4436 ego
832 4353 1043 4416 Lucas
1112 4353 1506 4436 Spalatensis
1566 4358 1916 4418 canonicus
1969 4357 2206 4417 iuratus
2267 4350 2596 4438 (notarius)
2657 4353 3066 4414 comunitatis

349 4465 473 4527 hiis
520 4467 770 4529 interfui
816 4477 879 4528 et
926 4467 1008 4529 de
1053 4467 1385 4530 uoluntate
1430 4470 1755 4550 utriusque
1800 4470 1997 4549 partis
2042 4479 2301 4552 rogatus
2346 4467 2471 4528 hoc
2500 4467 2696 4528 breue
2736 4465 2972 4542 scripsi.

540 4687 839 4762 Ongv'nal
876 4707 919 4746 u
964 4686 1189 4746 arkivu
1233 4687 1483 4765 kaptola
1530 4708 1571 4746 u
1620 4689 1857 4765 Spljetu
1903 4707 1962 4746 a.
2013 4690 2181 4745 1258.
2233 4687 2434 4762 (XVI.
2461 4691 2505 4742 1.
2539 4686 2719 4758 184).
2747 4681 3064 4748 —Nema

348 4800 474 4848 not.
525 4790 743 4852 znaka.

542 4897 786 4954 Wenzel
834 4896 975 4955 cod.
1025 4896 1173 4974 dipl.
1222 4896 1455 4974 Arpad.
1520 4897 1651 4956 VII.
1692 4907 1751 4974 p.
1802 4899 2142 4954 500—501.
2204 4895 2309 4974 (po
2353 4895 2548 4972 kopiji
2591 4914 2632 4952 u
2679 4895 2785 4970 taj.
2836 4890 3062 4950 arkivu

344 5021 387 5058 u
438 5001 654 5070 Beeu).
704 5035 791 5043 ——
837 4999 1216 5075 Kukuljevic‘
1250 5001 1401 5076 Reg.
1451 5020 1547 5060 no,
1602 5004 1637 5054 7
1644 5003 1726 5060 61.
