3797 5795
1798 320 2210 383 —232-

648 512 1122 588 aquiesscentes
1159 511 1703 589 consideratisque
1750 513 1990 571 meritis
2035 530 2296 572 suorum
2329 510 2740 571 laudabilium
2775 511 3190 571 serviciorum
3241 525 3370 586 que

650 622 835 683 nobis
881 634 945 683 et
992 641 1191 704 regno
1240 642 1513 684 unacum
1577 622 1857 686 Oliverio
1921 627 2224 706 magistro
2286 627 2752 684 tavernicorum
2815 623 3080 683 domine
3137 623 3370 702 regine

648 734 979 796 karissime
1026 738 1339 796 consortis
1386 747 1599 796 nostre
1645 735 1881 797 dilecto
1927 748 1991 797 et
2038 737 2208 798 fideli
2256 746 2475 798 nostro
2523 737 2970 816 impenderant
3011 747 3076 797 et
3109 739 3374 814 impen-

652 847 804 908 dere
851 859 1167 926 poterant‚
1235 849 1475 910 dictam
1545 859 1778 911 terram
1846 849 2163 924 FarcasiO,
2232 851 2416 911 Petre
2475 860 2540 911 et
2608 850 2796 910 Petro
2851 849 3240 929 supradictis
3289 865 3370 906 ac

650 979 875 1021 eorum
945 961 1284 1023 heredibus
1354 981 1533 1022 more
1600 973 1960 1023 ceterorum
2030 963 2404 1042 predialium
2475 964 2877 1036 contulimus,
2944 962 3252 1023 dedimus
3304 974 3370 1019 et

650 1075 1110 1154 assignavimus
1154 1086 1466 1154 perpetuo
1513 1086 1575 1136 et
1620 1076 2111 1136 irrevocabiliter
2156 1075 2630 1155 possidendam.
2685 1074 2817 1138 Sed
2861 1077 3009 1155 quia
3041 1075 3124 1136 de
3155 1073 3372 1154 quali-

650 1195 783 1246 tate
816 1199 877 1247 et
910 1189 1407 1248 circumstanciis
1454 1199 1769 1250 metarum
1818 1190 2106 1250 eiusdem
2154 1200 2315 1250 terre
2361 1189 2547 1250 nobis
2577 1192 2806 1250 veritas
2837 1208 2966 1249 non
3001 1188 3373 1253 constabat,

654 1298 899 1360 dilectis
945 1311 1008 1361 et
1056 1300 1349 1361 fidelibus
1396 1306 1625 1364 nostris
1664 1303 1944 1382 capitulo
1993 1301 2366 1366 Cliasmensi
2414 1305 2645 1363 nostris
2690 1303 2908 1362 litteris
2954 1301 3251 1361 dedimus
3302 1302 3370 1358 in

654 1411 989 1486 mandatis,
1051 1425 1118 1474 ut
1166 1418 1421 1476 mittant
1483 1436 1567 1476 ex
1628 1419 1717 1476 eis
1764 1415 2158 1497 fidedignum
2207 1417 2312 1494 qui
2361 1419 2634 1476 circueat
2681 1417 2883 1494 ipsam
2931 1425 3163 1474 terram
3212 1431 3368 1473 cum

655 1523 915 1585 homine
963 1529 1243 1607 magistri
1292 1527 1549 1590 Oliverii
1598 1528 1940 1607 supradicti
2003 1531 2254 1590 comitis
2301 1529 2382 1589 de
2431 1526 2797 1590 Gersenche
2843 1538 2906 1587 et
2953 1526 3370 1608 distingendo

652 1656 769 1716 per
813 1649 1017 1699 certas
1064 1651 1268 1701 metas
1316 1641 1440 1702 fide
1487 1642 1613 1703 deo
1677 1642 1893 1703 debita
1957 1643 2327 1722 qualitatem
2375 1652 2438 1703 et
2485 1643 3000 1702 circumstancias
3047 1649 3368 1700 metarum

656 1751 842 1810 nobis
905 1753 1248 1814 rescribere
1310 1765 1663 1825 teneantur,
1727 1757 1831 1834 qui
1880 1755 2167 1815 fecerunt
2210 1766 2401 1834 prout
2447 1775 2483 1814 a
2531 1756 2716 1814 nobis
2763 1752 3140 1814 mandatum
3185 1770 3368 1811 acce-

655 1878 882 1940 perant
915 1866 1288 1943 qualitatem
1322 1879 1675 1928 memorate
1709 1878 1870 1928 terre
1903 1879 1966 1928 et
1999 1870 2514 1928 circumstancias
2547 1876 2861 1928 metarum
2894 1867 3366 1944 rescripserunt,

656 1974 831 2037 Mete
878 1990 1093 2039 autem
1141 1981 1385 2058 prefate
1419 1991 1598 2055 terre,
1644 1984 1805 2042 sicut
1837 1984 1900 2042 in
1933 1981 2152 2042 litteris
2183 1983 2376 2060 ipsius
2421 1981 2679 2059 capituli
2723 1981 3032 2040 contineri
3077 1977 3368 2042 vidimus-

656 2089 783 2150 hoc
830 2092 1053 2152 ordine
1100 2092 1543 2174 distinguntur.
1600 2095 1811 2155 Prima
1860 2106 2031 2155 meta
2078 2095 2295 2173 incipit
2341 2094 2423 2153 ab
2470 2096 2714 2154 oriente
2759 2094 2822 2152 in
2870 2095 3004 2171 ripa
3053 2090 3366 2152 Peclenna

656 2206 776 2264 sub
821 2206 1049 2265 arbore
1094 2208 1306 2278 cerasi,
1352 2207 1457 2267 ubi
1491 2219 1639 2268 sunt
1669 2210 2070 2268 conmetanei
2100 2207 2378 2287 Jacobus
2409 2217 2472 2267 et
2507 2205 2782 2280 Iwanka,
2813 2205 2962 2282 hinc
2991 2224 3104 2283 per
3138 2203 3362 2263 vallem

658 2320 893 2378 siccam
925 2319 1213 2380 ascendit
1242 2338 1458 2380 versus
1504 2320 1907 2381 occidentem
1955 2331 2018 2381 et
2064 2323 2147 2380 ita
2194 2319 2609 2381 ascendendo
2655 2339 2768 2398 per
2813 2317 3088 2380 eandem
3141 2315 3362 2376 vallem

660 2431 992 2492 descendit
1036 2432 1120 2492 ad
1166 2433 1460 2493 arborem
1507 2435 1853 2513 populeam
1901 2435 2020 2494 sub
2068 2453 2194 2513 qua
2241 2443 2335 2494 est
2369 2446 2540 2493 meta
2573 2444 2777 2493 terrea
2809 2443 2874 2492 et
2905 2430 3359 2492 descendendo

661 2563 775 2622 per
821 2544 1096 2605 eandem
1144 2545 1373 2606 vallem
1421 2548 1555 2606 exit
1600 2546 1685 2607 ad
1730 2547 2026 2607 arborem
2089 2546 2244 2608 ilicis
2315 2558 2486 2607 meta
2543 2558 2748 2607 terrea
2810 2544 3260 2605 circumfusam
3307 2553 3362 2602 et

660 2658 747 2718 ibi
793 2671 940 2718 sunt
986 2660 1391 2719 conmetanei
1438 2658 1616 2720 Luca
1662 2670 1727 2720 et
1774 2660 2156 2720 Benedictus
2200 2658 2364 2720 filius
2409 2661 2633 2738 prioris
2679 2657 2776 2742 (!);
2840 2658 2990 2718 inde
3034 2656 3364 2716 deseendit

658 2770 741 2831 ad
788 2771 1081 2832 arborem
1133 2771 1287 2832 ilicis
1331 2772 1415 2832 ad
1466 2783 1705 2832 metam
1767 2785 2038 2833 terream
2101 2782 2165 2833 et
2233 2772 2469 2834 deinde
2530 2772 2699 2833 cadit
2747 2773 2810 2832 in
2857 2769 3119 2830 fluvium
3169 2766 3363 2830 Glon-

662 2883 873 2961 nycha
917 2893 980 2945 et
1027 2904 1141 2963 per
1186 2884 1466 2945 eundem
1513 2884 1774 2946 fluvium
1830 2885 2163 2947 descendit
2223 2906 2426 2966 usque
2489 2885 2574 2946 ad
2635 2884 2806 2946 aliud
2867 2883 3127 2957 flumen,
3153 2859 3162 2867 ⁸
3191 2881 3364 2959 quod

660 2997 942 3057 similiter
989 2996 1376 3077 Glonnycha
1420 2999 1793 3077 appellatur,
1858 3000 2035 3059 iuxta
2097 2999 2273 3075 quod
2342 2999 2582 3060 flumen
2652 3008 2748 3059 est
2817 3010 2988 3058 meta
3055 3008 3262 3056 terrea
3311 2996 3366 3053 in

663 3111 890 3171 arbore
938 3112 1091 3171 ilicis
1137 3124 1200 3171 et
1248 3130 1361 3191 per
1406 3112 1576 3172 idern
1628 3110 1865 3172 flumen
1940 3112 2398 3173 descendendo
2467 3131 2684 3172 versus
2754 3110 3179 3181 occidentem,
3239 3109 3370 3167 exit

663 3242 779 3303 per
826 3224 1053 3284 vallem
1106 3233 1169 3284 et
1214 3224 1502 3285 ascendit
1548 3245 1662 3304 per
1708 3226 1983 3286 eandem
2030 3225 2260 3286 vallem
2311 3244 2525 3286 versus
2555 3225 2921 3300 aquilonem
2953 3222 3368 3283 existentibus

664 3340 1107 3397 conmetaneis
1152 3336 1291 3398 filiis
1355 3337 1588 3398 Kuchk
1648 3338 1731 3399 ad
1796 3338 2089 3399 arborem
2161 3339 2314 3399 ilicis
2384 3348 2554 3398 meta
2623 3348 2826 3397 terrea
2894 3334 3336 3396 circumfusam

665 3448 817 3510 inde
863 3449 981 3511 sub
1028 3450 1257 3510 arbore
1302 3452 1418 3528 pili
1465 3451 1796 3517 descendit
1842 3471 1955 3530 per
2001 3451 2232 3512 vallem
2279 3463 2344 3512 et
2389 3451 2559 3512 cadit
2623 3454 2684 3510 in
2747 3449 3008 3509 fluvium
3081 3447 3358 3515 Pomlov,

665 3561 771 3622 ubi
822 3574 917 3622 est
964 3572 1135 3623 meta
1183 3572 1387 3624 terrea
1453 3565 1573 3624 sub
1640 3564 1868 3623 arbore
1937 3565 2051 3644 piri
2123 3565 2420 3625 silvestris
2481 3575 2544 3624 et
2605 3582 2719 3642 per
2767 3562 3038 3623 Pomlov
3084 3559 3360 3621 ascendit

668 3694 886 3736 versus
931 3678 1455 3756 septemtrionem
1506 3678 1693 3737 Petro
1744 3676 1871 3737 filio
1916 3677 2078 3737 Petri
2113 3677 2195 3737 de
2230 3677 2534 3738 Monozlo
2566 3686 2995 3736 conmetaneo
3043 3676 3366 3744 existente,

669 3787 902 3847 abhinc
948 3792 1081 3850 exit
1127 3808 1339 3850 versus
1385 3792 1698 3850 orientem
1746 3790 1828 3849 ad
1874 3790 2169 3850 arborem
2229 3792 2344 3869 piri
2409 3800 2580 3849 meta
2643 3798 2845 3849 terrea
2906 3787 3365 3855 circumfusam,

670 3900 779 3961 ubi
826 3913 1287 3963 conmetaneus
1334 3902 1636 3963 Nicolaus
1684 3902 2059 3983 Hungarus;
2136 3902 2283 3963 inde
2350 3903 2636 3963 ascendit
2683 3921 2797 3980 per
2841 3910 3134 3961 montem
3196 3900 3365 3959 iuxta

671 4017 886 4075 vineas
932 4015 1016 4076 ad
1062 4016 1357 4075 arborem
1404 4018 1521 4093 piri
1569 4024 1741 4075 meta
1787 4025 1990 4076 terrea
2037 4016 2498 4077 circumfusam.
2551 4015 2720 4075 Hinc
2767 4013 3161 4075 transeundo
3207 4014 3366 4071 viam

672 4128 1003 4189 descendit
1049 4148 1163 4206 per
1206 4128 1438 4188 vallem
1486 4129 1802 4201 silvosam,
1850 4128 2021 4188 cadit
2081 4131 2144 4189 in
2192 4128 2452 4189 fluvium
2516 4128 2832 4189 Peclenna
2896 4118 3224 4205 Symone'
3249 4123 3372 4184 filio

674 4241 888 4303 Lecha
934 4252 1362 4302 conmetaneo
1431 4244 1763 4315 existente,
1833 4262 1957 4323 que
2027 4245 2251 4302 transit
2297 4252 2360 4301 et
2407 4241 2694 4302 ascendit
2761 4260 2876 4319 per
2947 4249 3240 4300 montem
3288 4236 3366 4296 ad

670 4355 967 4415 arborem
1015 4355 1167 4416 ilicis
1212 4366 1275 4415 et
1322 4356 1406 4415 ad
1454 4358 1618 4415 viam
1668 4374 1791 4433 que
1838 4355 2010 4415 ducit
2059 4355 2142 4415 ad
2174 4354 2362 4415 aliam
2394 4355 2690 4414 arborem
2733 4354 2902 4425 ilicis,
2950 4362 3124 4412 meta
3173 4362 3370 4412 terrea

673 4468 1136 4541 circumfusam,
1206 4469 1289 4528 de
1335 4487 1461 4547 qua
1508 4488 1621 4547 per
1668 4468 1895 4529 vallem
1966 4468 2299 4529 descendit
2364 4486 2580 4528 versus
2641 4466 2973 4527 meridiem
3039 4462 3370 4543 Stephano

680 4580 987 4662 Hungaro
1034 4592 1463 4643 conmetaneo
1531 4584 1862 4653 existente,
1931 4581 2102 4641 cadit
2165 4584 2228 4641 in
2297 4581 2658 4659 predictum
2725 4578 2988 4640 fluvium
3059 4576 3374 4638 Peclenna

674 4712 787 4771 per
833 4712 1023 4772 quem
1072 4697 1299 4773 repetit
1345 4704 1583 4755 metam
1632 4695 1926 4772 priorem.
1998 4694 2069 4754 In
2117 4696 2293 4753 cuius
2354 4706 2516 4754 terre
2581 4693 2950 4754 collacionis
2999 4692 3376 4752 memoriam

674 4820 737 4866 et
784 4808 977 4866 robur
1024 4820 1402 4885 perpetuum
1452 4818 1776 4885 presentes
1838 4807 2133 4867 dedimus
2195 4806 2462 4885 duplicis
2524 4805 2705 4887 sigilli
2771 4808 2966 4865 nostri
3031 4804 3384 4865 munimine

678 4920 1028 4979 roboratas.
1078 4919 1314 4980 Datum
1362 4939 1476 4998 per
1508 4938 1734 4979 manus
1768 4920 2044 4999 magistri
2096 4919 2267 4978 Pauli
2303 4922 2604 4997 prepositi
2639 4918 2961 4985 Albensis,
2992 4918 3138 4977 aule
3171 4930 3384 4977 nostre

676 5032 1165 5092 vicecancellarii
1216 5032 1423 5092 dilecti
1474 5046 1537 5091 et
1587 5031 1785 5092 fidelis
1833 5036 2045 5091 nostri.
2093 5030 2290 5091 Anno
2338 5032 2580 5091 domini
2650 5031 2749 5091 31⁰
2799 5032 3248 5091 ducentesimo
3294 5050 3387 5089 se-
