3797 5795
1541 366 1910 429 -95-

365 556 594 615 militer
637 574 786 617 cum
819 574 1039 630 uxore,
1085 555 1224 617 filiis
1269 567 1335 618 et
1379 556 1644 631 filiabus,
1685 554 2018 617 Liubizlou
2064 574 2211 616 cum
2260 574 2461 616 uxore
2505 556 2788 617 similiter
2834 554 2973 615 filiis
3005 567 3069 616 et

362 667 642 741 filiabus;
712 670 864 730 item
933 669 1194 731 ancillas
1261 688 1408 731 suas
1474 668 1712 729 scilicet
1783 667 1978 749 Migla
2040 687 2187 728 cum
2269 668 2409 729 filiis
2469 680 2530 730 et
2594 667 2859 743 filiabus,
2919 670 3072 729 item

351 780 621 863 Jagoda,
669 781 932 843 Milihna
977 782 1166 862 Tupa
1205 792 1270 844 et
1301 782 1522 843 Pticha
1566 780 1850 843 similiter
1895 780 2143 842 filiabus
2188 783 2316 841 suis
2362 781 2667 844 donasset
2712 782 3071 856 antediem,

359 895 470 956 tali
516 906 734 955 tamen
796 894 1178 957 condicione
1239 896 1586 968 interserta,
1635 894 1812 973 quod
1857 896 1908 955 si
1954 894 2281 973 sepedicta
2343 896 2554 955 minor
2598 894 2725 956 filia
2771 914 2883 955 sua
2929 897 3065 957 sine

351 1006 571 1067 liberis
632 1008 759 1069 deo
819 1020 1092 1069 vocante
1162 1010 1541 1091 migrauerit‚
1602 1027 1748 1087 pars
1810 1026 1937 1087 que
1999 1010 2202 1087 ipsam
2265 1007 2348 1067 de
2396 1008 2579 1069 dictis
2628 1010 2959 1087 mancipiis
3006 1020 3069 1069 et

351 1120 600 1181 ancillis
656 1124 968 1201 contingit
1013 1122 1074 1181 in
1121 1122 1216 1183 ius
1262 1132 1326 1182 et
1371 1122 1823 1200 proprietatem
1897 1122 2153 1182 maioris
2214 1120 2337 1183 filie
2400 1140 2512 1182 sue
2578 1121 2865 1183 Mariane
2926 1141 3061 1183 me-

357 1244 606 1294 morate
668 1233 928 1295 deuolui
987 1234 1220 1294 debeat
1265 1234 1461 1313 pleno
1507 1236 1669 1307 iure;
1715 1252 1836 1295 nec
1883 1234 2008 1295 hoc
2052 1236 2591 1313 pretermittimus,
2646 1235 2883 1296 fructus
2929 1254 3069 1314 pre-

347 1345 510 1406 dicti
557 1348 758 1427 predii
803 1357 868 1408 et
913 1347 1249 1409 seruicium
1295 1347 1766 1409 antedictoru.n
1814 1348 2281 1426 mancipiorum
2314 1358 2379 1408 et
2412 1347 2779 1409 ancillarum
2828 1348 3058 1409 eadem

347 1458 622 1521 domina
687 1460 858 1521 Rosa
919 1461 1225 1540 percipiet
1286 1460 1681 1539 temporibus
1727 1479 1838 1521 sue
1887 1461 2028 1533 vite,
2076 1462 2211 1540 ipsa
2259 1480 2412 1521 uero
2460 1480 2495 1521 e
2542 1462 2758 1522 medio
2806 1461 3067 1523 feliciter

345 1572 624 1645 sublata,
654 1576 719 1633 in
751 1574 847 1635 ius
876 1584 940 1634 et
971 1575 1428 1652 proprietatem
1476 1572 1747 1635 filiarum
1793 1592 2050 1634 suarum
2097 1573 2605 1652 supradictarum
2639 1574 3065 1637 deuoluentur

351 1686 559 1747 modo
604 1698 669 1747 et
715 1686 937 1747 ordine
999 1688 1453 1766 suprascriptis.
1503 1685 1572 1747 In
1620 1689 1797 1747 cuius
1858 1688 1945 1746 rei
2002 1689 2380 1747 memoriam
2428 1698 2491 1747 et
2537 1698 2917 1765 perpetuam
2964 1687 3063 1748 fir-

345 1800 646 1861 mitatem
678 1799 763 1860 ad
795 1801 1186 1878 peticionem
1233 1800 1425 1878 ipsius
1471 1799 1735 1859 domine
1769 1799 1939 1859 Rose
1970 1810 2299 1878 presentes
2343 1799 2584 1861 litteras
2629 1802 3063 1862 concessimus

340 1911 534 1992 sigilli
581 1914 778 1973 nostri
827 1914 1179 1974 munimine
1225 1914 1572 1975 roboratas.
1622 1911 1865 1973 Datum
1912 1930 2086 1973 anno
2134 1911 2376 1972 domini
2442 1912 2780 1973 millesimo
2827 1912 3063 1973 ducen-

345 2026 584 2086 tesimo
631 2026 1164 2107 quinquagesimo
1225 2038 1476 2100 octau0,
1533 2035 1760 2105 quarto
1806 2044 2013 2086 nonas
2059 2026 2225 2099 iunii,
2273 2027 2575 2107 magistro
2624 2024 2915 2104 Philippo
2962 2044 3063 2085 cc-

341 2137 542 2199 clesie
588 2151 802 2199 nostre
847 2139 1072 2212 elect0‚
1103 2139 1246 2199 aule
1277 2141 1446 2219 regie
1493 2136 2030 2211 vicecancellari0‚
2074 2135 2388 2219 Gregorio
2420 2147 2699 2211 cantore,
2736 2136 3061 2199 Feliciano

341 2252 640 2325 custode,
685 2250 1038 2315 Ambrosio
1084 2252 1333 2313 decano
1387 2252 1826 2313 existentibus

536 2471 836 2545 Ortginal
891 2491 930 2527 u
978 2471 1066 2528 kr.
1119 2491 1218 2545 ug.
1267 2473 1393 2528 drz'.
1459 2470 1682 2529 arkivu
1753 2490 1794 2527 u
1857 2470 2250 2547 Budimperti
2293 2470 2379 2527 All.
2443 2470 2510 2527 O.
2564 2468 2645 2527 l).
2697 2469 2767 2527 L.
2824 2472 3055 2527 33.71·2-.

341 2611 430 2618 —
495 2578 684 2633 Stara
747 2577 1118 2650 signatura:
1183 2572 1275 2634 N.
1321 2577 1394 2632 R.
1441 2576 1515 2635 A.
1560 2578 1736 2653 fasc.
1789 2577 1959 2630 1502.
2010 2594 2105 2631 no.
2158 2578 2201 2630 1.
2260 2607 2343 2616 -
2388 2574 2497 2631 Na
2544 2573 2749 2631 listina·
2806 2575 2932 2631 visi
2975 2592 3061 2630 na

335 2682 754 2757 huto-modroj
808 2681 1072 2756 sm'lenoj
1111 2681 1286 2739 vrvci
1315 2686 1519 2757 pedat,
1569 2700 1652 2737 na
1705 2679 1898 2754 kojem
1946 2698 2011 2735 se·
2057 2698 2134 2735 ne
2181 2677 2465 2735 razabire
2512 2676 2783 2735 nikakav
2830 2676 3050 2736 otisak.

341 2820 426 2827 —
479 2786 588 2843 Na
633 2782 823 2862 hrptu
869 2784 1129 2861 biljerka
1177 2786 1313 2843 XV.
1361 2783 1566 2859 vg‘jeka
1622 2783 2001 2859 »Zapulyan

540 2891 782 2950 IVenzel
845 2890 988 2950 cod.
1053 2890 1200 2967 dipl.
1261 2890 1494 2966 Arpad.
1552 2899 1702 2948 cont.
1757 2887 1865 2944 XI.
1922 2890 2273 2946 453—454.
2343 2922 2423 2928 ——-
2488 2885 2863 2962 Kukuljevic‘
2900 2887 3051 2958 leeg.

341 3017 436 3054 κο.
503 3001 638 3053 754.

1611 3303 1803 3382 612.

343 3518 540 3594 1258,
587 3515 696 3581 26.
736 3515 946 3598 juna..
993 3514 1052 3579 U
1097 3511 1596 3580 Dubrovniku.

602 3705 938 3791 Uredjuje
981 3727 1052 3768 se
1096 3703 1422 3789 zemb'z‘s‘te
1459 3712 1693 3789 prema
1739 3702 1910 3776 brdu
1957 3701 2124 3765 radi
2163 3701 2566 3786 opc‘z‘nskoga
2608 3705 2800 3783 puta.

519 3897 560 3981 ’ἰ-
605 3897 803 3959 Anno
850 3898 1301 3959 incarnationis
1347 3897 1591 3957 domini
1641 3895 1980 3957 millesimo
2028 3894 2470 3955 ducentesimo
2519 3893 3050 3973 quinquagesimo

343 4023 600 4078 octauo,
647 4014 881 4072 mensis
927 4013 1075 4072 iunii
1124 4012 1349 4090 quinto
1396 4009 1500 4070 die
1544 4019 1811 4070 astante.
1861 4008 1998 4070 Nos
2046 4007 2303 4087 quidem
2345 4005 2624 4087 Jacobus
2672 4001 3051 4098 Cpntarinus

339 4144 570 4187 comes
617 4125 868 4207 Ragusii
918 4136 980 4186 et
1027 4126 1208 4185 iurati
1255 4123 1496 4185 iudices
1543 4122 1855 4183 Bubanna
1902 4121 2086 4194 Petri,
2132 4120 2407 4182 Michael
2456 4117 3048 4191 Pezane‚Dabrana

343 4238 697 4320 Lampridii
747 4248 809 4300 et
856 4235 1219 4317 Goyslauus
1263 4236 1590 4299 Theodori
1639 4233 1838 4298 Crosii
1893 4234 2018 4295 hoc
2066 4232 2241 4312 quod
2287 4252 2400 4312 per
2446 4233 2829 4293 sententiam
2894 4230 3049 4312 legis

341 4354 764 4416 iudicauimus
810 4362 1130 4412 testamur.
1180 4349 1411 4411 Nostra
1459 4351 1628 4410 enim
1675 4367 1893 4408 coram
1955 4349 2273 4426 presentia
2338 4344 2636 4409 Andreas
2682 4343 2883 4405 Zreue
2930 4362 3045 4422 pro

341 4466 607 4548 Vngara
638 4484 841 4527 uxore
872 4463 1173 4525 Domane
1218 4462 1499 4528 Guererii
1549 4462 1808 4523 uetabat
1858 4459 2129 4522 Vlcasso
2155 4459 2479 4539 Johannis,
2512 4477 2591 4519 ne
2625 4456 3046 4518 fundamenta

339 4578 680 4662 retinuat(!)
730 4581 790 4640 in
839 4578 1001 4652 Ιοσο,
1049 4578 1154 4638 ubi
1201 4573 1608 4659 sapaverat(!)
1657 4587 1838 4636 extra
1887 4592 2104 4634 muros
2150 4573 2418 4633 ciuitatis
2452 4571 2724 4652 Ragusii‚
2771 4572 2925 4648 quia
2975 4569 3037 4627 in

339 4692 578 4772 placito
624 4711 773 4753 cum
822 4691 1091 4754 Vlcasso
1137 4710 1206 4751 se
1254 4691 1501 4750 mittere
1533 4707 1663 4748 non
1696 4698 1951 4767 poterat
1996 4689 2132 4747 sine
2177 4684 2548 4747 Dommana
2594 4684 2731 4744 uiro
2778 4699 2894 4742 suo
2945 4699 3041 4740 se-

342 4806 627 4867 cundum
674 4825 856 4868 usum
905 4805 1180 4887 Ragusii.
1220 4803 1493 4865 Dicebat
1523 4803 1695 4862 enim
1727 4799 2025 4862 Andreas
2056 4819 2173 4879 pro
2208 4799 2485 4880 Ungara‚
2516 4795 2692 4877 quod
2740 4794 3044 4858 Vlcassus

343 4918 853 5000 apprehenderat
900 4917 982 4979 de
1028 4929 1278 4978 terreno
1323 4915 1694 4977 Dommane
1756 4915 1866 4974 uiri
1914 4914 2026 4974 sui.
2092 4911 2175 4973 Et
2222 4911 2490 4972 Petrana
2536 4909 2617 4969 de
2668 4907 2887 4969 Dabro
2932 4905 3045 4966 ad-

344 5044 610 5094 uocatus
669 5033 1031 5093 communis
1092 5030 1366 5112 Ragusii,
1425 5047 1543 5108 pro
1589 5028 1916 5087 communi
1965 5027 2219 5106 Ragusii
2266 5024 2428 5085 dixit
2478 5023 2539 5084 V
2545 5022 2776 5082 lcasso:
2823 5019 3042 5079 labora
