3797 5795
1879 364 2248 427 „94-

712 561 1002 613 catorum
1067 554 1150 614 de
1210 564 1534 615 conuentu
1572 553 1779 633 Jadre‚
1823 572 1900 613 ac
1946 556 2153 635 priore
2198 554 2482 633 ospitalis
2526 557 2728 616 sancti
2777 554 3032 615 Martini
3080 553 3162 615 de
3206 552 3425 633 Jadra‚

711 664 1031 725 nobilibus
1090 667 1232 726 viris
1293 667 1540 743 Petrico
1586 666 1668 727 de
1715 665 1925 739 Forte,
1970 686 2046 727 ac
2095 667 2287 728 Pasca
2334 667 2417 728 de
2466 666 2799 729 Varicassa
2847 682 2911 727 et
2956 665 3091 727 aliis
3137 685 3223 727 ex
3268 685 3420 746 pre-

709 789 901 858 cepto
946 779 1320 841 venerabilis
1379 781 1574 859 patris
1636 779 1877 840 domini
1928 778 2251 842 Laurentii
2300 779 2401 841 dei
2448 782 2659 862 gracia
2698 779 2888 859 Jadre
2933 779 3427 859 archiepiscopi,

709 902 778 951 ut
840 894 902 951 in
965 891 1201 953 eodem
1261 892 1546 974 originali
1609 892 1734 953 uidi
1800 903 1861 954 et
1911 893 2034 974 legi
2078 892 2163 954 de
2227 893 2427 954 uerbo
2492 892 2575 953 ad
2638 892 2904 953 uerbum
2968 891 3238 953 fideliter
3304 911 3427 953 ex-

709 1004 1007 1084 emplaui,
1071 1004 1258 1067 nichil
1306 1005 1552 1066 addens
1598 1006 1701 1066 uel
1749 1008 2061 1082 minuenS,
2105 1005 2282 1087 quod
2350 1008 2744 1067 sentenciam
2791 1014 2994 1065 mutet
3040 1024 3149 1065 seu
3198 1006 3426 1074 nai-iet,

707 1121 944 1198 scripsi,
989 1118 1283 1179 roboraui
1332 1128 1394 1179 et
1439 1120 1624 1199 signo
1683 1126 1999 1179 consueto
2058 1121 2319 1201 signaui.
2368 1116 2503 1181 Cui-
2528 1118 2860 1199 priuilegio
2927 1118 3250 1197 predictus
3297 1117 3423 1177 do·

707 1233 920 1292 minus
981 1230 1362 1293 Laurentius
1416 1231 1734 1311 Jadrensis
1793 1231 2323 1311 archiepiscopu3‚
2369 1234 2541 1312 prior
2604 1232 2867 1292 fratrum
2916 1232 3425 1302 Predicatorum‚

709 1354 926 1405 custos
971 1342 1234 1405 fratrum
1282 1345 1598 1404 minorum
1647 1344 1730 1405 de
1769 1343 1981 1424 Jadra,
2027 1344 2230 1405 abbas
2274 1346 2477 1405 sancti
2523 1342 2876 1425 Crisogoni,
2921 1346 3284 1405 comunitas
3330 1345 3421 1403 ci-

711 1458 921 1518 uitatis
973 1457 1164 1538 Jadre
1223 1457 1422 1539 sigilla
1481 1476 1596 1517 sua
1642 1457 2074 1537 dependentia
2139 1457 2421 1519 fecerunt
2482 1461 2719 1537 apponi
2768 1456 2853 1518 ad
2900 1460 2984 1517 rei
3032 1467 3419 1536 perpetuam

711 1570 1098 1632 firmitatem.

897 1764 1197 1838 Original
1237 1784 1277 1821 u
1323 1762 1548 1821 arkivu
1586 1764 1846 1837 gubern.
1902 1784 1941 1821 u
1992 1766 2205 1821 Zadru
2240 1766 2406 1833 (edio
2436 1784 2590 1821 sam.
2625 1783 2715 1823 sz'.
2752 1764 2984 1821 Kuzme
3015 1764 3042 1820 z·
3070 1764 3421 1829 Damiana,

696 1871 875 1945 fasc.
923 1868 1044 1926 III.
1095 1888 1189 1925 no.
1245 1870 1348 1937 6.).

883 1972 990 2030 Na
1037 1972 1241 2029 listina·
1281 1973 1412 2029 vise
1457 1972 1732 2030 koneane
1778 1974 1947 2030 uzice
1989 1992 2063 2029 za
2114 1978 2148 2025 5
2190 1978 2429 2048 pamla,
2477 1972 2606 2047 kqji
2646 1992 2720 2029 sn
2757 1974 2999 2049 otpali.·
3040 1974 3063 2030 1
3068 1973 3182 2028 'idi
3210 1971 3297 2029 Il.
3324 1991 3418 2029 π’.

709 2097 902 2151 ovoga
947 2076 1240 2134 zbornika
1285 2086 1392 2134 str.
1449 2082 1578 2135 106.
1625 2077 1711 2133 br.
1769 2081 1898 2137 100.

1972 2368 2163 2447 611.

714 2560 906 2640 1258,
953 2562 1014 2625 2.
1057 2559 1263 2642 iuna.
1310 2560 1370 2627 U
1415 2558 1745 2627 Stolnom
1790 2559 2182 2643 Bioqradu.

715 2751 906 2815 Pred
947 2749 1282 2834 kaptolom
1344 2749 2053 2836 stoln0·bz‘0gradskim
2100 2751 2284 2813 Rosa
2346 2750 2567 2813 udova
2631 2757 2900 2833 §upana
2946 2750 3283 2812 Detmara
3332 2750 3427 2812 od

707 2865 1019 2949 plemena
1096 2862 1511 2927 Borz‘C-bana
1587 2864 1834 2949 daruje
1912 2865 2068 2950 svoj
2132 2864 2375 2950 posy’ed
2447 2865 2729 2950 Zapogje
2802 2862 3044 2948 svojim
3122 2860 3419 2926 kden'ma

1684 2977 2017 3062 Marjjam‘
2055 2976 2089 3039 ι’
2127 2977 2455 3041 Martini.

893 3168 1256 3250 Capitulum
1321 3169 1626 3231 Albensis
1686 3169 1951 3230 ecclesie
2013 3173 2313 3231 vniuersis
2374 3169 2602 3234 Christi
2664 3169 2956 3231 fidelibus
3014 3169 3418 3249 presentibus

717 3285 951 3362 pariter
996 3294 1059 3343 et
1105 3282 1324 3344 suturis
1368 3284 1768 3361 presencium
1815 3284 2120 3343 noticiam
2165 3282 2471 3344 habituris
2531 3284 2802 3345 salutem
2855 3286 2919 3343 in
2966 3303 3045 3344 eo
3094 3285 3197 3361 qui
3248 3281 3419 3342 salus

718 3405 814 3456 est
861 3398 1167 3456 omnium.
1200 3393 1308 3456 Ad
1340 3396 1762 3456 uniuersitatis
1806 3406 2016 3457 uestre
2064 3399 2362 3458 noticiam
2412 3408 2633 3458 tenore
2679 3399 3079 3476 presencium
3120 3395 3420 3455 uolumus

717 3510 1066 3588 peruenire,
1112 3507 1292 3588 quod
1337 3510 1680 3568 constituta
1727 3526 1945 3569 coram
1994 3509 2180 3570 nobis
2224 3510 2641 3588 personaliter
2686 3510 2949 3570 domina
2997 3509 3169 3570 Rosa
3201 3507 3419 3568 relicta

720 3622 972 3682 comitis
1031 3620 1321 3683 Detmari
1366 3621 1448 3682 de
1493 3639 1728 3702 genere
1788 3621 2015 3683 Borich
2078 3623 2227 3683 bani
2289 3626 2623 3702 proposuit
2682 3625 2829 3684 uiua
2876 3641 3055 3694 uoce,
3101 3620 3278 3700 quod
3324 3620 3419 3680 di-

721 3734 984 3794 midiam
1029 3744 1278 3813 partem
1323 3733 1524 3812 predii
1561 3736 1653 3794 sui
1690 3736 1951 3794 nomine
1998 3735 2252 3814 Zapola,
2298 3735 2476 3816 quod
2507 3757 2545 3796 a
2576 3735 2809 3808 Odola‚
2856 3733 3063 3799 Chalk
3092 3747 3157 3795 et
3189 3732 3415 3794 Borich

721 3846 860 3907 filiis
906 3847 1152 3919 Borich,
1191 3850 1478 3928 cognatis
1509 3850 1716 3908 mariti
1745 3849 1839 3908 sui
1872 3849 2125 3908 comitis
2162 3847 2495 3909 Dethmari
2533 3848 2834 3909 antedicti
2867 3849 2929 3909 in
2963 3846 3415 3909 concambium

720 3959 1049 4020 cuiusdam
1097 3961 1296 4038 predii
1342 3962 1434 4021 sui
1483 3962 1744 4020 nomine
1789 3959 2087 4041 Golgoha
2132 3961 2247 4021 sibi
2299 3961 2553 4021 dicebat
2591 3964 2976 4039 prouenisse,
3024 3961 3246 4020 maiori
3294 3957 3417 4018 filie

719 4093 833 4134 sue
877 4074 1137 4133 nomine
1185 4071 1485 4144 Matiane,
1529 4075 1710 4132 uxori
1742 4070 1999 4133 Thome
2028 4072 2135 4133 filii
2167 4071 2453 4152 Chepani
2498 4073 2867 4134 contulisset
2913 4083 3225 4151 perpetuo
3270 4089 3414 4150 pos-

721 4185 1076 4258 sidendam,
1121 4186 1309 4246 aliam
1357 4184 1688 4245 dimidiam
1734 4197 1983 4264 partem
2032 4165 2259 4246 minori
2304 4185 2429 4247 filie
2459 4204 2571 4246 sue
2602 4188 2865 4246 nomine
2910 4185 3185 4246 Martine
3232 4183 3414 4244 uxori

721 4297 1074 4362 Alexandri
1123 4297 1229 4358 filii
1277 4298 1498 4359 Petrus
1544 4297 1845 4359 donasset
1893 4298 2001 4358 tali
2047 4298 2264 4372 mod0‚
2311 4298 2487 4378 quod
2520 4301 2571 4359 si
2602 4298 2771 4360 dicta
2818 4297 2943 4359 filia
2987 4317 3102 4359 sua
3146 4295 3411 4357 heredes

723 4411 1030 4485 habuerit,
1092 4411 1376 4472 similiter
1418 4421 1730 4490 perpetuo
1776 4410 2011 4471 debeat
2056 4411 2398 4490 possidere,
2444 4412 2494 4472 si
2542 4431 2694 4473 uero
2740 4414 2876 4472 sine
2922 4411 3264 4472 heredibus
3308 4409 3415 4469 de-

721 4527 995 4598 cesserit,
1039 4535 1277 4585 extunc
1321 4543 1438 4603 pro
1483 4525 1698 4584 anima
1742 4525 1937 4602 ipsius
1983 4524 2245 4584 domine
2277 4525 2445 4585 Rose
2493 4536 2556 4585 et
2602 4523 2726 4586 filie
2772 4544 2884 4586 sue
2924 4524 3200 4586 Martine
3245 4533 3415 4584 ante-

720 4637 892 4699 dicte
936 4637 1201 4699 ecclesie
1247 4639 1310 4698 in
1356 4638 1533 4697 cuius
1577 4637 1912 4715 cymiterio
1957 4637 2203 4716 sepulte
2262 4637 2508 4712 fuerint,
2553 4639 2933 4711 conferatur,
2980 4639 3181 4697 maior
3226 4633 3419 4696 nichi-

721 4750 999 4812 lominus
1045 4749 1170 4812 filia
1217 4769 1330 4811 sua
1375 4749 1740 4829 supradicta
1800 4749 2066 4810 liberam
2111 4752 2161 4811 si
2210 4749 2478 4811 uoluerit
2523 4753 2607 4812 ab
2654 4753 2787 4829 ipsa
2832 4748 3099 4811 ecclesia
3161 4747 3420 4808 habebit

721 4863 1076 4925 redimendi
1139 4863 1524 4924 facultatem.
1575 4863 1738 4924 Item
1797 4863 2017 4923 omnia
2082 4865 2399 4942 mancipia
2460 4883 2573 4924 sua
2632 4863 2927 4924 videlicet
2990 4861 3213 4923 Rodus
3272 4878 3417 4921 cum

722 4995 944 5048 uxore,
991 4975 1131 5037 filiis
1177 4987 1241 5036 et
1285 4974 1549 5050 filiabus,
1594 4974 1869 5038 Tolihna
1932 4995 2079 5036 cum
2142 4995 2359 5049 uxore,
2405 4976 2545 5038 filiis
2592 4989 2656 5038 et
2715 4976 2981 5048 filiabuS‚
3027 4973 3210 5038 Gurk
3273 4991 3421 5034 cum

721 5108 943 5162 uxore,
987 5088 1127 5150 filiis
1172 5099 1236 5149 et
1268 5087 1532 5162 filiabuS‚
1581 5088 1892 5150 Bratizlou
1938 5107 2085 5150 cum
2132 5109 2353 5162 uxore,
2398 5087 2537 5150 filiis
2582 5102 2646 5150 et
2691 5089 2957 5162 filiabuS‚
2996 5087 3301 5150 Milbrath
3345 5088 3421 5146 si-
