3797 5795
1886 386 2153 450 —604
2225 422 2295 429 —-

740 578 1034 651 tinerent,
1064 596 1149 638 ex
1180 576 1454 638 aduerso
1502 576 1696 638 iidem
1732 572 1884 660 [filii]
1921 580 2201 659 magistri
2235 576 2584 657 Stephonis
2616 578 3080 656 respondentes
3127 578 3449 653 dixerunt,

743 688 921 768 quod
969 685 1151 773 [ipsa]
1199 689 1507 769 particula
1553 700 1716 751 terre
1761 708 1986 751 eorum
2032 700 2199 751 esset
2245 692 2546 769 empticia
2591 700 2656 751 et
2701 691 2884 751 titulo
2929 694 3292 771 empcionis
3330 693 3450 771 pri-

741 802 973 882 uilegio
1019 804 1183 884 regis
1230 802 1379 864 Bele
1424 804 1621 865 felicis
1664 802 2136 864 recordacionis
2179 803 2600 882 possiderant,
2631 806 2738 879 qui
2769 804 2834 863 in
2865 806 3144 866 termino
3191 804 3276 865 ad
3325 804 3446 865 hoc

744 918 1067 996 assignato
1111 918 1321 995 ipsum
1367 917 1769 998 priuilegium
1814 926 2184 979 statuerunt.
2231 916 2496 978 Etcum
2527 914 2876 999 eundem(!)
2920 918 3324 997 priuilegium
3371 916 3452 978 de

744 1028 944 1089 uerbo
988 1028 1073 1090 ad
1116 1028 1387 1090 uerbum
1432 1041 1496 1091 et
1540 1049 1657 1109 per
1704 1024 1956 1113 [metas]
1990 1048 2066 1089 ac
2097 1029 2548 1090 distincciones
2591 1030 2828 1109 perlegi
2875 1029 3194 1103 fecissent,
3241 1032 3444 1108 ipsam

741 1141 1115 1220 particulam
1162 1152 1327 1203 terre
1365 1137 1726 1226 incl[u]sam
1774 1144 2136 1203 inuenimus
2183 1144 2345 1203 intra
2394 1151 2599 1202 metas
2644 1150 2810 1202 terre
2855 1140 3130 1203 filiorum
3169 1144 3446 1223 magistri

743 1251 1093 1333 Stepkonis
1162 1254 1598 1334 predictorum
1666 1265 1731 1315 et
1796 1257 2002 1315 eciam
2069 1258 2275 1333 patuit
2344 1255 2532 1316 nobis
2597 1257 2660 1315 in
2731 1255 3062 1337 priuilegio
3143 1254 3448 1333 Ladizlay

742 1366 1076 1447 quondam
1126 1367 1291 1442 bani,
1336 1367 1514 1447 quod
1562 1367 1756 1428 iidem
1804 1363 2204 1451 Blynen[ses]
2275 1379 2566 1429 tenorem
2612 1370 2808 1447 ipsius
2853 1368 3160 1451 priuilegii
3207 1367 3451 1428 domini

742 1482 907 1561 regis
968 1498 1099 1540 non
1159 1480 1671 1541 contradicentes
1730 1482 1795 1541 in
1858 1480 2076 1561 aliquo
2137 1483 2521 1542 unanimiter
2565 1480 2950 1542 ratificantes
2993 1482 3448 1561 approbarunt.

742 1592 941 1654 Vnde
987 1612 1106 1653 nos
1150 1612 1276 1655 una
1344 1612 1493 1654 cum
1562 1594 1881 1655 nobilibus
1949 1597 2125 1677 regni
2195 1613 2468 1674 quorum
2531 1595 2876 1656 multitudo
2920 1594 3144 1656 aderat
3191 1596 3452 1674 copiosa

742 1704 1170 1779 decernendO,
1230 1708 1431 1786 ipsam
1495 1707 1871 1786 particulam
1932 1717 2095 1768 terre
2141 1708 2510 1788 reliquimus
2563 1706 2782 1768 Endre
2827 1716 2890 1767 et
2930 1705 3194 1786 Jwanus
3237 1726 3450 1785 supra-

742 1817 929 1879 dictis
958 1820 1093 1880 iure
1124 1830 1436 1899 perpetuo
1482 1819 1964 1899 possidendam,
2008 1820 2310 1900 predictis
2353 1831 2570 1881 autem
2617 1820 3044 1898 Blynensibus
3087 1838 3284 1898 super
3319 1822 3450 1899 ipsa

738 1932 1051 2011 particula
1095 1943 1259 1993 terre
1303 1933 1633 1995 silencium
1680 1935 2101 2011 imponentes,
2153 1932 2224 1993 In
2271 1935 2450 1995 cuius
2480 1934 2568 1995 rei
2600 1928 3088 2017 testim[onium]
3125 1943 3448 2012 presentes

740 2044 1129 2106 contulimus
1202 2045 1382 2127 sigilli
1460 2047 1658 2106 nostri
1740 2047 2092 2107 munimine
2172 2041 2573 2129 [roboratas].
2647 2046 2888 2108 Datum
2968 2040 3334 2129 Zag[ra]bie
3394 2046 3452 2104 in

740 2156 1083 2235 quindenis
1128 2161 1327 2219 sancti
1374 2160 1539 2239 regis
1583 2157 1912 2237 Stephani,
1956 2177 2130 2220 anno
2178 2159 2434 2231 domini¹
2475 2157 2742 2222 M⁰CC⁰
2759 2156 2977 2220 LXX⁰
3021 2159 3254 2236 primo.

926 2376 1225 2450 Original
1276 2377 1453 2433 dosta
1514 2380 1728 2435 troffan
1778 2396 1819 2434 u
1866 2376 1956 2435 kr.
2005 2396 2104 2452 ug.
2155 2378 2281 2435 dri.
2327 2376 2556 2435 arkivu
2615 2396 2656 2435 u
2701 2378 2980 2435 Badimu
3027 2376 3170 2434 DL.
3221 2378 3452 2433 35.83:2.

742 2480 951 2553 (biv-fa
994 2479 1209 2537 zbirka
1252 2480 1323 2539 K
1315 2479 1739 2557 ukuljevideva
1744 2484 1790 2547 ).
1840 2514 1924 2524 --·
1969 2482 2078 2539 Na
2124 2483 2331 2539 lzzvtini
2355 2482 2486 2539 visi
2511 2481 2752 2539 wilena
2795 2501 2988 2539 vrvca
3013 2482 3220 2557 jano
3239 2500 3454 2538 crvene

741 2584 876 2659 boje
890 2606 914 2653 ,·
949 2589 1176 2661 pedata
1218 2586 1351 2643 υἱέε
1396 2605 1597 2644 nema.
1646 2620 1733 2627 —
1777 2586 1885 2643 Na
1931 2586 2114 2663 hrptu
2176 2585 2439 2663 biljes'ka
2489 2587 2656 2644 XIV.
2701 2586 2906 2662 vijeka
2926 2608 2947 2643 .·
3018 2586 3452 2663 »priuilegium

745 2688 1042 2767 Stepkom'
1066 2708 1415 2747 concessum
1447 2698 1637 2767 super
1663 2692 1936 2767 quadam
1957 2690 2282 2766 particula
2312 2691 2481 2747 vltra
2513 2690 2751 2747 Zauam
2783 2690 3062 2766 inferius
3091 2699 3448 2766 expressa«.

918 2793 1293 2870 Kukuljevic'
1332 2794 1485 2868 Reg.
1536 2814 1629 2852 no.
1688 2797 1854 2851 1042.

2039 3103 2176 3184 54.

746 3244 944 3324 1271,
989 3246 1093 3310 12.
1139 3241 1583 3327 septembra.
1630 3243 1690 3308 U
1734 3242 1966 3310 Krku.

746 3432 995 3517 Spreza
1041 3434 1125 3496 de
1168 3432 1539 3497 Domz'm'co
1591 3433 1994 3519 potvrdy'uyie
2055 3433 2212 3518 svcy'
2267 3439 2674 3497 testamenat
2733 3433 3016 3518 ud‘injen
3053 3435 3217 3519 god.
3269 3437 3447 3498 1271.

744 3549 850 3608 16.
882 3545 1223 3631 februum
1249 3555 1338 3632 po
1370 3546 1700 3610 Martz‘nu
1748 3548 1828 3610 de
1874 3545 2158 3624 Brixia,
2208 3570 2252 3610 a
2298 3547 2544 3630 dodaje
2569 3547 2691 3633 jos‘
2729 3547 2895 3611 neke
2940 3568 3108 3610 nove
3155 3546 3443 3610 odredbe.

918 3737 1121 3801 Anno
1167 3739 1413 3800 domini
1460 3739 1797 3800 millesimo
1842 3738 2288 3799 ducentesimo
2333 3741 2808 3821 septuagesimo
2839 3743 3064 3820 primo,
3109 3741 3448 3800 indictione

747 3863 973 3928 quarta
1034 3851 1303 3926 decima,
1364 3871 1586 3913 mense
1645 3851 2012 3929 septembri,
2074 3850 2178 3911 die
2240 3851 2626 3913 duodecima
2692 3855 2980 3926 intrante,
3047 3851 3328 3932 Sprecca
3371 3851 3448 3911 de

746 3959 1199 4047 D(omi)n[ico]
1251 4013 1263 4024 .
1313 4014 1325 4025 .
1372 4013 1385 4024 .
1430 3983 1554 4026 xus
1612 3966 1897 4042 corporis
1957 3959 2323 4023 infirmitate
2384 3962 2700 4038 detentuS,
2760 3983 2914 4024 sana
2959 3976 3176 4026 tamen
3243 3975 3448 4026 mente

746 4087 811 4138 et
854 4079 919 4138 in
965 4078 1143 4137 bona
1212 4079 1521 4138 memoria
1586 4087 1758 4137 recte
1818 4096 1896 4137 ac
1963 4075 2418 4136 memorialiter
2487 4075 2774 4154 loquenS,
2842 4096 2955 4156 per
3000 4077 3125 4138 hoc
3194 4095 3450 4158 presens

744 4193 1051 4271 scriptum
1114 4183 1465 4273 lau[dau]it,
1523 4189 1944 4262 confirmauit,
2005 4187 2383 4271 gratificauit
2442 4200 2506 4249 et
2567 4193 2925 4269 acceptauit
2993 4201 3444 4252 testamentum

746 4321 935 4364 suum
981 4303 1224 4363 sactum
1270 4321 1383 4380 per
1430 4305 1799 4383 magistrum
1848 4301 2199 4364 Mai-tinum
2249 4305 2564 4363 notarium
2599 4302 2683 4363 de
2716 4303 2930 4364 Brixia
2959 4317 3254 4365 currente
3283 4321 3448 4363 anno

748 4413 992 4477 domini
1065 4415 1405 4476 millesimo
1470 4415 1912 4476 ducentesimo
1988 4417 2463 4497 septuagesimo
2529 4417 2740 4494 primo
2809 4416 3156 4478 indictione
3232 4425 3448 4495 quarta

748 4526 1018 4602 decima,
1048 4547 1271 4590 mense
1316 4529 1629 4602 februarii,
1658 4528 1762 4588 die
1795 4530 1982 4589 tertio
2028 4529 2284 4589 decimo
2329 4539 2627 4603 exeunte,
2671 4529 2892 4590 dicens
2923 4539 2987 4590 et
3019 4529 3266 4590 uollens
3299 4527 3446 4589 illud

748 4651 812 4700 et
861 4642 1165 4721 quicquid
1212 4641 1469 4702 inferius
1515 4644 1877 4702 continetur
1923 4661 2062 4702 esse
2107 4659 2294 4703 suum
2341 4641 2636 4702 ultimum
2686 4651 3141 4703 testamentum
3177 4651 3242 4704 et
3271 4659 3446 4702 suam

750 4754 1041 4815 ultimam
1088 4755 1487 4816 uoluntatem
1534 4765 1597 4816 et
1646 4755 1823 4835 quod
1869 4755 2125 4816 ualeant
2172 4765 2234 4814 et
2283 4754 2494 4815 ualere
2540 4758 2789 4833 possint
2835 4757 2967 4817 iure
3015 4755 3214 4815 ultimi
3265 4763 3446 4814 testa-

750 4869 949 4928 menti
1011 4877 1075 4929 et
1136 4867 1359 4929 ultime
1425 4867 1787 4929 uoluntatis
1853 4867 2120 4946 Insuper
2185 4865 2415 4927 adiecit
2479 4877 2543 4926 et
2588 4867 2879 4928 adiunxit
2949 4870 3124 4928 iuxta
3192 4866 3343 4928 illud
3387 4875 3447 4925 et

750 4983 1034 5059 precepit
1078 4981 1214 5042 dari
1260 4982 1541 5060 capitulo
1592 4981 1915 5062 Vegliensi
1961 4979 2248 5040 medium
2295 4975 2778 5064 rom[anatum],
2825 4980 3060 5041 deinde
3104 4979 3444 5058 presbitero

752 5090 1091 5155 Mansredo
1138 5094 1378 5156 solidos
1424 5095 1670 5168 decem,
1716 5093 1950 5154 deinde
1997 5092 2387 5152 monasterio
2435 5095 2638 5154 sancti
2687 5091 3028 5168 Michaelis,
3068 5093 3444 5154 monasterio
