3797 5795
1576 399 1986 462 ——403—

418 597 653 657 iudicis
713 597 979 656 civitatis
1039 604 1242 655 astare
1303 604 1657 664 teneantur,
1718 590 1895 669 quod
1942 591 1991 650 si
2039 588 2235 650 iudex
2295 597 2624 666 suspectus
2685 584 3020 645 habebitur
3066 592 3130 642 et

420 720 606 770 actor
660 710 1007 790 legitimam
1056 725 1315 768 causam
1361 705 1781 766 recusacionis
1826 702 2208 784 allegaverit,
2238 700 2608 761 convocatis
2653 697 2953 758 omnibus
3000 715 3132 756 ma-

426 823 665 882 ioribus
732 822 1016 894 civitatiS,
1061 822 1201 899 ipso
1268 819 1472 880 iudice
1543 828 1855 898 presente,
1926 817 2266 898 negocium
2335 812 2680 884 decidatur,
2728 810 2809 870 de
2857 828 3129 888 quorum

424 937 768 1007 sentencia,
813 937 863 994 si
908 933 1119 994 adhuc
1166 934 1559 1018 contingeret
1608 931 1881 992 dubitari
1915 941 1977 990 et
2009 939 2186 990 actor
2233 928 2633 1006 importunus
2678 943 2790 985 eos
2836 923 2919 983 ad
2966 924 3129 1003 regis

420 1048 709 1108 citaverit
755 1049 1168 1126 presenciam,
1208 1046 1380 1106 solus
1426 1046 1621 1106 iudex
1666 1063 1784 1124 pro
1828 1042 1964 1104 aliis
2009 1041 2309 1102 omnibus
2341 1039 2424 1100 ad
2455 1057 2672 1120 regern
2705 1039 2791 1098 ire
2823 1044 3127 1097 teneatur.

428 1161 683 1222 Eodem
732 1161 931 1221 modo
978 1179 1096 1240 pro
1143 1178 1549 1237 quacumque
1597 1176 1785 1218 causa
1832 1156 2106 1218 iudicem
2169 1155 2435 1214 civitatis
2479 1162 2543 1212 et
2589 1154 2772 1224 civeS,
2817 1148 2917 1208 vel
2963 1149 3130 1208 cives

424 1274 601 1335 solos
646 1273 729 1334 ad
774 1276 936 1354 regis
982 1275 1381 1352 presenciam
1443 1273 1583 1350 quis
1644 1271 1879 1343 citaret,
1927 1287 2058 1328 non
2105 1277 2355 1328 tenetur
2403 1269 2507 1338 ire,
2554 1266 2669 1324 nisi
2716 1262 2887 1324 solus
2933 1260 3128 1322 iudex

420 1389 708 1448 civitatis.
772 1386 852 1447 Et
914 1389 962 1446 si
1025 1387 1250 1465 aliquis
1310 1385 1587 1464 aliquem
1651 1386 1852 1444 civem
1919 1382 2018 1443 vel
2079 1385 2246 1442 cives
2293 1399 2423 1440 non
2472 1381 2794 1454 requirens
2857 1385 3046 1436 antea
3092 1393 3129 1433 a

428 1501 633 1561 iudice
694 1501 960 1560 civitatis
1027 1501 1338 1560 iusticiam
1404 1497 1519 1558 sibi
1582 1497 1732 1570 fieri,
1778 1496 1862 1557 ad
1909 1514 2124 1577 regem
2188 1494 2488 1566 citaverit,
2534 1511 2650 1571 pro
2712 1491 2819 1550 illo
2866 1488 2965 1549 vel
3013 1487 3128 1549 illis

428 1615 623 1675 iudex
669 1616 755 1674 ire
804 1613 1119 1673 tenebitur
1166 1624 1229 1673 et
1277 1615 1331 1672 ei
1380 1614 1607 1672 citator
1652 1610 1950 1671 refundet
2019 1627 2353 1688 expensaS,
2399 1626 2480 1666 eo
2528 1604 2706 1684 quod
2754 1611 3129 1680 contempta

422 1729 801 1788 auctoritate
848 1727 1074 1808 regalis
1118 1725 1416 1806 privilegii
1452 1725 1567 1784 sibi
1601 1724 1855 1805 cogniti,
1888 1723 2241 1800 irrequisito
2286 1721 2491 1781 iudice
2537 1719 2802 1779 civitatis
2847 1716 3127 1796 fatigavit

425 1859 579 1900 eum
647 1841 872 1901 frustra
944 1839 1269 1901 laboribus
1338 1849 1402 1898 et
1468 1838 1781 1916 expensis
1854 1834 2039 1900 Cives
2105 1845 2322 1895 autem
2391 1833 2652 1893 liberam
2717 1831 2954 1890 habent
3015 1845 3126 1888 un-

422 1953 790 2032 decumque
850 1953 1162 2013 voluerint
1225 1951 1501 2032 eligendi
1562 1950 1932 2011 facultatem
1995 1949 2268 2009 iudicem
2332 1947 2597 2007 civitatis
2643 1945 2830 2004 nobis
2872 1959 3128 2022 presen-

426 2064 693 2126 tandum
740 2076 805 2125 et
855 2065 1143 2126 mutandi
1192 2064 1472 2125 eundem
1518 2065 1848 2124 annuatim
1894 2082 2012 2141 pro
2059 2080 2170 2123 sue
2215 2061 2475 2120 arbitrio
2523 2057 2877 2119 voluntatis.
2939 2055 3128 2128 Sane,

421 2181 472 2238 si
523 2179 663 2258 quis
708 2179 771 2238 in
821 2178 1138 2238 calumnia
1196 2177 1295 2238 vel
1356 2177 1516 2237 falso
1576 2178 1947 2238 testimonio
2011 2175 2343 2235 manifeste
2405 2173 2732 2234 convictus
2799 2172 2980 2232 fuerit
3027 2170 3126 2230 vel

428 2291 636 2351 eciam
686 2291 1137 2370 deprehenSUS,
1183 2310 1304 2351 nec
1348 2292 1411 2350 in
1461 2291 1732 2351 iudicem
1782 2290 1878 2350 vel
1926 2291 2059 2350 eius
2104 2305 2494 2348 assossorem
2540 2305 2652 2347 seu
2697 2283 3120 2346 consiliarium

432 2403 733 2482 deinceps
793 2403 1179 2465 admittatur.
1252 2403 1434 2478 Item,
1479 2405 1527 2464 si
1576 2406 1714 2483 quis
1762 2402 1844 2462 de
1889 2403 2140 2462 civitate
2187 2403 2320 2461 sine
2365 2398 2600 2459 herede
2645 2398 3000 2470 decesserit,
3045 2396 3126 2458 de

430 2517 617 2578 rebus
663 2518 788 2576 suis
836 2517 1177 2576 mobilibus
1222 2517 1486 2578 liberam
1533 2516 1765 2577 habeat
1826 2514 2208 2594 disponendi
2271 2515 2648 2590 cuicumque
2709 2509 2975 2571 voluerit
3036 2512 3125 2572 fa-

421 2629 750 2702 cultatem,
796 2649 893 2690 res
952 2650 1104 2690 vero
1166 2631 1543 2704 immobiles,
1610 2630 1859 2704 domos,
1921 2630 2178 2704 curiam,
2237 2630 2469 2698 vineas
2531 2640 2727 2690 terras
2771 2641 2834 2690 et
2880 2629 3126 2690 edificia

424 2763 681 2804 suorum
733 2745 1092 2803 concivium
1140 2742 1359 2804 habito
1392 2743 1656 2804 consilio
1703 2745 1885 2804 uxori
1921 2761 2032 2802 sue
2065 2741 2161 2802 vel
2193 2742 2377 2802 alicui
2409 2753 2830 2823 cognatorum
2865 2761 3124 2803 suorum

425 2857 756 2935 relinquat,
820 2858 903 2918 ita
968 2867 1202 2932 tamen,
1263 2857 1440 2937 quod
1502 2876 1621 2918 nec
1682 2875 1795 2935 per
1856 2858 2082 2935 ipsum,
2131 2873 2249 2916 nec
2308 2873 2422 2935 per
2481 2873 2772 2929 uxorem,
2834 2873 2952 2916 nec
3012 2873 3124 2934 per

422 2981 735 3051 cognatos
766 2992 801 3031 a
837 2970 1276 3031 iurisdiccione
1324 2973 1588 3031 civitatis
1632 2971 1831 3048 possit
1878 2970 2134 3030 alienari
2166 2988 2279 3029 seu
2312 2970 2507 3029 eximi
2553 2967 2650 3029 vel
2697 2967 2896 3029 avelli.
2945 2968 3124 3043 Item,

418 3084 469 3143 si
536 3086 675 3159 quis
743 3086 1081 3145 intestatus
1150 3083 1491 3144 decesserit
1550 3094 1614 3143 et
1675 3102 1794 3144 nec
1863 3101 2153 3155 uxorem,
2216 3101 2334 3142 nec
2402 3081 2582 3155 filios,
2627 3100 2746 3141 nec
2814 3092 3123 3162 cognatos

424 3196 730 3270 habuerit,
776 3197 900 3257 due
945 3208 1159 3276 partes
1204 3216 1413 3257 rerum
1460 3216 1717 3257 suarum
1761 3216 1877 3275 per
1921 3198 2087 3255 viros
2156 3194 2514 3276 fidedignos
2558 3195 2640 3255 ad
2688 3194 2812 3254 hoc
2856 3194 3121 3255 consilio

418 3311 651 3370 civium
713 3310 1055 3389 deputatos
1102 3310 1488 3390 pauperibus
1534 3322 1597 3371 et
1644 3310 1910 3371 ecclesie
1973 3309 2258 3369 eiusdem
2322 3310 2590 3369 civitatis
2650 3307 3121 3383 distribuantur,

420 3424 611 3483 tercia
656 3442 806 3483 vero
852 3443 999 3502 pars
1045 3423 1129 3484 ad
1174 3423 1507 3483 utilitatem
1570 3424 1837 3484 civitatis
1905 3432 2268 3483 reservetur.
2339 3422 2497 3482 Item
2545 3423 2896 3496 statuimuS,
2944 3422 3122 3501 quod

420 3537 485 3595 in
532 3536 759 3596 eadem
810 3537 1061 3597 civitate
1108 3536 1314 3596 forum
1360 3536 1715 3614 sollempne
1762 3536 2018 3596 duobus
2063 3535 2288 3596 diebus
2318 3538 2380 3595 in
2415 3535 2798 3608 ebdomada,
2831 3535 3124 3596 videlicet

424 3648 527 3708 die
578 3648 724 3709 lune
771 3658 835 3709 et
882 3648 984 3710 die
1029 3651 1191 3709 iouis
1237 3648 1589 3709 celebretur
1634 3659 1697 3709 et
1745 3660 2032 3728 preterea
2079 3649 2288 3709 sorum
2337 3649 2810 3728 quottidianum
2859 3649 3121 3709 cottidie

422 3760 745 3824 habeatur.
810 3759 916 3822 Ad
981 3762 1517 3822 sustentacionem
1580 3771 1795 3823 autem
1858 3761 2184 3841 hospitum
2231 3765 2291 3822 in
2339 3761 2628 3842 predicto
2689 3771 2899 3823 castro
2944 3762 3120 3823 habi-

426 3876 705 3934 tancium
755 3874 1049 3934 dedimus
1094 3885 1326 3934 terram
1373 3877 1537 3935 circa
1584 3884 1873 3935 montem
1923 3872 2154 3950 Grech,
2214 3894 2406 3955 quam
2456 3875 2610 3937 olim
2657 3895 2770 3955 per
2817 3876 3119 3937 dilectum

424 3997 488 4047 et
536 3986 791 4047 fidelem
838 3998 1129 4047 nostrum
1177 3987 1509 4065 quondam
1554 3986 1912 4049 Dionisium
1961 3990 2201 4049 banum
2247 3990 2452 4049 tocius
2497 3987 2836 4051 Sclauonie
2876 3989 3116 4050 eisdem

421 4100 661 4160 civibus
706 4098 1096 4160 dinoscimur
1157 4103 1462 4175 statuisse,
1510 4101 1627 4161 sub
1674 4104 1857 4161 certis
1906 4104 2090 4162 metis
2137 4112 2199 4163 et
2247 4102 2557 4163 distinctis
2617 4113 2927 4182 perpetuo
2973 4123 3118 4181 pos-

420 4212 771 4273 sidendam.
821 4210 1014 4275 Cuius
1058 4223 1221 4273 terre
1269 4224 1438 4274 mete
1484 4213 1609 4274 hoc
1654 4214 1875 4275 ordine
1923 4216 2378 4296 distinguntur:
2441 4217 2648 4277 Prima
2695 4226 2866 4277 meta
2913 4227 3006 4277 est
3053 4218 3113 4276 in

421 4335 610 4403 portu
655 4325 856 4399 Zawe,
930 4327 1035 4405 qui
1086 4324 1439 4405 kyralrewy
1487 4327 1713 4389 dicitur
1772 4331 1952 4389 iuxta
2015 4348 2314 4410 magnam
2365 4331 2531 4389 viam
2579 4339 2641 4389 et
2687 4348 2801 4408 per
2845 4329 3116 4391 eandem

418 4437 623 4498 tendit
684 4456 884 4515 usque
941 4440 1143 4498 rivum
1208 4438 1519 4517 Zawycha
1581 4439 1839 4515 dictum,
1887 4459 2082 4519 quem
2144 4444 2345 4503 rivum
2409 4444 2631 4504 transit
2674 4461 2790 4522 per
2831 4454 3119 4523 pontem,

415 4548 652 4611 deinde
696 4569 810 4629 per
858 4550 1129 4612 eandem
1180 4554 1349 4611 viam
1397 4552 1601 4612 tendit
1646 4572 1861 4615 versus
1908 4554 2277 4632 aquilonem
2341 4558 2650 4617 transiens
2695 4573 2949 4633 aquam,
2995 4575 3120 4636 que

418 4661 630 4723 mlaka
692 4663 918 4724 dicitur
971 4674 1034 4724 et
1083 4666 1407 4743 perveniet
1452 4666 1536 4725 ad
1584 4667 2002 4728 monticulum
2073 4670 2250 4729 iuxta
2297 4687 2490 4747 quem
2537 4680 2633 4729 est
2679 4680 2851 4730 meta
2898 4680 3119 4743 terrea,

404 4794 540 4853 que
603 4776 824 4837 dividit
887 4787 1121 4838 terram
1182 4778 1569 4857 populorum
1632 4781 1795 4861 regis
1838 4800 1875 4840 a
1921 4790 2102 4859 parte
2148 4783 2452 4855 orientali,
2513 4783 2746 4844 deinde
2807 4785 3117 4844 transiens

416 4890 735 4948 minorem
787 4888 1072 4950 mlakam
1118 4893 1440 4969 perveniet
1478 4892 1561 4952 ad
1595 4910 1897 4974 magnam
1943 4895 2129 4967 viam,
2164 4912 2288 4972 que
2347 4895 2512 4976 wlgo
2559 4906 2828 4958 ettewen
2876 4897 3118 4969 dicitur,

416 5019 531 5078 per
578 5020 773 5080 quam
835 5003 1095 5063 veniens
1154 5006 1445 5083 peruenit
1505 5005 1589 5065 ad
1650 5007 1852 5067 rivum
1903 5004 2280 5084 Cyrkenich,
2327 5008 2412 5068 ibi
2459 5020 2556 5070 est
2598 5027 2782 5088 ponS,
2827 5009 2973 5070 hinc
3018 5028 3118 5071 su-

417 5114 631 5191 perius
673 5133 789 5193 per
834 5115 1112 5175 eundem
1172 5116 1441 5177 rivulum
1501 5120 1678 5179 iuxta
1740 5128 2030 5180 montem
2094 5118 2306 5181 Grech
2365 5121 2538 5182 vadit
2599 5122 2835 5183 directe
2903 5142 3117 5184 versus

2997 5274 3028 5309 ak
