3797 5795
1458 410 1822 474 „73—

324 595 671 655 existentem
740 597 899 657 inter
970 596 1309 659 Domachii
1383 610 1446 661 et
1517 599 1723 662 Zowa.
1794 601 1954 662 Item
2028 612 2190 663 terra
2253 601 2664 666 Guersenche
2727 609 3008 668 existens

324 709 427 769 sub
486 727 712 790 magno
782 720 1003 772 monte
1072 713 1287 792 incipit
1352 714 1435 773 de
1498 734 1697 792 parvo
1768 713 2180 777 Guersenche
2243 720 2544 796 venitque
2604 719 2686 780 ad
2758 731 3004 798 partem

322 822 755 884 occidentalem
805 835 868 884 et
916 825 1000 885 ibi
1048 837 1143 887 est
1190 828 1381 887 arbor
1426 831 1602 907 pomi
1651 848 1795 889 cum
1848 840 2018 889 meta
2068 841 2270 890 terrea
2318 830 2533 910 ibique
2579 835 3008 892 commetanei

321 946 451 996 sunt
498 936 778 998 homines
812 937 893 998 de
924 939 989 1000 V
994 939 1236 1000 dorhel.
1286 940 1445 1024 Inde
1476 943 1765 1002 ascendit
1812 942 1893 1002 ad
1944 954 2234 1003 montem
2269 955 2332 1003 et
2365 945 2536 1004 venit
2584 944 2667 1004 ad
2715 946 3008 1006 arborem

324 1049 561 1110 harozth
621 1051 831 1128 ibique
902 1062 996 1112 est
1058 1065 1231 1114 meta
1292 1065 1527 1128 ter1·ea;
1590 1055 1821 1116 abhinc
1886 1057 2052 1116 venit
2115 1055 2200 1116 ad
2246 1057 2541 1116 arborem
2586 1057 2716 1135 zyl;
2779 1057 3012 1118 deinde

324 1163 629 1224 descendit
659 1164 740 1224 ad
774 1165 1234 1241 molendinum,
1282 1168 1461 1247 quod
1493 1180 1588 1228 est
1620 1170 1683 1229 in
1718 1187 1956 1249 magno
1989 1167 2417 1229 Guersenche.
2467 1169 2623 1230 Inde
2655 1170 3014 1248 procedens

325 1280 588 1358 superius
632 1281 691 1339 in
740 1279 973 1340 eodem
1038 1279 1449 1342 Guersenche
1512 1283 1642 1341 exit
1706 1282 1789 1342 ad
1854 1295 2120 1360 puteum
2184 1282 2369 1364 Egun
2421 1293 2484 1343 et
2531 1283 2888 1344 ascendens
2933 1283 3016 1343 ad

324 1405 591 1453 montem
653 1395 819 1453 venit
882 1394 965 1454 ad
1033 1413 1335 1475 magnam
1400 1397 1565 1456 viam
1616 1405 1676 1454 et
1726 1395 1807 1456 ibi
1871 1407 1966 1454 est
2029 1404 2200 1455 meta
2268 1406 2469 1456 terrea
2516 1408 2577 1457 et
2626 1396 2841 1456 eundo
2904 1415 3016 1475 per

322 1507 507 1584 ipsam
554 1509 715 1566 viam
763 1510 894 1567 exit
941 1508 1024 1568 ad
1071 1526 1371 1586 campum
1399 1508 1571 1568 etibi
1606 1521 1701 1568 est
1734 1519 1906 1569 meta
1939 1519 2141 1569 terrea
2187 1509 2514 1588 Tyburcio
2561 1519 3016 1568 commetaneo

322 1623 633 1680 existente.
694 1620 946 1681 Deinde
1007 1621 1179 1681 vadit
1224 1621 1309 1682 ad
1354 1633 1604 1700 partem
1666 1623 2253 1700 septemtrionalem
2319 1641 2432 1700 per
2497 1639 2798 1702 magnam
2849 1624 3014 1681 viam

324 1749 380 1794 et
423 1735 503 1793 ibi
545 1745 687 1794 sunt
746 1745 913 1794 mete
970 1744 1133 1795 terre
1200 1738 1551 1795 successive
1612 1736 2038 1795 castrensibus
2098 1737 2536 1795 conmetaneis
2593 1735 3018 1794 existentibus

324 1861 381 1907 et
422 1850 583 1908 venit
628 1847 711 1908 ad
758 1848 1111 1909 heremitas.
1176 1847 1333 1908 Inde
1382 1847 1551 1908 vadit
1600 1819 1813 1908 versus
1876 1850 2188 1908 orientem
2253 1848 2332 1908 ad
2395 1849 2691 1908 arborem
2756 1847 3018 1906 harozth

324 1961 433 2021 sub
463 1979 581 2040 qua
614 1972 706 2022 est
740 1973 911 2021 meta
944 1971 1147 2022 terrea
1195 1962 1408 2039 ibique
1454 1973 1917 2021 conmetaneus
1949 1972 2043 2020 est
2077 1959 2452 2021 Gabrianus
2496 1961 2654 2021 lnde
2686 1960 3019 2022 descendit

326 2074 402 2134 ad
446 2075 663 2136 vallem
728 2075 811 2134 ad
856 2076 1149 2134 arborem
1198 2074 1311 2135 has
1358 2087 1421 2134 ct
1468 2075 1549 2134 ibi
1599 2085 1694 2134 est
1751 2086 1924 2134 meta
1972 2084 2172 2134 terrea
2221 2084 2284 2134 et
2330 2076 2643 2144 transiens
2688 2073 2768 2133 ad
2819 2090 3017 2132 unum
3069 2057 3076 2062 ¹

328 2187 568 2248 fiuvium
615 2188 900 2249 ascendit
948 2188 1028 2248 ad
1079 2207 1269 2248 unam
1338 2191 1607 2259 vineam,
1656 2187 1869 2266 ibique
1916 2198 2014 2248 est
2063 2186 2343 2247 haroztfa
2391 2205 2534 2246 cum
2587 2198 2756 2246 meta
2805 2196 3021 2246 terrea.

326 2300 562 2362 Deinde
634 2301 964 2362 descendit
1036 2305 1096 2361 in
1160 2301 1399 2364 Serena
1468 2299 1835 2363 Gersenche
1907 2319 2122 2360 versus
2191 2300 2521 2360 meridiem
2582 2299 2664 2360 ad
2726 2299 3022 2358 arborem

329 2415 449 2475 ihm·
491 2427 553 2476 et
598 2417 681 2475 ibi
726 2426 819 2476 est
883 2426 1053 2475 meta
1115 2427 1317 2475 terrea
1382 2413 1585 2492 Myko
1647 2427 2075 2474 conmetaneo
2139 2415 2456 2473 existente
2512 2425 2575 2472 et
2623 2410 2772 2471 inde
2819 2429 3025 2492 regre-

330 2529 485 2590 ditur
526 2529 605 2589 ad
652 2529 949 2589 arborem
999 2531 1175 2606 pomi
1221 2527 1304 2588 ad
1354 2538 1592 2588 metam
1640 2529 1917 2605 priorem
1954 2527 2169 2605 ibique
2217 2527 2606 2586 terminatur.
2657 2523 2794 2584 Nos
2841 2525 3028 2604 igitur

333 2643 393 2702 id
458 2643 627 2720 quod
706 2661 820 2721 per
878 2642 1252 2702 iamdictum
1324 2643 1695 2722 magistrum
1768 2637 1948 2702 Chal<
2011 2639 2275 2717 provide
2345 2639 2584 2699 factum
2633 2647 2745 2708 est,
2813 2636 3022 2696 eidem

334 2757 701 2818 Wecherino
766 2766 1076 2836 perpetuo
1138 2755 1439 2816 duximus
1501 2752 2033 2814 confirmandum.
2095 2751 2181 2812 Ut
2229 2753 2416 2832 igitur
2479 2752 2787 2828 premissa
2834 2748 3029 2808 robur

330 2883 618 2951 perpetue
664 2869 977 2931 firmitatis
1023 2851 1371 2948 optineant,
1418 2868 1655 2928 litteras
1701 2878 1949 2927 nostras
2003 2874 2330 2945 presentes
2377 2863 2584 2924 eidem
2637 2861 3026 2923 Wecherino

332 2984 610 3046 dedimus
671 2984 985 3063 dupplicis
1046 2982 1223 3063 sigilli
1274 2983 1465 3042 nostri
1532 2982 1883 3040 munimine
1940 2979 2285 3037 roboratas
2350 2975 2591 3037 Datum
2641 2994 2754 3054 per
2801 2993 3027 3034 manus

336 3098 531 3159 dilecti
576 3111 638 3158 et
684 3096 890 3157 fidelis
936 3098 1134 3156 nostri
1204 3096 1482 3175 magistri
1530 3092 1865 3173 Smaragdi
1914 3089 2216 3173 Albensis
2276 3090 2579 3168 prepositi
2628 3087 2771 3148 aule
2818 3098 3032 3146 nostre

336 3211 811 3273 vicecancellarii
882 3221 945 3271 et
1007 3210 1189 3271 electi
1254 3211 1314 3268 in
1379 3207 1928 3285 archiepiscopum
2009 3202 2453 3267 Colocensem.
2524 3200 2722 3262 Anno
2790 3201 3030 3260 domini

340 3324 583 3391 M⁰CC⁰
644 3325 1178 3405 quinquagesimo
1248 3324 1541 3401 septimO,
1610 3320 1687 3381 V.
1754 3319 1895 3379 idus
1959 3316 2256 3389 octobris,
2319 3317 2494 3395 regni
2558 3324 2774 3374 autem
2837 3312 3036 3372 nostri
3085 3349 3096 3360 ·

340 3442 621 3500 vicesimo
667 3438 971 3500 secundo,

513 3638 806 3712 original
846 3657 885 3693 u
933 3635 1155 3692 arkivu
1202 3634 1436 3708 obite-lsi
1471 3634 1737 3707 grovaa
1789 3630 2044 3685 Era'c‘t'da
2093 3648 2130 3684 n
2179 3628 2497 3699 Glogovcu.
2545 3626 2743 3681 Pec'at
2781 3624 2908 3680 visi
2951 3642 3034 3679 na

343 3747 494 3819 ⁴&utoj
533 3745 558 3799 i
597 3744 831 3817 zelenoj
869 3740 1135 3814 sz‘ilenoj
1172 3739 1360 3796 vrvct'.

516 3849 652 3906 cod.
702 3847 855 3919 dipl.
893 3846 1147 3921 patrius
1206 3843 1337 3901 Vll.
1390 3846 1453 3895 71
1468 3844 1600 3895 -4.
1652 3860 1747 3895 no.
1803 3842 1892 3893 55.
1943 3872 2029 3879 —-
2077 3835 2451 3910 Kuknljevid
2493 3836 2642 3905 Reg.
2697 3836 2830 3888 738.

1595 4320 1789 4401 592.

361 4526 533 4598 1257,
580 4526 769 4608 prije
816 4525 919 4588 13.
963 4516 1290 4587 oktobra..

364 4719 515 4781 Bela
573 4718 759 4802 kralj
811 4710 1101 4800 ugarskz'
1142 4710 1175 4773 z'
1214 4706 1531 4773 lervatskz’
1578 4704 1891 4790 priznczje
1950 4710 2161 4785 prava
2225 4697 2257 4761 ι’
2310 4697 2592 4759 ναετόαἶε
2653 4690 2934 4775 zemalja
2999 4711 3047 4751 u

1278 4818 1601 4907 §upam'ji
1628 4814 2086 4903 ζξανθὲηι’(ῗᾸὊχζ

518 5027 663 5089 Bela
696 5024 799 5085 dei
832 5022 1041 5105 gracia
1090 5018 1437 5097 Hungarie‚
1493 5012 1840 5081 Dalmacie‚
1889 5007 2172 5079 Croacie‚
2219 5006 2439 5075 Kame,
2486 5000 2722 5072 Servie,
2768 4996 3051 5070 Gallicie,

372 5138 747 5209 Lodomerie‚
825 5133 1265 5211 Cumanieque
1335 5148 1447 5188 rex
1525 5124 1824 5185 omnibus
1907 5121 2138 5199 quibus
2219 5125 2549 5195 presentes
2632 5109 3052 5172 ostendentur
