3797 5795
1891 403 1968 412 —
2036 369 2300 432 236-—

729 556 1109 634 predialium
1180 557 1545 619 habendam
1622 569 1687 619 et
1764 559 2112 620 tenendam
2175 567 2366 637 prout
2435 559 2498 618 in
2566 556 2898 638 priuilegio
2965 567 3194 616 nostro
3269 555 3466 632 priori

728 669 976 746 plenius
1036 673 1433 746 continetur;
1494 672 1760 733 tandem
1824 675 1972 751 quia
2036 672 2460 752 postmodum
2525 670 2696 731 idem
2757 668 2977 750 Sagud
3024 671 3194 729 circa
3241 669 3460 746 ipsum

730 782 1082 860 palatinum
1131 785 1603 846 commorando
1652 787 1837 846 nobis
1882 797 1947 846 et
1993 805 2192 868 regno
2223 785 2494 865 plurima
2541 785 2806 846 seruicia
2851 784 3097 843 curauit
3143 779 3462 842 exhibere

737 896 949 956 multis
1018 917 1085 956 se
1160 897 1417 959 fortune
1480 900 1731 960 casibus
1794 901 1858 960 in
1920 898 2450 978 expedicionibus
2519 898 2750 958 nostris
2817 905 2882 957 et
2949 896 3460 956 conseruacione

730 1008 1157 1069 confiniorum
1221 1023 1586 1072 nostrorum
1633 1012 2121 1087 committendO,
2165 1030 2284 1090 pro
2331 1011 2561 1089 quibus
2622 1010 2884 1089 quidem
2931 1011 3176 1069 maiora
3225 1008 3458 1067 merito

734 1141 819 1181 ex
865 1132 1044 1199 parte
1104 1125 1275 1204 regia
1335 1125 1557 1185 debuit
1625 1127 1915 1187 obtinere
1981 1137 2214 1187 terram
2282 1142 2466 1186 suam
2535 1133 2942 1204 prenotatam
3009 1121 3098 1182 ad
3159 1119 3450 1182 eiusdem

736 1236 1113 1296 instanciam
1176 1256 1261 1296 ex
1322 1238 1763 1299 iurisdiccione
1829 1241 2082 1299 comitis
2149 1237 2568 1319 Symigiensis
2629 1247 2692 1298 et
2755 1236 2838 1297 de
2900 1233 3272 1298 Chesmicza
3317 1235 3454 1293 exi-

736 1348 1043 1408 mendam
1112 1349 1414 1410 duximus
1474 1361 1538 1413 et
1600 1355 1865 1412 omnino
1935 1351 2350 1426 liberandam,
2415 1351 2502 1412 ita
2565 1350 2744 1430 quod
2789 1369 2908 1411 nec
2970 1353 3126 1428 ipse,
3188 1367 3308 1408 nec
3355 1347 3449 1407 sui

738 1457 1005 1522 heredes
1050 1465 1371 1523 racionem
1421 1467 1613 1542 ipsius
1674 1475 1839 1526 terre
1900 1467 1964 1525 in
2026 1464 2241 1543 aliquo
2297 1467 2447 1544 ipsis
2506 1465 2849 1525 comitibus
2917 1471 3274 1533 teneantur,
3333 1459 3450 1520 sed

736 1573 1151 1635 solummodo
1212 1579 1537 1638 carissimo
1584 1577 1713 1639 filio
1761 1588 1980 1639 nostro
2027 1578 2172 1638 duci
2228 1578 2380 1638 Bele
2441 1580 2696 1638 racione
2760 1576 3046 1636 eiusdem
3109 1574 3445 1635 seruicium

738 1686 1017 1747 debeant
1084 1688 1406 1750 exhibere.
1470 1691 1561 1751 Vt
1623 1692 1808 1772 igitur
1870 1701 2084 1752 nostre
2147 1692 2578 1752 concessionis
2635 1692 2826 1750 series
2885 1689 3081 1748 robur
3139 1697 3446 1766 perpetue

738 1798 1047 1861 firmitatis
1122 1805 1427 1880 optineat,
1501 1814 1827 1882 presentes
1898 1803 2194 1864 dedimus
2269 1803 2508 1864 litteras
2583 1802 2897 1881 dupplicis
2987 1799 3172 1881 sigilli
3249 1801 3442 1859 nostri

737 1914 1087 1974 munimine
1134 1915 1483 1976 roboratas.
1527 1915 1769 1977 Datum
1815 1935 1930 1995 per
1975 1935 2204 1978 manus
2251 1917 2534 1997 magistri
2579 1915 2633 1976 F
2634 1916 2853 1975 arcasii
2917 1913 3101 1974 electi
3173 1912 3440 1972 ecclesie

735 2025 1036 2087 Albensis
1081 2027 1225 2088 aule
1271 2038 1485 2089 nostre
1530 2029 2022 2090 vicecancellarii
2070 2029 2280 2090 dilecti
2327 2039 2392 2089 et
2437 2027 2641 2090 fidelis
2687 2028 2902 2088 nostri.
2949 2024 3151 2086 Anno
3196 2025 3442 2085 domini

737 2140 1073 2200 millesimo
1142 2141 1583 2203 ducentesimo
1650 2145 2054 2222 sexagesimo
2122 2141 2426 2216 secundO,
2487 2142 2660 2222 regni
2723 2151 2938 2201 autem
3010 2141 3210 2198 nostri
3271 2157 3444 2197 anno

737 2255 1042 2313 vicesimo
1091 2263 1341 2314 octauo.

912 2445 1181 2520 Prijepis
1226 2447 1281 2501 iz
1318 2447 1573 2522 p0c²etka
1636 2447 1805 2505 XVI.
1869 2447 2075 2522 vijeka
2119 2467 2203 2504 na
2239 2449 2474 2523 papiru
2523 2467 2562 2504 u
2608 2446 2698 2503 kr.
2747 2466 2893 2504 sem.
2959 2444 3189 2502 arkivu
3239 2465 3277 2500 u
3323 2445 3442 2500 Za-

725 2548 940 2621 grebu.
1006 2549 1155 2605 Doc.
1206 2551 1399 2606 medii
1442 2552 1597 2607 aevi.
1644 2571 1701 2608 a.
1756 2555 1923 2606 1262.
1971 2551 2164 2608 nekoc'
2205 2571 2246 2608 u
2292 2550 2515 2608 arkivu
2557 2551 2846 2626 porodice
2893 2549 3163 2618 Ratkay.

1999 2860 2189 2939 740.

736 3010 935 3089 1262,
982 3009 1091 3075 29.
1136 3006 1555 3075 novembra.
1600 3008 1660 3073 U
1704 3008 2064 3076 Mlecima.

738 3196 1073 3280 Rajnenj
1115 3197 1303 3259 Geno
1337 3198 1520 3259 daza!
1550 3196 1868 3259 mletalkt‘
1906 3197 2150 3279 svojz'm
2189 3196 2651 3281 prz'jateljz‘ma
2706 3198 2769 3259 T
2765 3196 3217 3283 rogc'ram'ma,
3277 3196 3444 3257 neka

728 3308 1076 3393 podupc'ru
1148 3311 1558 3394 mletacfkoga
1626 3311 1832 3373 ,ἐπεκα
1894 3310 2322 3393 postavgjena
2384 3311 2530 3373 naci
2594 3310 2960 3372 Koro‘ulom
3021 3308 3055 3371 ι’
3103 3309 3442 3392 Μζίείοηι.

913 3502 1239 3562 Rainerius
1304 3500 1491 3563 Geno
1553 3503 1652 3563 dei
1716 3506 1916 3584 gratia
1979 3504 2273 3576 Venetie,
2335 3502 2659 3564 Dalmatie
2721 3513 2914 3582 atque
2981 3500 3240 3564 Croatie
3299 3500 3442 3571 dux,

734 3615 1035 3675 dominus
1080 3626 1304 3694 quarte
1350 3617 1545 3693 partis
1590 3628 1651 3676 et
1700 3616 1961 3677 dimidie
2006 3617 2201 3676 totius
2261 3618 2510 3694 imperii
2557 3616 2873 3676 Romanie
2939 3614 3262 3675 nobilibus
3305 3616 3439 3673 viris

738 3728 1086 3788 rectoribus
1146 3728 1433 3809 'l'ragurii
1482 3740 1545 3789 et
1613 3729 1900 3789 eiusdem
1961 3739 2125 3789 terre
2179 3731 2415 3804 comiti,
2475 3731 2696 3789 amicis
2757 3728 3004 3788 dilectis
3063 3726 3334 3787 salutem
3379 3737 3436 3785 et

735 3841 1091 3901 dilectionis
1158 3841 1478 3901 assectum.
1543 3840 1703 3904 Cum
1769 3841 1850 3901 de
1913 3844 2220 3901 comitatu
2285 3839 2551 3903 Curzule
2597 3851 2662 3902 et
2710 3840 2968 3902 Mellete
3032 3840 3190 3900 olim
3249 3840 3436 3899 multe

734 3957 1103 4032 questiones
1148 3972 1364 4013 coram
1414 3955 1599 4015 nobis
1645 3966 1708 4015 et
1754 3955 2020 4015 consilio
2076 3968 2296 4015 nostro
2345 3958 2572 4015 minori
2619 3965 2684 4015 et
2731 3956 2950 4013 maiori
3011 3953 3336 4013 extiterint
3379 3964 3436 4010 et

734 4076 1042 4127 statutum
1090 4076 1155 4126 et
1200 4066 1561 4127 ordinatum
1608 4069 1687 4127 sit
1732 4087 1844 4145 per
1879 4085 1998 4127 nos
2044 4076 2107 4127 et
2154 4076 2440 4127 nostrum
2489 4068 2825 4128 consilium
2872 4069 3084 4126 minus
3129 4076 3193 4125 et
3228 4069 3436 4133 maius

738 4189 804 4240 ut
867 4180 1063 4239 nobili
1127 4182 1257 4238 viro
1326 4179 1606 4240 Mat-silio
1656 4228 2038 4242 .......
2088 4182 2306 4241 comiti
2373 4198 2489 4239 suo
2551 4190 2615 4241 et
2676 4182 2811 4240 eius
2869 4182 2976 4257 qui
3039 4178 3124 4239 ad
3185 4194 3436 4257 presens

738 4294 1002 4353 mittitur
1033 4293 1115 4353 ad
1148 4293 1299 4352 dicti
1346 4294 1663 4373 regiminis
1709 4296 2104 4365 comitatum,
2147 4292 2440 4353 videlicet
2473 4292 2671 4353 nobili
2701 4295 2836 4353 viro
2861 4292 3113 4373 Jacobo
3156 4289 3435 4353 Grimani

736 4424 847 4465 seu
892 4406 1017 4465 alio
1065 4407 1171 4483 qui
1219 4406 1363 4465 loco
1410 4405 1695 4465 eiusdem
1756 4423 1976 4465 comes
2019 4424 2136 4483 pro
2186 4416 2477 4483 tempore
2537 4406 2724 4466 fuerit
2785 4405 3067 4473 obedire,
3113 4416 3439 4483 tamquam

731 4520 951 4577 >comiti
1000 4537 1115 4577 suo
1165 4520 1225 4577 in
1274 4518 1573 4577 omnibus
1620 4529 1680 4577 et
1729 4538 1841 4596 per
1903 4521 2120 4578 omnia
2181 4518 2478 4593 debeant,
2535 4521 2742 4598 ipsum
2805 4521 3186 4597 recipientes
3248 4517 3442 4578 hono-

737 4630 909 4690 rifice
956 4641 1017 4691 et
1067 4632 1361 4711 benigne,
1406 4631 1620 4691 banna
1667 4642 1729 4690 et
1775 4642 2076 4709 precepta
2123 4642 2185 4691 et
2232 4631 2679 4692 ordinamenta
2739 4634 2934 4710 ipsius
2981 4642 3044 4691 et
3095 4633 3442 4691 sententias

734 4762 848 4821 per
894 4762 1039 4803 eum
1106 4744 1263 4803 latas
1323 4755 1385 4803 et
1447 4743 1738 4804 ferendas
1784 4746 1847 4803 in
1894 4745 2194 4804 omnibus
2241 4754 2304 4804 et
2351 4765 2464 4823 per
2523 4746 2742 4805 omnia
2805 4743 3252 4817 observando;
3317 4745 3441 4803 iura

734 4857 816 4916 ad
866 4859 1072 4933 ipsum
1135 4860 1486 4934 spectantia
1548 4856 1902 4917 secundum
1965 4856 2495 4917 consuetudinem
2558 4867 2724 4918 terre
2769 4856 2887 4917 sibi
2937 4858 3158 4917 omnia
3208 4860 3444 4936 integre

734 4969 1091 5042 tribuendo,
1146 4968 1549 5046 prudentiam
1599 4980 1870 5029 vestram
1921 4969 2366 5048 requirendam
2415 4969 2717 5030 duximus
2763 4979 2827 5029 et
2872 4970 3256 5051 rogandam,
3302 4988 3448 5048 qua·

736 5093 919 5140 tenus
965 5080 1173 5140 eidem
1223 5083 1438 5140 comiti
1488 5081 1585 5139 vel
1630 5081 1873 5159 Jacobo
1922 5080 2206 5142 Grimani
2239 5102 2349 5143 seu
2380 5083 2506 5143 alio
2541 5083 2646 5160 qui
2697 5101 2813 5161 pro
2859 5094 3158 5161 tempore
3205 5083 3440 5143 ibidem
