3797 5795
1878 410 1964 419 -—
2023 374 2148 439 150
2207 408 2293 417 —

730 584 949 626 uersus
996 566 1344 641 meridiem,
1388 566 1495 626 ubi
1540 565 1711 627 cadit
1754 564 1840 626 ad
1883 565 2081 627 alium
2111 564 2318 645 potok
2349 563 2670 627 Dobouch
2717 574 3040 641 uocatum,
3085 584 3198 644 per
3242 584 3434 645 quem

730 678 907 741 uadit
950 696 1171 740 uersus
1216 678 1545 740 meridiem
1590 677 1675 739 ad
1720 676 2071 753 Zoaberke,
2116 680 2179 739 in
2226 678 2404 739 cuius
2449 680 2708 739 introitu
2753 698 2792 739 a
2837 689 3011 739 meta
3043 676 3210 739 Dras
3253 697 3436 758 sepa-

730 802 916 865 ratur,
962 791 1113 853 inde
1155 791 1241 853 ad
1288 791 1691 853 occidentem
1742 790 1827 852 ad
1872 792 2182 873 gertanfa,
2230 790 2338 852 ubi
2389 801 2485 852 est
2532 800 2705 852 meta
2750 810 2880 852 una
2925 791 3086 853 Pose
3131 801 3195 852 et
3241 791 3438 853 altera

732 914 893 965 terre
938 903 1276 978 Dobouch,
1322 904 1473 965 inde
1515 904 1600 966 ad
1645 906 1942 966 arborem
1974 904 2134 966 tulfa
2178 904 2298 965 sub
2343 924 2473 985 qua
2516 914 2612 965 est
2659 914 2846 979 meta,
2883 904 3030 966 inde
3077 907 3310 965 iterum
3356 904 3436 966 ad

730 1016 903 1091 tulta,
946 1015 1067 1077 sub
1114 1035 1241 1095 qua
1274 1026 1369 1077 est
1401 1027 1591 1092 meta,
1636 1017 1786 1080 inde
1817 1016 1903 1079 ad
1944 1019 2206 1079 terciam
2252 1016 2550 1078 arborem
2594 1017 2751 1079 tulfa
2782 1016 2903 1078 sub
2933 1036 3060 1097 qua
3105 1026 3202 1078 est
3249 1030 3440 1093 meta,

732 1129 881 1190 inde
924 1128 1009 1190 ad
1052 1129 1247 1203 biksa,
1292 1129 1399 1191 ubi
1444 1138 1539 1191 est
1588 1140 1759 1191 meta
1805 1132 1984 1192 iuxta
2015 1128 2220 1209 potok
2251 1128 2673 1209 Skopchonik
2718 1140 3034 1205 uocatum,
3078 1150 3197 1210 per
3243 1149 3436 1210 quem

730 1242 907 1303 uadit
954 1261 1173 1304 uersus
1218 1242 1569 1317 meridiem,
1614 1243 1698 1304 de
1741 1263 1875 1324 quo
1922 1244 2056 1305 exit
2101 1243 2185 1306 ad
2237 1244 2534 1305 arborem
2565 1242 2724 1305 tulfa
2769 1244 3095 1319 furcatam‚
3141 1244 3266 1305 sub
3313 1263 3439 1323 qua

731 1366 826 1417 est
872 1366 1061 1431 meta,
1106 1356 1257 1417 inde
1286 1356 1373 1417 ad
1403 1355 1609 1436 potok
1640 1356 2048 1431 Pokolasnik,
2081 1356 2234 1417 inde
2266 1355 2606 1417 reflectitur
2651 1355 2734 1417 ad
2779 1355 3147 1436 aquilonem
3194 1366 3260 1419 et
3307 1362 3438 1419 exit

730 1469 815 1531 ad
882 1469 1099 1531 uillam
1170 1469 1507 1532 Mortunus
1578 1470 1934 1551 iobagionis
1994 1472 2180 1531 castri
2247 1469 2510 1531 Inferior
2571 1469 2754 1532 Vrba
2825 1480 3124 1532 uocatam
3196 1480 3261 1531 et
3328 1490 3442 1550 per

728 1602 1032 1662 campum
1078 1581 1255 1645 uadit
1300 1583 1480 1645 iuxta
1524 1581 1800 1645 eandem
1860 1582 2076 1644 uillam
2141 1601 2342 1660 usque
2411 1582 2646 1657 locum,
2715 1583 2824 1644 ubi
2871 1582 3132 1661 quidam
3203 1602 3440 1663 paruus

728 1694 939 1775 potok
966 1695 1138 1757 cadit
1168 1698 1231 1755 in
1266 1693 1676 1770 Pokolosnik,
1707 1696 1855 1759 inde
1886 1698 1954 1756 in
1987 1714 2226 1777 magno
2272 1698 2490 1775 spacio
2537 1696 2714 1757 uadit
2759 1715 3008 1757 sursum
3053 1697 3139 1758 ad
3187 1697 3438 1758 sontem

732 1808 1143 1885 Pokolosnik,
1188 1808 1295 1869 ubi
1338 1812 1471 1869 exit
1517 1808 1601 1869 ad
1648 1810 1956 1883 calistam,
1987 1809 2072 1870 de
2103 1828 2230 1890 qua
2263 1808 2438 1870 uadit
2486 1810 2845 1879 successiue
2874 1828 2986 1889 per
3018 1821 3146 1870 tres
3175 1810 3442 1875 arbores

729 1923 845 1999 piri
892 1924 955 1982 in
1002 1921 1213 1997 berch,
1258 1923 1377 1984 sub
1424 1923 1655 2001 quibus
1698 1932 1845 1983 suut
1894 1932 2082 1997 mete,
2129 1922 2280 1983 inde
2314 1924 2648 1984 reuertitur
2693 1921 2777 1983 ad
2821 1940 3058 2002 aquam
3091 1920 3440 1999 Dobouch,

731 2034 841 2094 ubi
902 2033 1099 2095 Kolin
1162 2046 1257 2097 est
1323 2046 1838 2109 commetaneus;
1898 2054 2012 2114 per
2079 2037 2282 2114 ipsam
2329 2054 2564 2116 aquarn
2623 2038 2744 2097 itur
2789 2053 3038 2095 sursum
3085 2037 3150 2095 in
3199 2054 3441 2117 magno

728 2150 947 2226 spacio
1008 2157 1073 2207 et
1132 2150 1268 2209 exit
1329 2147 1481 2209 inde
1540 2166 1729 2227 supra
1784 2147 1867 2208 ad
1936 2148 2232 2209 arborem
2295 2150 2473 2209 nucis
2517 2149 2603 2209 ad
2649 2148 2844 2209 berch
2903 2167 3094 2227 supra
3139 2148 3438 2209 arborem

730 2262 945 2335 cerasi,
988 2260 1139 2321 inde
1183 2279 1433 2322 sursum
1479 2260 1564 2321 ad
1608 2261 1773 2322 latus
1820 2262 2057 2321 montis
2123 2260 2208 2321 ad
2269 2261 2596 2341 quendam
2642 2260 2894 2335 collem,
2941 2260 3089 2322 inde
3135 2262 3222 2322 ad
3267 2264 3437 2323 uiam

730 2373 1079 2453 antiquam,
1138 2389 1253 2453 per
1314 2392 1507 2453 quam
1570 2374 1747 2435 uadit
1805 2393 1998 2453 supra
2063 2373 2388 2451 quandam
2451 2376 2726 2447 uineam,
2787 2373 3024 2435 deinde
3083 2393 3198 2453 per
3245 2374 3438 2436 berch

731 2486 907 2547 uadit
951 2487 1035 2548 ad
1083 2486 1363 2548 radicem
1412 2489 1647 2547 montis
1713 2486 2048 2559 Trichuch,
2111 2487 2258 2547 inde
2319 2485 2606 2548 ascendit
2669 2487 2755 2547 ad
2799 2487 3078 2549 eundem
3145 2498 3436 2549 montem

731 2598 815 2659 ad
860 2599 1165 2675 calistam,
1226 2600 1334 2659 ubi
1394 2609 1721 2679 separatur
1780 2620 1817 2660 a
1880 2599 2140 2675 Kolin0‚
2199 2599 2351 2661 inde
2419 2599 2596 2661 uadit
2625 2599 2728 2667 ,ad
2773 2614 3006 2661 terram
3055 2600 3290 2661 lvance
3335 2600 3434 2661 filii

730 2711 945 2775 Drusk
988 2714 1073 2775 ad
1118 2712 1331 2787 berch,
1390 2712 1540 2773 inde
1597 2712 1866 2773 flectitur
1925 2712 2012 2773 ad
2069 2714 2382 2773 orientem
2430 2731 2634 2791 usque
2678 2712 2913 2787 locum,
2961 2712 3066 2773 ubi
3113 2722 3211 2773 est
3261 2713 3436 2791 quasi

729 2825 1073 2887 declinium
1120 2826 1408 2887 eiusdem
1456 2825 1649 2887 berch
1711 2836 1774 2886 et
1836 2827 1922 2885 ibi
1985 2825 2319 2887 descendit
2381 2825 2465 2887 ad
2529 2825 2694 2886 duos
2755 2826 2969 2886 sontes
3014 2826 3124 2905 qui
3169 2828 3436 2886 coniun-

726 2949 977 3021 guntur,
1009 2941 1159 3002 inde
1192 2941 1413 3001 transit
1434 2959 1549 3020 per
1572 2940 1770 3000 berch
1802 2951 1868 3001 et
1890 2939 2179 3002 ascendit
2217 2939 2301 3001 ad
2333 2939 2528 3002 alium
2560 2939 2772 3013 berch,
2804 2959 2918 3019 per
2949 2939 3128 3018 quod
3161 2939 3342 3001 uadit
3371 2942 3433 3000 in

728 3052 993 3135 longum
1038 3072 1258 3114 uersus
1302 3053 1515 3114 villam
1563 3053 1821 3114 Zoclian
1867 3052 1953 3115 ad
1985 3055 2210 3132 pirum,
2241 3053 2350 3114 ubi
2381 3063 2476 3113 est
2509 3063 2704 3128 meta,
2732 3052 2884 3113 inde
2907 3051 2994 3112 ad
3025 3051 3422 3114 berekunesa

730 3166 878 3228 inde
944 3186 1057 3246 per
1125 3166 1297 3228 idem
1365 3165 1561 3228 berch
1622 3165 1840 3228 eundo
1907 3165 1991 3226 ad
2061 3165 2392 3226 meridiem
2453 3185 2538 3226 cx
2597 3175 2780 3245 parte
2825 3174 2990 3226 terre
3035 3163 3432 3226 Zkrabatnik

727 3283 1057 3342 reuertitur
1102 3279 1187 3341 ad
1232 3282 1509 3359 priorem
1557 3289 1799 3340 metam
1843 3280 1932 3340 ad
1977 3279 2254 3340 radicem
2315 3280 2554 3340 montis
2601 3279 2872 3358 lapidosi
2915 3277 3184 3358 predicti
3232 3288 3297 3340 et
3345 3279 3432 3338 ibi

726 3395 1117 3455 terminatur.
1185 3393 1402 3453 Habet
1470 3394 1673 3454 eciam
1750 3392 1958 3454 dictus
2004 3391 2180 3456 Cheh
2243 3402 2426 3453 extra
2485 3403 2692 3454 metas
2751 3391 3070 3472 predictas
3133 3393 3198 3451 in
3259 3409 3428 3471 aqua

730 3501 1065 3567 Chernoch
1110 3504 1251 3566 loca
1296 3507 1629 3584 piscature,
1674 3523 1944 3586 quarum
1991 3525 2118 3567 una
2162 3515 2257 3567 est
2295 3507 2360 3566 in
2404 3503 2534 3566 fine
2580 3507 2793 3585 campi
2825 3503 3154 3566 Wnuhleu
3199 3505 3428 3578 uocati,

728 3615 923 3678 altera
967 3621 1031 3679 in
1080 3617 1485 3697 Koponicha,
1531 3621 1683 3680 item
1730 3617 2022 3680 clausura
2066 3621 2130 3680 in
2175 3637 2342 3695 aqua
2406 3616 2796 3692 Knesnicha,
2841 3619 2993 3678 item
3042 3626 3270 3695 quarta
3313 3618 3434 3695 pis-

727 3739 943 3792 catura
974 3733 1033 3792 in
1068 3749 1236 3812 aqua
1268 3729 1456 3804 Luki,
1487 3750 1613 3809 que
1644 3733 1862 3793 omnia
1893 3733 2214 3810 pertinent
2245 3730 2329 3791 ad
2369 3741 2604 3792 terram
2651 3729 2971 3792 Dobouch
3019 3728 3426 3792 antedictam.

726 3841 821 3903 Vt
868 3845 1051 3926 igitur
1095 3862 1358 3923 presens
1404 3843 1854 3904 concambium
1920 3853 1984 3904 et
2043 3847 2254 3925 gracia
2313 3863 2429 3923 per
2491 3863 2609 3904 nos
2672 3843 2842 3905 sacta
2885 3842 3081 3903 robur
3125 3850 3430 3921 perpetue

725 3958 1013 4033 optineat
1059 3957 1391 4030 firmitatiS,
1436 3965 1765 4036 presentes
1809 3957 2108 4018 dedimus
2153 3956 2393 4018 litteras
2423 3959 2488 4016 in
2522 3957 2958 4017 testimonium
3007 3954 3194 4036 sigilli
3241 3953 3430 4014 nostri

722 4067 1041 4148 dupplicis
1070 4070 1425 4131 munimine
1457 4071 1805 4132 roboratas
1838 4069 2039 4132 Anno
2071 4069 2318 4130 domini
2353 4067 2640 4133 M⁰.CC⁰.
2675 4069 3214 4150 quinquagesimo
3247 4085 3428 4128 nono.

910 4289 1207 4363 Origy'nal
1246 4308 1331 4346 na
1370 4290 1744 4370 pergameni
1771 4309 1811 4346 u
1842 4287 1938 4346 kr.
1974 4308 2074 4363 ug.
2124 4289 2249 4346 dri.
2281 4288 2413 4346 ark.
2448 4307 2489 4344 u
2535 4288 2960 4364 Badimpesti:
3005 4287 3099 4345 M.
3141 4287 3209 4346 O.
3243 4285 3320 4344 D.
3353 4283 3416 4341 L.

724 4391 967 4451 33.714‚
1032 4393 1222 4452 Siara
1283 4395 1441 4467 αξη.
1500 4393 1586 4453 Ν.
1649 4395 1727 4452 R.
1786 4394 1857 4450 A.
1907 4395 2084 4470 fasc.
2141 4395 2312 4451 1502.
2374 4413 2471 4451 ne.
2525 4396 2614 4450 16.
2687 4426 2774 4434 —-
2819 4392 2926 4450 Na
2973 4392 3182 4448 listim·
3220 4388 3415 4448 velvi‘o

716 4499 1137 4573 emeno-§utos
1174 4499 1440 4573 svilenqj
1476 4500 1654 4556 vrvci
1696 4495 1946 4555 ulomak
1992 4496 2367 4571 dvostrukog
2397 4502 2628 4573 pec'ata
2673 4496 2935 4572 kraljice
2980 4496 3234 4571 Marije.

896 4603 1086 4678 Feje'r
1138 4603 1279 4662 cod.
1326 4603 1474 4679 dipl.
1524 4603 1633 4661 IV.
1683 4604 1737 4658 2.
1792 4605 2146 4660 500--504,
2197 4636 2279 4643 —
2327 4597 2707 4676 Kukuljevic'
2746 4601 2894 4675 Reg:
2943 4620 3038 4658 no.
3097 4601 3234 4658 783.
