3797 5795
1786 371 2042 434 ——368
2106 407 2189 414 ——

635 563 815 621 matri
866 574 1096 622 terram
1145 581 1324 622 suam
1373 573 1594 634 totam,
1664 581 1858 641 quam
1929 562 2211 624 habebat
2273 574 2336 623 et
2398 563 2516 624 sibi
2578 565 2639 622 in
2703 575 2879 642 parte
2948 577 3217 624 uenerat
3280 565 3343 622 in

633 671 980 734 Gradinico
1027 676 1204 735 iuxta
1242 686 1470 736 terram
1507 678 1705 736 sancti
1741 675 2063 736 Benedicti
2098 676 2181 736 ad
2221 675 2610 746 habendum.
2642 677 3016 749 tenendum,
3046 675 3343 736 uenden-

630 787 804 860 dum,
849 787 1225 848 donandum
1257 807 1374 866 pro
1419 791 1633 849 anima
1679 788 2093 849 indicandum
2140 803 2202 850 et
2251 788 2565 868 quidquid
2612 789 2728 849 sibi
2776 809 2860 849 ex
2906 809 2984 848 ea
3028 787 3340 866 deinceps

637 899 944 979 placuerit
988 899 1368 974 faciendum,
1399 902 1779 979 promittens
1823 903 2025 979 ipsam
2075 903 2130 961 ei
2178 903 2261 960 ab
2308 904 2485 962 omni
2533 901 2792 962 homine
2852 902 3165 982 legittime
3228 900 3341 961 de·

634 1011 892 1072 fendere
939 1024 1000 1072 et
1047 1012 1582 1091 excalurnpniare‚
1627 1033 1701 1074 ac
1761 1016 1859 1074 cui
1924 1014 2171 1075 dederit
2248 1026 2578 1075 auctorare
2636 1034 2711 1074 ac
2771 1014 3121 1096 disbrigare
3192 1033 3339 1074 cum

634 1126 954 1185 bonorum
1002 1144 1263 1186 suorum
1310 1127 1598 1186 omnium
1647 1125 2063 1208 obligacione.
2112 1129 2257 1204 Que
2292 1139 2473 1200 terra,
2523 1130 2569 1186 si
2620 1127 2780 1188 ultra
2836 1127 3040 1188 dictas
3114 1127 3337 1188 decem

633 1238 824 1298 libras
868 1239 1011 1316 plus
1056 1240 1309 1309 ualeret,
1357 1239 1420 1299 id
1466 1249 1676 1300 toturn
1722 1241 1856 1318 ipsa
1906 1239 2221 1300 Dimincia
2270 1240 2351 1300 de
2398 1241 2547 1300 dicti
2600 1239 2807 1300 Miche
2862 1242 2972 1300 viri
3038 1243 3129 1300 sui
3187 1259 3337 1300 con-

633 1369 822 1411 sensu
867 1361 930 1411 et
976 1350 1306 1412 uoluntate
1351 1355 1794 1430 prenominato
1843 1353 2041 1414 Perue
2089 1372 2201 1414 sue
2250 1356 2431 1414 matri
2498 1353 2761 1413 donauit
2810 1373 2983 1432 pure,
3033 1353 3227 1415 libere
3274 1364 3337 1412 et

634 1463 998 1542 simpliciter
1058 1465 1218 1524 inter
1277 1467 1476 1537 uiu05‚
1537 1484 1796 1526 sumens
1840 1467 1923 1525 ab
1986 1487 2061 1526 ea
2106 1469 2168 1526 in
2216 1468 2531 1544 premium
2580 1465 2820 1527 ibidem
2864 1466 2949 1526 ad
3025 1469 3334 1526 maiorem

634 1578 933 1637 noticiam
981 1587 1044 1636 et
1090 1577 1422 1652 cautelam,
1467 1578 1819 1638 secundum
1886 1579 2417 1639 consuetudinem
2486 1581 2757 1639 ciuitatis
2810 1579 3089 1640 anicium
3138 1597 3337 1640 unum

633 1690 782 1748 auri.
827 1686 1068 1749 Actum
1115 1692 1176 1749 in
1224 1708 1474 1750 camera
1521 1690 1842 1752 abbatisse
1887 1694 2083 1751 sancti
2137 1691 2461 1752 Benedicti
2509 1692 2937 1770 presentibus:
2988 1692 3160 1752 Desa
3216 1690 3336 1754 Ca-

634 1802 896 1876 ualusio,
942 1802 1233 1881 dompno
1278 1802 1601 1865 Dimincio
1648 1805 1999 1882 presbitero
2048 1806 2315 1865 testibus
2360 1816 2420 1865 et
2470 1804 2623 1865 aliis,

805 1914 948 1995 Ego
987 1913 1266 1994 Jacobus
1315 1917 1478 1976 Petri
1524 1919 1818 1978 conscius
1862 1921 2245 1978 examinaui.

805 2027 948 2108 Ego
997 2030 1294 2109 magister
1339 2028 1712 2090 Franciscus
1759 2031 2065 2109 imperiali
2112 2033 2490 2092 auctoritate
2538 2035 2820 2092 notarius
2882 2042 2944 2090 et
2994 2047 3164 2090 nunc
3228 2048 3334 2088 co-

630 2141 840 2200 munis
884 2139 1125 2219 Spalati
1173 2145 1408 2203 iuratus
1456 2145 1735 2203 notarius
1781 2143 1897 2204 hiis
1944 2146 2245 2205 omnibus
2290 2154 2551 2226 rogatus
2598 2144 2846 2205 interfui
2894 2154 2960 2203 et
3008 2145 3331 2216 utriusque

629 2253 825 2330 partis
885 2253 1215 2315 uoluntate
1277 2267 1470 2334 atque
1531 2255 1682 2316 dicti
1729 2256 1942 2318 Michc
2006 2259 2117 2318 uiri
2170 2257 2491 2318 Dimincie
2553 2276 2815 2318 assensu
2858 2259 3078 2335 scripsi
3128 2268 3189 2315 ct
3236 2275 3337 2314 ro-

631 2364 872 2425 boraui.

809 2480 1222 2553 (Illonogram.
1271 2484 1418 2546 not.)

817 2669 1113 2742 Orzginal
1153 2691 1192 2727 u
1240 2672 1460 2728 arkivu
1507 2683 1863 2731 samostana
1910 2695 1994 2731 w.
2048 2677 2283 2751 illartje
2331 2699 2369 2734 u
2420 2679 2647 2734 Zadru.

1891 2968 2085 3049 851.

631 3109 828 3190 1266,
873 3112 981 3176 19.
1028 3110 1397 3176 februara.
1447 3112 1505 3177 U
1550 3113 1811 3179 Zadru.

651 3298 804 3361 Vz'ta
853 3301 1072 3362 udova
1139 3300 1380 3363 Vrs‘c'ne
1425 3303 1672 3387 daruje
1717 3303 1912 3366 crkvz'
1950 3326 2045 3367 sv.
2082 3305 2337 3367 *Vz‘kole
2384 3328 2429 3367 u
2477 3308 2718 3369 Zadru
2769 3310 2900 3371 (iva
2951 3307 3335 3394 vz'nogrmla

1118 3434 1210 3474 na
1261 3414 1500 3477 Adonle
1552 3416 1790 3479 Ferreo
1837 3438 1913 3478 aa
1957 3425 2115 3501 spas
2161 3418 2331 3480 dus‘e
2374 3440 2575 3503 svoga
2626 3428 2838 3482 maia.

807 3604 878 3664 In
927 3608 1186 3665 nomine
1231 3606 1475 3667 domini
1523 3628 1729 3669 amen.
1775 3608 1973 3669 Anno
2021 3612 2480 3671 incarnacionis
2525 3586 2659 3672 eius
2708 3613 3043 3675 millesimo
3090 3615 3329 3676 ducen-

632 3720 862 3777 tesimo
892 3719 1294 3799 sexagesimo
1330 3722 1572 3797 quint0‚
1619 3726 1855 3782 mensis
1902 3722 2212 3795 februarii,
2259 3724 2362 3784 die
2410 3724 2747 3787 vndecima
2792 3740 3085 3797 exeunte,
3134 3729 3331 3789 indic-

629 3831 806 3889 tione
867 3849 1056 3903 nona‚
1109 3830 1352 3910 Jadere,
1418 3835 1812 3913 temporibus
1873 3835 2174 3915 equidem
2243 3837 2486 3899 domini
2543 3838 2841 3918 Raynerii
2904 3840 3065 3901 Geni
3138 3842 3331 3902 incliti

629 3940 810 4001 ducis
857 3942 1140 4003 Venecie
1186 3952 1266 4003 et·
1296 3948 1574 4025 magistri
1623 3947 1943 4008 Laurentii
1994 3950 2368 4010 venerabilis
2393 3950 2714 4029 jadrensis
2744 3953 3221 4034 archiepiscopi,
3252 3976 3331 4017 ac

631 4051 874 4115 domini
916 4055 1137 4135 Jacobi
1187 4056 1428 4134 Quirini
1479 4062 1708 4140 egregii
1757 4064 2025 4122 comitis.
2073 4062 2215 4143 Ego
2262 4071 2542 4142 namque
2591 4065 2653 4126 V
2657 4066 2871 4126 italina
2919 4087 3081 4127 vxor
3128 4087 3330 4144 quon-

629 4163 784 4227 dam
849 4168 1160 4249 Versinge
1224 4170 1516 4231 habitans
1570 4172 1816 4252 Jadere,
1882 4194 1997 4252 per
2044 4174 2167 4235 hoc
2226 4196 2487 4256 presens
2546 4178 2851 4256 scriptum
2899 4181 3066 4242 facio
3132 4184 3329 4241 mani-

628 4277 882 4354 festum,
927 4283 1262 4360 quomodo
1310 4304 1424 4362 pro
1473 4285 1882 4347 redemcione
1928 4290 2139 4348 anime
2189 4308 2331 4350 mee
2379 4292 2633 4369 meique
2681 4294 2881 4353 mariti
2946 4306 3011 4354 et
3058 4294 3161 4355 filii
3222 4296 3329 4365 do,

630 4387 828 4465 dOnO,
873 4394 1076 4467 trade,
1123 4406 1445 4457 transacto
1490 4408 1692 4478 atque·
1745 4400 1949 4459 ossero
1998 4405 2385 4462 monasterio
2450 4421 2561 4463 seu
2623 4405 2888 4466 ecclesie
2950 4410 3147 4468 sancti
3197 4407 3332 4486 Ny-

631 4502 791 4563 colai
859 4506 941 4566 de
982 4505 1212 4586 Jadera
1274 4509 1435 4570 duas
1497 4530 1672 4573 meas
1733 4514 1966 4588 vineaS,
2028 4534 2149 4574 vna
2212 4535 2481 4594 quarum
2552 4527 2649 4577 est
2710 4521 2917 4598 posita
2980 4524 3042 4581 in
3104 4522 3331 4583 Monte

633 4611 868 4677 Ferreo
915 4629 978 4679 et
1024 4620 1146 4681 alia
1210 4618 1358 4705 [que
1429 4620 1546 4705 est}
1610 4628 1817 4703 posita
1877 4628 1963 4688 ad
2028 4629 2263 4689 riuum'
2297 4648 2486 4707 super
2533 4643 2697 4691 terra
2748 4633 3331 4713 archiepiscopatus

626 4724 946 4804 jadrensis
991 4744 1054 4794 et
1102 4738 1318 4795 omnia
1363 4736 1604 4816 reliqua
1663 4738 1784 4798 alia
1831 4740 2004 4800 bona
2064 4759 2207 4801 mea
2274 4737 2585 4824 [mlobilia
2648 4758 2710 4805 ct
2774 4748 3143 4815 immobilia,
3204 4767 3331 4826 que

633 4838 838 4902 habeo
883 4854 946 4904 et
995 4844 1227 4906 habere
1273 4848 1491 4909 videor
1538 4852 1600 4909 in
1648 4850 1770 4911 hoc
1819 4853 2079 4925 mundo,
2149 4873 2295 4914 cum
2344 4858 2645 4917 omnibus
2691 4861 2817 4919 suis
2864 4856 3323 4944 longitu[di]ni·

635 4953 752 5014 bus
797 4965 859 5015 et
903 4957 1357 5032 latitudinibus,
1404 4981 1552 5023 cum
1599 4964 1900 5025 omnibus
1945 4968 2071 5025 suis
2117 4970 2303 5027 certis
2350 4972 2649 5039 terminiS,
2690 4972 3005 5033 habentiis
3049 4985 3112 5034 et
3144 4977 3333 5053 perti-

635 5068 876 5141 nentiis,
921 5078 1052 5130 tam
1104 5068 1377 5155 [s]ubtus
1424 5088 1674 5143 terram,
1721 5095 1917 5154 quam
1964 5098 2153 5157 supra
2202 5092 2435 5142 terram
2483 5085 2586 5156 ita,
2649 5086 2825 5163 quod
2870 5106 2907 5145 a
2954 5088 3059 5148 dic
3120 5088 3333 5149 obitus
