3797 5795
1533 440 1604 448 -
1673 403 1799 468 299
1861 439 1942 447 -

413 801 599 881 1264,
640 803 740 867 13.
777 805 984 884 juna.
1033 799 1094 866 U
1139 801 1404 868 Zadru.
1645 679 1834 758 794·

413 966 758 1028 Braloslav
825 965 1123 1029 Orlulan
1171 965 1206 1027 ι’
1243 973 1405 1028 zena
1473 987 1587 1028 mu
1652 967 1991 1052 Bagdana
2042 967 2462 1052 poklanjaju
2526 973 2927 1030 samostanu
2990 989 3087 1030 sv.

1287 1077 1542 1142 Nz'kole
1586 1101 1707 1142 sav
1752 1081 1908 1165 svoj
1942 1080 2196 1164 possed.

583 1271 648 1332 In
695 1273 950 1332 nomine
997 1272 1238 1332 domini
1287 1291 1496 1333 amen.
1543 1270 1742 1333 Anno
1789 1275 2239 1333 incarnationis
2284 1276 2417 1334 eius
2465 1273 2799 1334 millesimo
2858 1271 3095 1332 ducen-

409 1387 631 1444 tesimo
691 1387 1086 1466 sexagesimo
1148 1395 1394 1464 quarm,
1442 1386 1676 1446 mensis
1744 1387 1914 1458 iunii,
1959 1385 2063 1445 die
2109 1389 2296 1446 tertio
2367 1386 2621 1447 decimo
2668 1388 2958 1458 intrante,
3004 1388 3095 1445 in-

409 1498 684 1558 dictione
737 1499 1022 1577 septima‚
1076 1497 1320 1577 Jadere.
1382 1498 1813 1576 Temporibus
1890 1499 2191 1578 equidem
2255 1498 2498 1559 domini
2563 1497 2855 1577 Raynerii
2929 1495 3095 1561 Geni

406 1609 599 1672 incliti
656 1611 826 1670 ducis
873 1611 1156 1672 Venecie
1217 1621 1280 1671 et
1329 1613 1607 1692 magistri
1672 1611 1995 1672 Laurentii
2060 1612 2435 1672 venerabilis
2490 1610 2813 1691 Jadrensis
2874 1610 3097 1689 archy-

405 1725 700 1802 episcopi,
763 1743 838 1784 ac
905 1724 1147 1784 domini
1218 1722 1484 1785 Antonii
1540 1724 1900 1803 Superantii
1970 1727 2201 1805 egregii
2275 1727 2545 1785 comitis
2610 1723 2747 1785 Nos
2816 1743 3099 1802 namque

407 1836 802 1897 Bratoslauus
861 1836 1210 1899 Ortulanus
1269 1836 1432 1898 filius
1494 1838 1822 1917 quondam
1896 1837 2063 1898 Dine
2110 1849 2173 1898 ct
2222 1838 2531 1919 Bogdana
2594 1838 2717 1899 filia
2766 1837 3095 1916 quondam

405 1948 725 2030 Dragosci,
783 1953 1084 2031 coniuges
1144 1961 1208 2010 et
1267 1950 1658 2011 habitatores
1711 1951 2051 2031 Jadrenses
2118 1969 2266 2010 curn
2336 1953 2566 2011 nostris
2635 1950 2974 2012 heredibus
3035 1961 3096 2010 et

407 2063 864 2124 successoribus
923 2082 1038 2142 per
1098 2063 1222 2124 hoc
1282 2082 1542 2142 presens
1604 2067 1910 2143 scriptum
1981 2064 2246 2125 facimus
2294 2063 2719 2138 manifestum,
2765 2062 3099 2142 quomodo

408 2176 488 2234 ob
545 2194 816 2236 amorem
887 2177 1348 2255 omnipotentis
1409 2177 1510 2238 dei
1574 2189 1636 2236 et
1700 2179 1761 2236 in
1822 2180 2265 2238 remissionem
2328 2179 2614 2238 omnium
2687 2185 3099 2254 peccatorum

413 2298 762 2348 nostrorum
810 2288 893 2349 ab
943 2288 1135 2349 hodie
1181 2292 1241 2349 in
1290 2303 1480 2350 antea
1526 2292 1586 2349 in
1637 2291 1738 2352 dei
1785 2306 1848 2350 et
1893 2288 2120 2352 Christi
2169 2293 2431 2350 nomine
2478 2288 2723 2364 damuS,
2768 2289 3087 2350 donamus

411 2399 709 2461 tradimus
774 2413 966 2479 atque
1036 2411 1498 2463 transactamus
1567 2403 1711 2463 loco
1781 2406 1916 2464 siue
1986 2405 2375 2464 monasterio
2446 2403 2611 2464 beati
2686 2401 2955 2480 Nicolay
3020 2401 3103 2462 de

415 2513 628 2578 ladera
672 2517 882 2574 omnia
929 2526 1144 2576 nostra
1189 2516 1360 2577 bona
1407 2516 1668 2577 mobilia
1699 2528 1762 2576 et
1795 2516 2163 2589 immobilia,
2211 2525 2340 2576 tam
2378 2535 2627 2598 magna,
2661 2535 2853 2594 quam
2904 2534 3101 2594 parua

415 2634 603 2706 atque
659 2637 860 2689 totum
929 2639 1212 2690 nostrum
1276 2629 1510 2690 habere
1557 2630 1794 2690 mobile
1841 2640 1903 2690 et
1951 2628 2297 2700 immobile,
2351 2640 2483 2689 tam
2533 2648 2857 2711 magnum,
2904 2647 3101 2708 quarn

417 2758 690 2818 paruum,
736 2761 860 2817 que
925 2753 987 2802 et
1048 2742 1224 2818 quod
1293 2742 1605 2804 habemus
1667 2753 1730 2803 et
1791 2743 2025 2803 habere
2086 2742 2379 2802 uidemus
2438 2745 2501 2802 in
2564 2742 2687 2802 hoc
2746 2740 2993 2802 mundo
3039 2751 3102 2802 et

420 2855 757 2932 specialiter
803 2866 1006 2916 totum
1055 2873 1246 2917 vnum
1299 2865 1585 2918 nostrum
1636 2856 1847 2918 locum
1889 2868 2263 2936 coopertum
2300 2876 2382 2916 cx
2415 2855 2777 2937 lignamine,
2821 2857 3101 2935 positum

421 2968 479 3026 in
525 2964 834 3031 Cartinico
867 2971 928 3029 in
962 2968 1240 3031 confinio
1286 2971 1486 3031 sancti
1521 2968 1802 3031 Siluestri
1835 2988 1920 3029 ex
1952 2969 2198 3043 horrea,
2228 2972 2405 3029 iuxta
2438 2968 2651 3028 locum
2684 2987 2797 3029 seu
2828 2968 3097 3029 domum

422 3078 605 3141 Gotte
647 3082 730 3142 de
776 3081 986 3161 Sipica
1032 3094 1096 3143 et
1143 3084 1327 3143 iuxta·
1381 3081 1594 3143 locum
1661 3081 1969 3163 Bogdane
2015 3082 2097 3141 de
2145 3082 2465 3157 Polubica,
2510 3100 2595 3141 ex
2640 3091 2855 3141 austro
2924 3083 3101 3141 iuxta

423 3192 620 3255 locum
664 3196 798 3256 siue
845 3194 1111 3255 domurn
1163 3195 1496 3256 Radouani
1530 3205 1595 3255 et
1626 3196 1803 3255 iuxta
1850 3208 2063 3254 ortum
2111 3193 2282 3255 Dese
2329 3194 2410 3255 de
2457 3193 2619 3255 Mira
2651 3204 2713 3253 et
2746 3214 2829 3253 ex
2861 3194 3107 3272 quirina

421 3307 584 3367 iuxta
629 3308 838 3369 locum
887 3326 998 3369 seu
1047 3305 1354 3389 (h)ortum
1404 3308 1694 3368 Prodane
1741 3307 1822 3367 de
1868 3306 2142 3385 Spicola.
2188 3306 2271 3367 Et
2319 3316 2517 3368 totam
2568 3326 2759 3367 vnam
2822 3316 3105 3366 nostram

421 3420 675 3493 vineam,
720 3423 996 3500 positam
1060 3422 1144 3481 ad
1206 3430 1494 3481 sanctam
1559 3420 1903 3481 Barbaram
1968 3422 2029 3478 in
2092 3420 2405 3480 territorio
2472 3418 2677 3488 None,
2727 3439 2809 3479 ex
2878 3419 3107 3478 borrea

423 3532 586 3593 iuxta
651 3533 904 3594 derrum
981 3545 1198 3594 sancte
1274 3533 1549 3594 Barbare
1617 3554 1700 3593 ex
1764 3543 2045 3594 trauersa
2120 3535 2299 3593 iuxta
2376 3532 2626 3592 vineam
2706 3532 2931 3609 Helye,
3000 3528 3103 3591 filii

423 3645 735 3722 quondam
782 3644 1087 3720 Slauosci‚
1132 3666 1214 3707 ex
1262 3656 1476 3708 austro
1523 3650 1702 3706 iuxta
1749 3648 1962 3706 vineas
2001 3644 2310 3725 Johannis
2360 3645 2783 3726 Vermibogat
2828 3656 2892 3705 et
2940 3646 3101 3705 Petri

423 3758 658 3833 aurifici,
705 3760 810 3821 filii
862 3760 1193 3837 quondam
1242 3760 1419 3821 Luce
1466 3759 1547 3820 de
1595 3760 1896 3821 Presenta
1943 3769 2007 3818 et
2055 3757 2381 3819 Michaelis
2426 3757 2534 3819 filii
2579 3759 2873 3839 Tigonge
2922 3767 2985 3818 et
3017 3778 3103 3818 ex

425 3872 650 3949 quirina
709 3874 887 3934 iuxta
947 3876 1201 3934 vineam
1263 3872 1594 3952 quondam
1660 3872 1870 3933 Miche
1935 3871 2016 3932 de
2078 3870 2274 3954 CigaL
2335 3890 2483 3932 cum
2546 3870 2846 3931 omnibus
2906 3870 3107 3951 longi-

425 3982 732 4046 tudinibus
777 3996 841 4046 et
887 3986 1322 4047 latitudinibus
1369 3988 1656 4046 omnium
1718 3986 2289 4065 suprascriptorum
2352 3984 2671 4044 bonorum
2718 3994 2913 4061 atque
2959 4002 3106 4044 cum

424 4098 706 4160 omnibus
774 4117 995 4160 eorum
1065 4102 1251 4160 certis
1319 4100 1619 4168 terminiS,
1695 4098 2008 4159 habentiis
2076 4108 2139 4157 et
2206 4098 2619 4177 pertinentiiS,
2687 4108 2821 4157 tarn
2891 4096 3108 4157 subter

424 4220 657 4285 terram,
702 4230 900 4292 quam
965 4231 1153 4292 supra
1217 4223 1466 4284 terram,
1513 4214 1598 4271 ita
1645 4211 1822 4290 quod
1883 4221 2032 4289 post
2094 4211 2341 4271 obitum
2407 4218 2695 4271 nostrum
2744 4210 2983 4271 licitum
3030 4211 3107 4269 sit

422 4323 694 4401 predicto
741 4325 885 4386 loco
931 4326 1065 4387 siue
1111 4328 1501 4386 monasterio
1547 4324 1716 4386 beati
1764 4322 1825 4384 N
1829 4324 2038 4402 icolay
2085 4326 2347 4402 eiusque
2394 4322 2866 4383 successoribus
2891 4324 3109 4381 omnia

424 4445 484 4495 et
526 4438 759 4520 singula
823 4448 1038 4500 nostra
1099 4440 1274 4499 bona
1335 4439 1640 4519 premissa
1701 4437 1895 4499 libere
1957 4436 2210 4510 habere,
2271 4444 2712 4516 perpetuoque
2780 4432 3111 4513 possidere

425 4566 560 4609 cum
603 4551 790 4630 plena
836 4554 1070 4613 uirtute
1101 4562 1164 4613 et
1195 4561 1514 4631 potestate
1560 4548 2043 4625 intromittendi,
2078 4549 2372 4623 habendi,
2405 4547 2684 4621 tenendi,
2715 4546 3108 4627 possidendi,

423 4660 622 4739 dandi,
651 4664 954 4740 donandi,
987 4664 1323 4740 vendendi,
1355 4666 1622 4725 omnino
1668 4664 1987 4726 alienandi
2020 4671 2085 4723 et
2117 4662 2387 4724 faciendi
2419 4674 2613 4740 atque
2644 4672 2851 4721 totam
2885 4678 3106 4721 eorum

423 4775 800 4839 voluntatem
867 4788 930 4839 et
993 4778 1328 4839 utilitatem
1391 4796 1476 4837 ex
1537 4780 1625 4838 eis
1687 4776 2047 4849 exercendi,
2116 4776 2423 4855 operandi
2486 4786 2549 4836 et
2610 4774 3112 4854 percomplendi,

426 4892 664 4952 nemine
709 4892 800 4953 eis
845 4893 908 4951 in
954 4896 1336 4971 perpetuum
1398 4890 1894 4952 contradicente.
1942 4890 2026 4951 Et
2074 4892 2159 4949 ita
2207 4889 2325 4950 hec
2370 4888 2663 4963 dationiS,
2725 4889 3112 4961 donationi5‚

425 5002 762 5066 traditionis
807 5014 870 5065 et
915 5005 1362 5065 transactionis
1422 5012 1593 5064 carta
1653 5004 1955 5064 roborem
2002 5012 2311 5081 perpetue
2356 5003 2643 5063 obtineat
2691 5002 3001 5063 firmitatis
3048 5010 3112 5061 et

426 5116 852 5180 nichilominus
913 5138 1026 5198 per
1087 5137 1207 5179 nos
1252 5119 1352 5179 uel
1399 5137 1513 5197 per
1560 5128 1811 5179 nostros
1875 5114 2143 5177 heredes
2189 5126 2252 5175 et
2299 5134 2695 5177 successores
2758 5116 2878 5177 hec
2939 5122 3112 5176 carta
