3797 5795
1570 392 1981 456 „301-

1689 669 1881 748 796.

430 811 635 886 1264,
685 811 791 874 15.
829 809 1012 893 jula.
1058 808 1119 875 U
1164 807 1622 876 Gittavechii.

442 999 671 1062 Urban
720 999 767 1061 I
779 999 849 1062 V.
905 1005 1087 1084 papa
1141 999 1467 1084 potvrdju
1455 1000 1538 1084 je
1596 999 1879 1083 hercegu
1940 999 2326 1062 krvatskom
2389 997 2556 1062 Beli
2611 998 2777 1061 neke
2835 999 3136 1084 grado-ve

1126 1113 1467 1176 dare-vane
1514 1133 1628 1174 mu
1675 1113 1767 1175 od
1808 1133 1925 1174 oca
1971 1132 2020 1174 u
2079 1111 2436 1195 Ugarskoj.

608 1303 905 1366 Urbanus
944 1305 1281 1383 episcopus
1328 1323 1543 1365 servus
1590 1323 1915 1365 servorum
1951 1303 2054 1364 dei
2086 1303 2320 1364 dilecto
2368 1303 2496 1365 filio
2543 1303 2740 1364 nobili
2801 1306 2936 1364 viro
2985 1303 3136 1365 Bele

430 1417 575 1478 duci
623 1415 960 1478 Sclavonie
1015 1417 1285 1478 salutem
1333 1428 1397 1477 et
1443 1415 1863 1496 apostolicam
1925 1416 2463 1477 benedictionem.
2516 1417 2636 1477 Pro
2684 1415 2830 1477 fidei
2879 1419 3134 1492 meritis,

431 1549 555 1608 que
600 1549 715 1609 per
762 1527 992 1592 Christi
1046 1532 1314 1611 gratiam
1361 1529 1615 1590 rutilare
1676 1530 2133 1608 comprobaris
2180 1540 2244 1590 te
2289 1528 2558 1590 libenter
2603 1530 2857 1608 speciali
2922 1529 3135 1591 favore

428 1643 873 1722 prosequimur
939 1652 1001 1702 et
1071 1660 1197 1720 que
1268 1643 1377 1703 tibi
1449 1643 1936 1721 prosperitatem
2013 1642 2307 1716 adiciant,
2375 1641 2711 1703 liberaliter
2780 1642 3135 1724 elargimur,

428 1755 613 1816 firma
642 1754 1015 1816 credulitate
1047 1765 1357 1828 tenentes
1402 1755 1580 1835 quod
1628 1765 1871 1833 quanto
1918 1756 2188 1837 gratiam
2225 1755 2636 1836 grandiorum
2668 1755 2752 1816 ab
2783 1755 3135 1834 apostolica

429 1868 585 1929 sede
625 1870 999 1948 perceperis,
1044 1879 1225 1928 tanto
1272 1869 1325 1928 ei
1374 1868 1732 1928 ferventiori
1784 1868 1998 1928 studio
2044 1879 2107 1928 te
2155 1879 2475 1948 oportuno
2507 1879 2798 1949 tempore
2844 1868 3133 1930 studebis

431 1981 741 2042 devotum
788 2001 899 2059 per
945 1982 1245 2043 essectum
1308 1983 1517 2059 operis
1578 1980 1900 2042 exhibere.
1963 1979 2134 2042 Sane
2195 1982 2417 2060 petitio
2465 1991 2573 2042 tua
2621 1982 2806 2042 nobis
2851 1982 3135 2043 exhibita

432 2094 819 2168 continebat,
881 2095 1059 2174 quod
1121 2097 1477 2155 carissimus
1538 2097 1601 2154 in
1664 2092 1916 2157 Christo
1977 2093 2139 2156 filius
2197 2105 2413 2155 noster
2474 2094 2628 2156 Bela
2693 2095 2974 2177 Ungarie
3022 2115 3139 2156 rex

432 2207 685 2269 illustris
730 2219 910 2287 pater
956 2219 1119 2281 tuuS,
1164 2207 1500 2288 diligenter
1546 2208 1904 2280 attendenS‚
1965 2207 2144 2286 quod
2191 2207 2272 2268 de
2320 2207 2538 2280 Nitria,
2582 2206 2666 2268 de
2713 2207 3008 2281 PosoniO,
3055 2207 3139 2269 de

436 2320 711 2394 Musum,
772 2321 854 2381 de
900 2319 1200 2399 Supruno
1248 2331 1312 2380 et
1356 2319 1661 2381 Ferreum
1723 2330 1928 2380 castra
1987 2320 2163 2401 regni
2231 2319 2511 2400 Ungarie
2557 2322 2620 2379 in
2667 2319 2948 2380 confinio
3009 2322 3144 2380 eius

433 2437 569 2506 sita,
616 2433 825 2494 eidem
874 2452 1091 2514 regn0,
1138 2435 1188 2492 si
1235 2452 1329 2507 ea,
1375 2433 1553 2508 quod
1599 2433 1764 2494 absit
1809 2432 1893 2494 ad
1942 2433 2158 2494 hostes
2203 2434 2604 2512 pervenirent
2654 2434 2864 2512 ipsius,
2925 2436 3142 2514 gravia

436 2547 771 2626 dispendia
820 2549 1226 2607 imminerent
1257 2557 1321 2606 et
1354 2546 1531 2621 quod
1576 2545 1805 2606 eadem
1852 2557 2058 2607 castra
2105 2565 2217 2625 per
2261 2557 2325 2606 te
2372 2546 2584 2606 utilius
2635 2555 2901 2624 possent
2945 2565 3142 2626 quam

437 2678 551 2739 per
597 2659 790 2719 alium
836 2659 1191 2740 gubernari,
1238 2679 1314 2719 ea
1347 2659 1455 2718 tibi
1490 2661 1661 2740 regia
1709 2659 2084 2720 liberalitate
2131 2659 2412 2732 donavit,
2457 2670 2648 2738 prout
2679 2661 2743 2719 in
2775 2660 3144 2738 patentibus

437 2773 656 2832 litteris
718 2772 867 2832 dicti
915 2773 1078 2852 regis
1123 2772 1432 2833 consectis
1478 2771 1715 2832 exinde
1776 2772 2026 2851 plenius
2081 2772 2307 2832 dicitur
2354 2773 2680 2832 contineri.
2743 2771 2881 2832 Nos
2925 2775 3140 2852 itaque

436 2889 559 2947 tuis
619 2895 682 2947 et
746 2885 971 2965 prefati
1031 2886 1197 2967 regis
1264 2884 1837 2964 supplicationibus
1907 2885 2204 2957 inclinati,
2270 2885 2690 2946 donationem
2757 2884 3141 2960 huiusmodi,

435 3002 597 3061 sicut
642 2999 907 3079 provide
954 2998 1121 3060 sacta
1164 3007 1278 3071 est,
1324 3008 1526 3059 ratam
1574 3011 1638 3058 et
1684 2997 1934 3059 firmam
1981 2998 2310 3073 habenteS,
2373 3017 2512 3059 eam
2563 3002 2940 3059 auctoritate
2986 3018 3140 3077 apo-

438 3112 659 3173 stolica
728 3111 1186 3173 confirmamus
1252 3125 1372 3173 etc.
1442 3131 1643 3190 usque
1711 3114 2202 3173 communimus
2273 3111 2442 3172 Nulli
2511 3130 2666 3193 ergo
2734 3121 2852 3172 ete.
2924 3122 3139 3172 nostre

437 3226 941 3286 confirmationis
984 3239 1101 3286 ete.
1149 3225 1389 3286 Datum
1436 3225 1610 3304 apud
1663 3225 1904 3287 Urbem
1953 3236 2232 3285 veterem
2280 3224 2488 3284 idibus
2535 3224 2680 3298 iulii,
2734 3223 3142 3303 pontificatus

438 3340 635 3399 nostri
684 3357 855 3399 anno
902 3341 1107 3399 tertio.

626 3532 889 3588 Theiner
930 3532 1102 3588 Mon.
1152 3532 1352 3605 Hung
1403 3530 1451 3589 J.
1492 3550 1585 3587 no,
1644 3534 1779 3587 496.
1826 3539 1934 3588 str.
1981 3533 2120 3587 272.
2168 3530 2234 3587 [ε
2280 3551 2407 3604 reg.
2445 3530 2675 3607 pontif.
2727 3550 2826 3587 an.
2881 3529 2999 3588 III.
3050 3539 3138 3605 ep.

442 3638 603 3691 1813.
677 3636 840 3693 Tom.
903 3634 1024 3694 III.
1080 3636 1219 3691 336.
1272 3618 1351 3679 -)
1417 3634 1661 3692 Wenzel
1709 3634 1849 3693 cod.
1901 3634 2132 3710 Arpad.
2195 3634 2318 3693 III.
2374 3638 2468 3696 96.
2523 3666 2598 3677 --
2647 3634 2931 3690 Pottltast
2987 3635 3138 3707 Reg.

430 3741 660 3818 pontif.
712 3740 795 3798 II.
847 3760 940 3797 no„
990 3742 1225 3797 18.972.
1272 3772 1359 3782 —
1403 3738 1780 3815 Kukub'evic‘
1817 3740 1971 3811 Reg.
2020 3758 2118 3796 no·
2155 3742 2288 3797 867.
2348 3737 2472 3795 Isto
2518 3742 2610 3795 §to
2657 3738 2684 3794 τ’
2717 3738 2852 3813 pod
2889 3737 2977 3794 br.
3020 3740 3144 3793 770

438 3864 613 3902 samo
639 3846 715 3920 je
758 3845 1042 3902 dodana:
1090 3844 1423 3910 »Jerreum
1470 3852 1804 3900 castrum«.

1702 4133 1892 4213 797.

444 4278 649 4357 1264,
697 4278 803 4342 15.
843 4276 1022 4359 iulo..
1072 4276 1131 4341 U
1176 4274 1629 4341 cittavechii.

456 4466 689 4530 Urbem
760 4466 809 4527 J
822 4466 891 4527 V.
949 4472 1128 4549 papa
1196 4464 1591 4549 potvrdjuje
1667 4463 1835 4526 Beli
1887 4464 2172 4547 hercegu
2237 4462 2536 4547 gradove
2606 4460 2638 4523 ι’
2705 4459 3026 4545 iupanz'je
3097 4482 3144 4522 u

954 4578 1351 4661 Hrvatskoj‚
1410 4576 1727 4641 krvatskz'
1764 4576 1987 4639 dukat
2030 4575 2064 4638 i
2101 4574 2320 4639 soline
2368 4575 2640 4637 morske.

620 4772 919 4835 Urbanus
962 4773 1301 4849 episcopus
1346 4788 1559 4830 servus
1605 4786 1932 4829 servorum
1972 4766 2074 4828 dei
2108 4766 2342 4829 dilecto
2388 4766 2518 4828 filio
2565 4767 2761 4828 nobili
2808 4768 2942 4827 viro
2991 4766 3145 4827 Bele

444 4886 589 4947 duci
666 4884 1005 4949 Sclavonie
1079 4883 1349 4945 salutem
1418 4893 1480 4943 et
1548 4882 1968 4960 apostolicam
2034 4881 2568 4942 benedictionem.
2638 4878 2806 4958 Quia
2880 4879 3007 4940 deo
3081 4890 3144 4939 et

444 5000 708 5061 ecclesie
756 4998 1027 5059 devotus
1058 5016 1197 5057 esse
1228 4995 1591 5068 dinosceriS,
1637 5012 1980 5073 personam
2013 5004 2191 5055 tuam
2223 4994 2490 5054 libenter
2521 4994 2820 5071 prosequi
2855 4991 3146 5052 volumus

447 5112 703 5194 benigni
752 5110 1146 5173 exhibitione
1192 5110 1439 5169 favoris.
1489 5108 1657 5167 Hinc
1704 5118 1815 5180 est,
1863 5108 2040 5186 quod
2087 5126 2206 5167 nos
2252 5106 2522 5166 obtentu
2568 5106 3034 5167 carissimorum
3082 5107 3143 5163 in
