3797 5795
1885 439 1967 446 —
2025 401 2152 464 384
2213 433 2294 441 -

1266 803 1271 808 ,
1628 795 1634 808 ‚
1988 694 2183 774 864.

725 875 919 955 1266,
964 875 1071 940 22.
1111 874 1316 956 juna.
1364 872 1424 937 U
1472 871 1778 957 Spljetu.

1412 1063 1722 1147 Pogodba
1759 1061 1957 1146 glede
1995 1057 2412 1145 posudjem'k
2459 1079 2731 1121 novam.

890 1257 961 1316 In
1031 1258 1290 1317 nomine
1357 1255 1599 1315 domini
1671 1257 1863 1314 nostri
1927 1251 2078 1334 Jesu
2147 1251 2374 1314 Christi
2443 1271 2650 1312 amen.
2715 1249 2908 1311 Anno
2976 1269 3013 1310 a
3083 1251 3422 1311 natiuitate

710 1370 995 1431 eiusdem
1060 1369 1395 1429 millesimo
1456 1367 1928 1429 ducentessimo
1975 1368 2378 1447 sexagesimo
2423 1377 2628 1438 sext0,
2675 1364 3020 1424 indictione
3065 1382 3258 1436 nona,
3307 1362 3417 1423 die

709 1501 879 1542 nona
955 1491 1234 1542 exeunte
1310 1481 1500 1552 iuni0‚
1546 1491 1853 1560 regnante
1929 1479 2196 1540 domino
2273 1489 2491 1538 nostro
2567 1477 2720 1538 Bela
2787 1478 3190 1538 serenissimo
3262 1494 3422 1557 rege

706 1595 1003 1675 Vngarie,
1051 1593 1313 1654 ecclesia
1358 1591 1713 1671 Spalatensi
1760 1602 2031 1652 uacante
2077 1602 2350 1670 pastore,
2395 1590 2792 1669 temporibus
2831 1588 3076 1652 domini
3125 1589 3409 1650 Rolandi

703 1706 954 1767 illustris
1020 1709 1215 1766 totius
1284 1705 1623 1768 Sclauonie
1691 1705 1842 1766 bani
1911 1714 1974 1765 et
2030 1707 2282 1766 comitis
2349 1703 2754 1783 SpalatensiS,
2817 1702 3058 1782 Duymi
3125 1701 3420 1778 Cassarii,

701 1817 987 1900 Gregorii
1036 1817 1256 1881 Grube
1302 1831 1366 1880 et
1411 1819 1575 1880 Petri
1625 1817 1952 1882 Cerneche
1997 1818 2293 1880 iudicum.
2341 1817 2628 1896 Grupsca
2675 1815 3031 1894 Miluss(ov)
3066 1817 3292 1878 dicens
3343 1837 3414 1877 se

698 1931 1075 1992 fideiussisse
1136 1930 1447 2013 Gregorio
1504 1932 1811 2012 johannis
1878 1931 2102 1996 Uitalis
2160 1951 2280 2010 pro
2349 1930 2618 1992 Nicolao
2663 1931 2996 2011 quondam
3047 1929 3295 2012 f(ratre)
3349 1932 3410 1990 in

693 2043 867 2105 libris
934 2045 1355 2126 quadraginta
1424 2057 1487 2106 et
1556 2058 1803 2125 septem
1874 2046 2279 2107 denariorum
2347 2062 2694 2124 paruorum
2763 2062 2954 2122 super
3017 2044 3209 2104 bonis
3253 2044 3412 2104 dicti

690 2157 895 2218 fratris
941 2159 1052 2231 sui,
1079 2156 1179 2238 (si)
1206 2157 1446 2236 aliquid
1493 2158 1792 2220 deficeret
1824 2157 2163 2241 (eiusdem)
2197 2158 2402 2230 bonis,
2432 2156 2762 2217 confessus
2794 2156 2908 2218 fuit
2941 2158 3076 2236 ipse
3111 2155 3410 2236 Grupsca

688 2288 801 2347 per
847 2270 970 2331 hoc
1016 2289 1278 2350 presens
1326 2273 1835 2346 instrumentum,
1882 2291 1952 2333 se
1997 2272 2206 2333 adhuc
2253 2271 2335 2332 de
2381 2271 2566 2332 dictis
2596 2270 3014 2352 quadraginta
3051 2280 3116 2330 et
3149 2281 3406 2349 septem

688 2381 861 2442 libris
906 2382 1058 2444 dare
1104 2395 1323 2446 tenere
1369 2387 1483 2463 ipsi
1533 2383 1845 2466 Gregorio
1890 2386 2080 2446 libras
2127 2385 2354 2446 decem
2401 2395 2466 2445 et
2511 2394 2758 2462 septem
2810 2384 3224 2444 denariorum
3257 2403 3404 2463 par-

686 2512 930 2569 uornm,
991 2516 1149 2577 quas
1194 2500 1249 2557 ei
1300 2500 1542 2579 integre
1606 2498 1759 2558 dare
1804 2511 1867 2560 et
1913 2498 2162 2559 soluere
2205 2497 2498 2576 promisit
2561 2496 2704 2556 hinc
2764 2497 2848 2556 ad
2895 2496 3126 2558 festum
3191 2499 3400 2558 sancti

684 2605 937 2667 Martini
997 2611 1297 2688 proximo
1364 2621 1703 2672 uenturum
1750 2612 1870 2672 sub
1915 2630 2082 2690 pena
2127 2611 2302 2690 dupli
2349 2610 2662 2672 dictarum
2728 2609 3028 2671 librarum
3079 2629 3230 2671 cum
3279 2611 3398 2670 bo-

682 2737 911 2781 norum
974 2740 1235 2782 suorum
1299 2727 1587 2787 omnium
1650 2725 2041 2806 obligatione
2087 2725 2149 2784 in
2199 2723 2428 2802 quibus
2475 2723 2661 2784 bonis
2708 2723 3222 2803 quibuscumque
3271 2725 3388 2802 ipsi

679 2829 991 2915 Gregorio
1050 2834 1356 2915 placuerit
1407 2885 1784 2899 .......
1831 2839 2087 2918 propria
2135 2884 2641 2901 .........
2689 2837 2902 2915 aliqua
2960 2836 3146 2896 liceat
3208 2839 3385 2899 curie

676 2946 779 3008 uel
827 2948 1133 3009 mandato
1200 2952 1431 3011 intrare
1500 2951 1682 3012 liceat
1728 2962 1791 3012 et
1836 2952 1918 3013 de
1965 2954 2054 3012 eis
2099 2949 2378 3012 uendere
2446 2968 2646 3030 usque
2713 2950 2798 3010 ad
2863 2968 3046 3010 suam
3111 2950 3382 3029 plenam

672 3057 985 3121 dictarum
1047 3061 1347 3123 librarum
1408 3074 1469 3123 et
1518 3064 1693 3143 dupli
1740 3064 2154 3137 solucionem,
2199 3067 2247 3124 si
2295 3063 2378 3124 de
2423 3064 2514 3125 eis
2560 3064 2679 3124 sibi
2725 3064 3001 3124 termino
3047 3063 3385 3125 antedicto

670 3188 803 3232 non
867 3171 1050 3234 fuerit
1112 3177 1352 3257 integre
1411 3176 1819 3250 satisfactum,
1879 3176 2348 3250 uendicionem,
2395 3194 2592 3255 quam
2641 3186 2793 3237 tunc
2846 3178 2981 3255 ipse
3028 3175 3387 3259 Gregorius

666 3282 753 3344 de
799 3288 933 3347 eius
978 3288 1163 3349 bonis
1208 3288 1461 3362 faceret,
1490 3291 1779 3367 promisit
1811 3289 2016 3350 dictus
2049 3286 2338 3367 Grupsca
2371 3288 2622 3349 firmam
2655 3298 2719 3349 et
2751 3297 2954 3349 ratam
2988 3300 3382 3368 perpetuum

664 3394 903 3459 habere
934 3410 996 3461 et
1029 3410 1263 3473 tenere,
1298 3403 1674 3461 renuncians
1719 3405 1893 3462 omni
1928 3402 2166 3463 auxilio
2199 3403 2345 3461 iuris
2374 3400 2858 3461 consuetudinis
2887 3414 2953 3461 et
2985 3413 3384 3463 statutorum

661 3511 937 3574 ciuitatis
981 3532 1057 3573 ac
1102 3514 1432 3573 cuiuslibet
1478 3514 1733 3574 alterius
1778 3533 1968 3575 causa
2013 3518 2069 3575 ei
2114 3515 2330 3592 aliquo
2379 3513 2579 3574 modo
2639 3516 3034 3593 competenti
3079 3526 3141 3573 et
3191 3533 3374 3575 com-

660 3625 953 3698 petitum.
999 3624 1238 3686 Actum
1285 3638 1434 3687 ante
1479 3629 1831 3687 stacionem
1880 3626 2076 3688 Madii
2127 3626 2358 3700 Miche‚
2402 3626 2802 3706 presentibus
2848 3625 3181 3689 Semiricio
3233 3626 3368 3687 Mu·

659 3739 806 3797 racii
848 3736 1097 3817 Juanne
1143 3738 1341 3799 Madii
1388 3741 1654 3800 testibus
1700 3752 1761 3800 et
1810 3740 1959 3801 aliis.

836 3850 977 3931 Ego
1026 3849 1277 3912 Madius
1324 3852 1484 3913 filius
1532 3852 1743 3913 Miche
1790 3854 2172 3914 examinaui.

834 3962 975 4044 Ego
1021 3966 1321 4045 magister
1378 3965 1433 4025 F
1436 3969 1753 4027 ranciscus
1813 3966 2117 4045 imperiali
2180 3968 2556 4027 auctoritate
2603 3967 2884 4027 notarius
2927 3975 2992 4027 et
3039 3984 3212 4026 nunc
3259 3984 3370 4027 co-

659 4077 867 4136 munis
925 4074 1164 4154 Spalati
1214 4080 1475 4159 (iuratus
1522 4077 1825 4159 notarius)
1873 4089 2130 4160 rogatus
2190 4080 2438 4139 interfui
2501 4091 2564 4140 et
2632 4079 2961 4142 uoluntate
3029 4082 3361 4159 utriusque

658 4189 851 4264 partis
896 4191 1108 4267 scripsi
1158 4202 1219 4249 et
1266 4191 1582 4252 roboraui.

829 4330 1017 4402 (Szgrn
1024 4348 1123 4385 um
1171 4331 1452 4397 notarii).

834 4519 1131 4592 Orzssginal
1172 4539 1211 4575 u
1258 4521 1480 4577 arkivu
1524 4532 1882 4581 samos-tana
1943 4542 2029 4580 sv.
2081 4524 2315 4597 illarg'je
2363 4544 2404 4581 u
2454 4526 2684 4582 Zadru.
2761 4526 3010 4585 Listina
3055 4530 3360 4587 os'tec‘ena.
