3797 5795
1556 383 1903 448 -33-

375 586 664 637 nostram
723 578 1120 655 presenciam
1169 575 1366 636 iidem
1420 574 1525 636 filii
1567 574 1766 655 jacou
1823 584 2059 635 terram
2120 572 2511 652 sepedictam
2572 572 2835 631 domine
2894 572 3078 631 uxori

369 686 553 749 Acha
595 691 847 750 comitis
878 708 964 749 ex
993 704 1309 751 consensu
1356 690 1550 768 ipsius
1581 686 1766 749 Acha
1810 689 2062 748 comitis
2108 684 2533 747 uendiderunt
2572 695 2637 745 et
2682 683 3078 745 tradiderunt

367 802 500 862 iure
545 812 858 881 perpetuo
918 800 1375 880 possidendam
1425 820 1543 880 pro
1591 800 1833 861 eisdem
1889 800 2111 881 uiginti
2170 800 2399 859 marcis
2444 798 2551 859 fini
2597 798 2860 880 argenti,
2918 815 3079 875 quas

373 914 466 975 de
510 916 768 994 propria
813 914 1084 994 pecunia
1129 933 1243 975 sua
1287 914 1592 993 persoluit
1637 914 1902 975 domina
1956 912 2317 993 supradicta
2361 931 2479 991 pro
2526 910 2746 972 debito
2806 910 3078 971 filiorum

359 1026 562 1107 Jacou
608 1038 967 1107 prenotatO,
1012 1030 1097 1088 ita
1144 1038 1380 1101 tamen,
1428 1027 1606 1107 quod
1637 1026 1842 1089 dictus
1866 1025 2053 1088 Acha
2094 1044 2313 1086 comes
2346 1028 2517 1105 ipsos
2562 1023 2725 1085 filios
2764 1022 2963 1104 Jacou
2994 1022 3078 1083 de

363 1159 537 1219 pena
583 1140 777 1221 dupli,
807 1137 926 1223 (in)
960 1159 1154 1220 quam
1203 1159 1350 1222 erga
1395 1140 1790 1219 Tyburcium
1837 1142 2144 1201 comitem
2176 1139 2545 1212 inciderant,
2590 1137 2824 1198 debeat
2870 1135 3079 1196 modis

363 1254 668 1315 omnibus
711 1253 1016 1333 expedire
1061 1264 1123 1314 et
1171 1256 1329 1315 sicut
1378 1253 1662 1332 partibus
1706 1252 2124 1314 referentibus
2168 1252 2353 1313 nobis
2384 1252 2684 1324 constitit,
2728 1252 2864 1329 ipsa
2910 1259 3075 1309 terra

363 1365 728 1428 Pissenicha
784 1376 948 1427 terre
995 1367 1290 1440 Polance,
1357 1384 1554 1447 quam
1616 1364 1798 1427 Acha
1866 1384 2087 1427 comes
2156 1367 2337 1427 uxori
2400 1383 2512 1425 sue
2578 1383 2697 1443 pro
2750 1362 2903 1423 dote
2964 1380 3077 1422 sua

359 1480 652 1555 contulit,
712 1490 1130 1541 conmetatur.
1209 1480 1280 1541 In
1356 1482 1532 1541 cuius
1607 1481 1695 1541 rei
1771 1480 2207 1540 testimonium
2286 1489 2612 1557 presentes
2686 1476 2923 1537 litteras
2989 1473 3072 1535 ad

361 1593 744 1654 instanciam
789 1595 1074 1672 parcium
1121 1592 1510 1655 contulimus
1557 1593 1738 1675 sigilli
1783 1594 1981 1653 nostri
2031 1593 2383 1653 munimine
2427 1590 2773 1651 roboratas,
2834 1587 3075 1649 Datum

357 1724 479 1784 per
509 1723 737 1767 manus
769 1707 1049 1788 magistri
1083 1705 1410 1767 Michaelis
1441 1706 1690 1767 lectoris
1722 1704 1985 1767 ecclesie
2032 1716 2265 1777 nostre,
2310 1723 2481 1765 anuo
2514 1704 2597 1765 ab
2629 1703 3072 1763 incarnacione

363 1817 616 1879 domini
663 1818 1000 1881 millesimo
1046 1819 1488 1881 ducentesimo
1535 1819 2070 1899 quinquagesimo
2116 1820 2407 1896 septimo,

551 2008 856 2085 Orzginal
895 2032 936 2069 u
983 2011 1206 2069 arkivu
1234 2010 1719 2087 jugoslavenske
1760 2010 2110 2087 akademg'je
2142 2030 2181 2067 u
2214 2009 2530 2084 Zagrebu:
2576 2010 2748 2084 Dipt.
2796 2028 2855 2064 a.
2906 2011 3017 2061 125
3028 2010 3077 2063 7.

359 2115 473 2171 Na
520 2116 727 2172 listini
765 2117 890 2172 visi
931 2116 1172 2173 svilena
1217 2136 1402 2173 vrvca
1429 2118 1626 2192 jasne
1670 2115 1996 2191 ljubic'aste
2040 2115 2171 2190 boje
2186 2135 2209 2181 ,·
2244 2119 2432 2191 pedat
2468 2116 2529 2183 je
2574 2122 2765 2189 otpcw.

543 2219 922 2295 Kukuljevid
959 2222 1108 2294 Reg.
1156 2220 1243 2276 br.
1301 2224 1438 2279 747.

1633 2625 1826 2703 600.

357 2799 568 2878 1258,
613 2800 678 2864 5.
717 2797 1064 2881 Januara.
1111 2798 1172 2865 U
1218 2797 1524 2883 Spljetu.

379 2986 686 3052 Udovica
723 2987 1070 3052 Skumufia
1101 2988 1260 3072 daje
1288 2991 1432 3053 sebe
1456 2989 1492 3052 z·
1505 3012 1626 3053 sva
1656 2989 1846 3074 svoja
1878 2988 2083 3052 dobra
2114 2993 2513 3051 samostanu
2545 3011 2639 3051 sv.
2668 2986 3075 3051 Benedz'kla.

546 3180 616 3241 In
666 3179 896 3244 Christi
944 3184 1205 3242 nomine
1251 3199 1458 3242 amen.
1505 3180 1703 3242 Anno
1749 3181 1994 3244 domini
2041 3182 2376 3244 millesimo
2422 3180 2863 3241 ducentesimo
2895 3182 3077 3260 quin-

365 3296 752 3375 quagesimo
799 3305 1050 3368 octau0,
1113 3313 1334 3355 mense
1380 3296 1657 3368 ianuarii,
1741 3296 1966 3374 quinto
2012 3294 2116 3356 die
2163 3297 2453 3368 intrante,
2512 3305 2726 3355 actum
2776 3303 2871 3354 est
2916 3312 2996 3353 oc
3016 3289 3079 3374 (1)

361 3408 429 3468 in
479 3409 801 3486 presenzia
820 3403 884 3489 (1)
951 3425 1134 3468 orum
1155 3403 1218 3490 (!)
1287 3409 1577 3468 testium:
1626 3407 1885 3468 Radosii
1950 3410 2236 3469 canonici
2297 3422 2362 3469 et
2409 3407 2730 3470 Dominici
2792 3405 3077 3467 eiusdem

365 3520 636 3582 ecclesie
719 3519 1026 3599 capelani,
1109 3519 1324 3582 Duimi
1395 3518 1608 3583 Casari
1656 3531 1718 3581 et
1767 3520 1994 3582 Marini
2066 3521 2434 3582 Bonazunta
2517 3523 2941 3600 procuratoris
3016 3529 3079 3580 et

365 3630 682 3712 Stephani
737 3632 896 3714 Justi
958 3643 1024 3693 et
1069 3633 1358 3694 aliorum.
1427 3633 1568 3714 Ego
1631 3633 1963 3708 Scumuza‚
2024 3634 2147 3695 filia
2195 3632 2455 3708 Conicii,
2501 3635 2723 3694 orbata
2778 3652 2896 3694 suo
2942 3633 3078 3693 uiro

365 3747 546 3806 uenit
593 3791 1040 3805 ........
1093 3744 1358 3806 ecclesie
1421 3745 1505 3806 ad
1569 3749 2027 3807 monasterium
2090 3748 2257 3808 beati
2330 3747 2653 3808 Benedicti
2700 3757 2763 3807 et
2809 3745 3079 3806 contulit

361 3876 436 3918 se
484 3867 546 3918 et
598 3858 818 3918 omnia
863 3876 978 3918 sua
1024 3857 1214 3933 bona,
1260 3867 1390 3918 tam
1442 3859 1705 3920 mobilia
1753 3878 1950 3938 quam
2000 3860 2367 3933 immobilia,
2413 3859 2497 3920 ad
2544 3879 2771 3920 manus
2816 3860 3079 3921 domine

367 3970 694 4032 abbatisse
761 3984 825 4030 et
897 3970 982 4031 ad
1051 3989 1232 4031 suam
1303 3971 1720 4042 uoluntatem,
1789 3983 1860 4033 ut
1907 3975 2041 4052 ipsa
2110 3972 2423 4035 Scumuza
2490 3974 2746 4035 uiuente
2814 3973 3077 4034 domina

365 4081 664 4148 Chatena
708 4083 1031 4144 abbatissa
1089 4103 1276 4145 causa
1323 4087 1533 4166 gracie
1579 4097 1644 4146 et
1691 4089 1968 4147 caritatis
2011 4085 2277 4147 contulit
2324 4088 2380 4147 ei
2427 4089 2642 4148 omnia
2688 4086 2907 4161 redita,
2952 4106 3077 4168 que

361 4196 485 4256 sibi
531 4195 895 4270 acciderint,
942 4206 1011 4257 ut
1057 4199 1194 4276 ipsa
1252 4197 1589 4260 distribuat
1643 4219 1761 4278 pro
1809 4218 1876 4259 se
1924 4209 1986 4259 et
2033 4218 2150 4279 pro
2194 4197 2371 4282 sui(s)
2420 4199 2755 4274 defunctiS‚
2795 4220 2913 4279 pro
2958 4219 3076 4261 suo

366 4310 506 4369 uiro
555 4307 794 4370 Duimo
842 4309 1153 4371 Zadolino
1198 4321 1260 4371 et
1307 4329 1424 4390 pro
1469 4331 1538 4372 se
1585 4359 2207 4372 ...........
2265 4332 2381 4391 pro
2430 4331 2534 4373 me
2582 4360 2965 4376 .......
3012 4327 3075 4374 et

362 4433 690 4500 protestor
735 4421 1055 4496 accidisse,
1087 4421 1234 4506 oc(!)
1267 4434 1414 4503 post
1452 4425 1698 4485 obitum
1733 4431 2085 4499 meum,'ut
2130 4425 2347 4486 omnia
2386 4444 2528 4486 mea
2562 4426 2751 4498 bona,
2783 4425 3075 4487 uidelicet

365 4533 604 4595 domus
649 4553 776 4612 que
822 4545 916 4596 est
962 4537 1142 4596 iuxta
1189 4536 1458 4597 domum
1497 4536 1740 4598 Nicolai
1772 4537 1989 4598 Duimi
2036 4537 2321 4599 Formini
2352 4548 2414 4599 et
2447 4550 2608 4600 terra
2658 4557 2782 4618 que
2828 4549 2923 4599 est
2967 4536 3071 4620 a(l)

366 4644 762 4707 Murnanum
810 4649 984 4708 iuxta
1052 4647 1343 4732 terra(m)
1392 4653 1595 4711 sancti
1643 4650 1970 4712 Laurenzii
2036 4651 2118 4712 de
2166 4651 2320 4712 for0.
2399 4651 2646 4713 Ibidem
2692 4651 2965 4732 desuper
3012 4653 3071 4713 in

365 4757 689 4820 Murnano
741 4769 836 4820 est
881 4759 1002 4821 alia
1048 4771 1214 4822 terra
1259 4764 1433 4823 iuxta
1481 4765 1734 4824 vineam
1781 4762 1979 4845 Dragi
2028 4763 2330 4844 Lazazapi
2379 4775 2442 4826 et
2489 4774 2653 4826 terra
2699 4785 2825 4844 que
2870 4776 2965 4828 est
3014 4767 3075 4827 in

367 4869 634 4932 Paniolo
702 4873 879 4933 iuxta
947 4871 1229 4952 terra(m)
1300 4875 1462 4936 Petri
1525 4873 1797 4938 Azarerii
1865 4886 1928 4937 et
1975 4887 2139 4938 terra
2199 4897 2325 4957 que
2387 4887 2483 4938 est
2553 4880 2615 4938 in
2677 4877 2853 4939 Bade
2896 4881 3075 4940 iuxta

367 4992 605 5045 terram
676 4985 946 5046 filiarum
1013 4984 1184 5046 Dese
1245 4985 1447 5067 Jurize
1507 4999 1570 5048 et
1629 5007 1776 5067 pars
1845 5000 2150 5052 terrarum
2197 4989 2553 5052 Deraunice
2614 5011 2738 5071 que
2784 4993 3075 5055 Mecocui

363 5099 542 5178 gerit,
591 5096 782 5159 Nunc
825 5109 1041 5159 autem
1088 5099 1334 5179 suplico
1365 5112 1426 5161 et
1457 5117 1616 5182 rogo
1664 5112 1727 5162 et
1773 5111 1925 5180 peto
1971 5101 2302 5186 domina(l)
2338 5102 2624 5168 Chatena
2670 5099 3072 5188 abbatessa('!)

2862 5254 2895 5289 *
