3797 5795
710 577 967 640 fluvium
1032 578 1206 639 vadit
1266 579 1554 658 superius
1615 597 1814 658 usque
1877 579 1962 638 ad
2024 578 2255 650 locum,
2319 579 2422 638 ubi
2471 580 2602 638 exit
2665 578 2748 638 de
2823 577 2997 638 dicto
3073 576 3266 639 fluuio
3329 579 3409 639 ad

711 709 900 751 unam
950 692 1183 752 siccam
1231 691 1461 752 vallem
1526 702 1589 751 et
1651 711 1764 770 per
1830 693 2032 770 ipsam
2083 690 2366 752 tenendo
2413 701 2653 751 metam
2699 709 2848 752 cum
2895 700 3062 751 terra
3111 689 3410 752 deench

710 822 820 883 per
866 803 1124 864 arbores
1170 807 1637 886 crucesignatas
1704 805 1877 864 vadit
1926 806 1988 864 in
2037 821 2270 885 magna
2317 802 2470 864 silva
2517 823 2732 864 versus
2775 805 3300 882 septemtrionem
3346 815 3407 864 et

708 918 838 976 exit
886 917 967 978 de
1014 917 1166 978 silva
1232 918 1316 978 ad
1365 929 1600 978 metam
1652 917 1771 978 sub
1817 918 2047 978 arbore
2106 917 2398 998 gertansa
2459 918 2634 978 iuxta
2697 918 2898 988 viarm
2965 915 3198 976 abhinc
3258 935 3407 976 vero

708 1029 878 1090 vadit
926 1048 1125 1108 usque
1156 1031 1239 1091 ad
1277 1041 1515 1090 metam
1564 1029 1859 1092 Otrochk
1904 1031 2265 1109 supradicti,
2311 1031 2460 1090 inde
2507 1029 2791 1091 tenendo
2836 1039 3040 1090 metas
3078 1046 3224 1089 cum
3271 1031 3408 1106 ipso

706 1141 999 1206 Otrochk
1044 1145 1371 1204 revertitur
1414 1162 1528 1222 per
1573 1162 1768 1204 unam
1816 1146 1986 1204 viam
2017 1143 2100 1204 ad
2133 1145 2408 1222 priorem
2459 1154 2719 1217 metam,
2751 1142 2856 1203 ubi
2905 1142 3109 1203 suerat
3155 1143 3404 1203 incoata

704 1256 918 1337 ibique
980 1257 1245 1317 omnino
1314 1259 1703 1317 terminatur.
1778 1256 1863 1318 Ut
1927 1258 2113 1338 igitur
2173 1256 2435 1334 predicti
2503 1255 2763 1316 Mortun
2829 1266 2892 1316 et
2953 1253 3268 1336 Georgius
3332 1274 3406 1315 ac

702 1381 1056 1432 castrenses
1103 1373 1207 1449 qui
1255 1371 1533 1451 agebant
1581 1380 1805 1430 contra
1852 1371 2026 1448 ipsos
2069 1389 2231 1448 pace
2275 1380 2582 1448 perpetua
2629 1369 3040 1450 gratulentur,
3083 1379 3408 1448 presentes

699 1483 939 1544 litteras
987 1485 1049 1543 in
1100 1483 1532 1543 testimonium
1580 1495 1890 1560 perpetue
1924 1481 2236 1542 firmitatis
2287 1481 2418 1542 dari
2467 1481 2734 1542 fecimus
2779 1481 2958 1562 sigilli
3007 1483 3200 1541 nostri
3250 1480 3408 1557 dup-

700 1595 880 1675 plicis
948 1598 1296 1656 munimine
1362 1594 1711 1655 roboratas,
1781 1594 2020 1655 Datum
2094 1614 2207 1673 per
2277 1613 2502 1654 manus
2571 1593 2782 1654 dilecti
2828 1603 2891 1654 et
2939 1592 3143 1654 fidelis
3213 1595 3406 1653 nostri

702 1711 983 1790 magistri
1049 1708 1383 1790 smaragdi
1448 1707 1751 1768 Albensis
1810 1709 2130 1787 prepositi,
2189 1707 2334 1768 aule
2396 1717 2611 1768 nostre
2675 1706 3162 1768 vicecancellari.
3207 1704 3408 1767 Anno

700 1822 945 1882 domini
1010 1822 1343 1882 millesimo
1407 1821 1848 1882 ducentesimo
1896 1817 2480 1902 (quinquagesimo)
2541 1830 2748 1892 sext0,
2809 1823 3008 1880 tercio
3069 1820 3234 1898 ydus
3296 1839 3409 1878 no-

702 1935 994 2009 vembriS,
1040 1937 1215 2016 regni
1263 1945 1477 1994 autem
1529 1935 1725 1994 nostri
1773 1935 2075 1995 vicesimo
2121 1934 2424 1994 secund0.

884 2128 1180 2201 Ortginal
1220 2147 1259 2183 u
1306 2126 1531 2184 arkivu
1592 2125 1829 2201 obc'telji
1877 2129 2147 2202 grofova
2211 2127 2273 2182 E
2271 2128 2463 2198 rdd'dy
2527 2147 2566 2182 u
2637 2126 2959 2199 Glogovcu.
3015 2159 3088 2166 --
3151 2125 3414 2183 Ostanci

687 2239 933 2307 pedatu,
980 2231 1107 2302 koji
1130 2234 1207 2306 je
1249 2232 1406 2288 visio
1452 2251 1536 2287 na
1582 2232 1759 2286 vrvci
1802 2250 2024 2286 ervene
2070 2231 2096 2285 i
2138 2229 2462 2304 ljubae‘c‘aste
2509 2230 2655 2304 boje’.

881 2335 1023 2394 Cod.
1074 2336 1219 2412 dipl.
1258 2337 1526 2412 patrius
1605 2334 1737 2393 VII.
1788 2338 2054 2393 56-58.
2104 2355 2200 2390 no·
2241 2341 2332 2390 48.

1957 2679 2145 2757 566.

695 2890 895 2970 1256,
944 2888 1055 2957 16.
1106 2888 1512 2955 decembre.

697 3098 865 3161 Bela
930 3098 1117 3180 kralj
1172 3095 1465 3182 ugarskt'
1519 3096 1552 3194 (Γ
1604 3095 1924 3158 hrvatskt'
1979 3094 2014 3157 ι’
2079 3096 2363 3180 ,ςζφέραη
2429 3098 2559 3158 ban
2614 3096 3044 3181 postavljaju
3095 3096 3402 3182 granica

698 3210 990 3294 izmedju
1051 3211 1315 3273 komore
1379 3208 1808 3291 nadbiskupa
1871 3210 2392 3294 ostrogonskoga
2459 3208 2494 3271 ι’
2546 3208 2830 3293 bt'skupa
2891 3210 3402 3295 zagrebalkoga.

870 3402 1007 3463 Nos
1054 3402 1205 3463 Bela
1252 3403 1355 3463 dei
1403 3404 1615 3482 gracia
1677 3422 1791 3463 rex
1841 3401 2170 3483 Hungarie
2233 3410 2374 3481 (etc.
2422 3414 2484 3462 et
2533 3401 2896 3480 Stephanus
2941 3403 3149 3463 banus
3193 3404 3406 3463 tocius

693 3512 1069 3575 Sclavoniae
1115 3512 1203 3590 et)
1250 3516 1385 3575 dux
1432 3513 1659 3577 Stiriae
1703 3525 1929 3575 tenore
1975 3509 2363 3593 presentium
2399 3515 2699 3576 omnibus
2745 3515 3040 3576 volumus
3086 3514 3214 3575 fieri
3263 3534 3406 3575 ma-

696 3626 1011 3698 nifestum,
1079 3628 1257 3707 quod
1319 3629 1620 3708 magister
1680 3626 2063 3689 Benedictus
2110 3630 2457 3689 canonicus
2504 3627 2940 3709 Zagrabiensis
2985 3638 3047 3689 et
3094 3626 3407 3689 archidia-

692 3757 893 3801 conus
939 3740 1020 3801 de
1079 3739 1371 3803 Guercha
1435 3743 1495 3800 in
1560 3759 1811 3801 camera
1873 3739 1956 3801 de
2015 3741 2180 3801 ultra
2243 3740 2521 3801 Dravam
2588 3759 2718 3801 non
2784 3740 3015 3802 resedit
3071 3750 3141 3800 ut
3199 3740 3405 3801 homo

691 3853 973 3933 episcopi
1023 3853 1475 3934 ZagrabiensiS,
1521 3855 1809 3932 quamvis
1848 3852 2020 3914 idem
2067 3854 2405 3932 episcopus
2451 3871 2577 3914 una
2623 3872 2768 3913 cum
2833 3852 3006 3913 bano
3067 3850 3404 3932 Stephano

690 3967 829 4027 vice
876 3977 1089 4027 nostra
1138 3968 1565 4045 procuraverit
1596 3983 1919 4025 cameram
1966 3965 2126 4026 ultra
2158 3964 2460 4039 Dravam,
2505 3966 2617 4027 sed
2659 3977 2965 4044 tanquam
3003 3965 3202 4026 homo
3248 3966 3400 4025 bani

687 4075 1017 4160 Stephani,
1062 4098 1175 4158 per
1222 4081 1427 4157 ipsum
1500 4079 1741 4139 banum
1786 4078 1869 4139 ad
1918 4078 2042 4139 hoc
2087 4079 2442 4156 specialiter
2488 4080 2848 4158 deputatuS,
2894 4079 3072 4158 quod
3117 4089 3181 4139 et
3225 4077 3400 4138 idem

686 4194 1029 4272 episcopus
1088 4210 1305 4253 coram
1372 4191 1556 4252 nobis
1616 4192 2117 4269 praesentialiter
2163 4193 2550 4272 recognovit.
2601 4191 2699 4253 Ne
2743 4210 2898 4273 ergo
2945 4211 3027 4252 ex
3075 4210 3174 4265 e0‚
3221 4190 3400 4271 quod

688 4302 896 4366 dictus
958 4306 1259 4386 magister
1321 4304 1703 4366 Benedictus
1764 4307 1825 4364 in
1890 4305 2060 4365 dicta
2121 4324 2374 4365 camera
2421 4306 2786 4384 permansit,
2831 4302 3258 4387 Strigoniensi
3299 4322 3400 4363 ec-

687 4415 918 4479 clesiae
952 4429 1015 4479 et
1048 4418 1387 4480 venerabili
1438 4421 1599 4498 patri
1652 4413 2053 4497 B(enedicto)
2101 4418 2579 4497 archiepiscopo
2626 4418 2912 4479 eiusdem
2959 4416 3044 4477 ad
3092 4434 3284 4495 quem
3331 4425 3396 4475 et

687 4532 823 4591 eius
890 4531 1223 4595 ecclesiam
1288 4533 1691 4612 supradictae
1736 4550 2031 4591 camerae
2077 4531 2438 4605 decimatiO,
2493 4533 2652 4591 sicut
2700 4544 2762 4591 et
2810 4529 3090 4602 aliarum,
3137 4532 3201 4589 in
3249 4548 3401 4607 qua-

685 4660 943 4725 cunque
988 4648 1307 4724 provincia
1355 4666 1647 4707 camerae
1694 4646 2178 4718 constituantur,
2227 4645 2326 4706 vel
2372 4657 2634 4705 moneta
2679 4644 2967 4717 cudatur,
3011 4646 3286 4723 pertinet
3333 4652 3398 4702 et

686 4759 987 4832 pertinuit
1048 4771 1111 4819 et
1173 4778 1368 4839 quam
1448 4759 1943 4820 decimationem
2008 4760 2201 4837 ipsius
2245 4756 2702 4837 archiepiscopi
2751 4768 2814 4817 et
2875 4756 3183 4817 ecclesiae
3243 4754 3396 4819 Stri-

689 4873 1013 4948 goniensis
1076 4872 1273 4933 homo
1334 4874 1395 4933 in
1468 4891 1724 4934 eamera
1782 4872 2070 4951 praefata
2131 4870 2213 4931 de
2274 4870 2438 4932 ultra
2498 4870 2779 4933 Dravam
2841 4869 3146 4942 residenS,
3206 4868 3395 4948 plene

686 4994 749 5045 ct
812 4985 1075 5064 pacifice
1136 5004 1357 5047 eorum
1409 4989 1673 5046 nomine
1734 4986 2021 5063 percepit
2089 5002 2344 5062 semper
2387 4995 2450 5044 et
2497 4985 2783 5063 percipit,
2827 4981 3246 5061 preiudicium
3292 4980 3400 5042 ali-

689 5100 865 5179 quod
909 5114 1262 5181 generetur,
1322 5100 1420 5161 vel
1482 5098 1921 5180 Zagrabiensis
1968 5099 2306 5175 episcopus
2354 5106 2462 5157 aut
2509 5096 2712 5174 quivis
2765 5096 2924 5157 alius
2970 5098 3032 5155 in
3079 5095 3252 5158 dicta
3297 5114 3398 5155 ca-
