3797 5795
1618 361 1923 422 ..3—

427 549 592 607 seria
636 546 718 606 ad
766 559 977 625 partes
1025 551 1370 609 maritimas
1417 550 1589 610 fatali
1623 550 1756 610 fato
1790 552 2263 629 recepissemus
2296 555 2431 631 ipse
2456 552 2735 632 Jacobus
2783 555 2865 615 de
2911 557 3133 625 salute,

432 661 558 719 vita
604 669 666 720 et
715 662 878 720 victu
927 671 1146 722 nostro
1213 681 1342 722 non
1405 662 1648 740 absque
1693 663 2058 724 discrimine
2122 666 2244 724 vite
2305 669 2559 744 proprie
2628 667 2901 745 prodivit
2974 667 3129 729 fide-

426 771 662 832 lissime
720 784 1109 848 cunctasque
1170 775 1656 836 infortuniorum
1718 795 2017 837 erumnas
2077 796 2201 852 qua
2263 779 2730 856 premebamur,
2792 781 3129 841 nobiscum

427 884 512 944 ad
557 884 851 946 ultimum
899 905 1100 965 usque
1129 890 1572 966 .supportavit.
1645 887 2217 966 Quemadmodum
2264 891 2533 968 proinde
2578 903 2755 972 grata
2805 894 2989 953 nobis
3037 905 3131 954 est

427 1007 606 1056 tanta
651 997 970 1060 fidelitatis
1017 1001 1341 1072 memoria,
1389 1003 1473 1060 ita
1521 1001 1798 1062 eundem
1855 1001 2189 1081 Jacobum,
2236 1014 2305 1062 ut
2352 1017 2567 1064 nostre
2616 1023 2875 1083 quoque
2924 1009 3131 1087 gracie

427 1110 689 1170 evidens
734 1111 968 1172 ‚habeat
1012 1113 1400 1190 symbolum,
1448 1132 1577 1192 quo
1622 1116 1686 1174 in
1733 1133 1846 1175 sua
1877 1126 2205 1175 senectute
2251 1113 2513 1193 pacifice
2559 1128 2622 1177 et
2668 1119 2801 1178 sine
2848 1121 3127 1179 erumnis

426 1224 722 1304 gaudeat,
769 1239 983 1286 nostra
1029 1227 1377 1287 clemencia
1423 1228 1840 1288 recreandum
1889 1227 2205 1288 duximus,
2254 1229 2520 1290 Terram
2568 1230 2838 1309 proinde
2890 1231 3131 1309 Wrych

425 1355 572 1397 cum
623 1337 820 1398 tribus
867 1340 1302 1400 mansionibus
1363 1342 1424 1400 in
1487 1351 1651 1401 terra
1713 1341 2031 1420 prlych,
2102 1343 2163 1402 in
2212 1341 2395 1402 dictis
2440 1345 2726 1421 partibus
2780 1346 3129 1418 maritimis,

431 1451 536 1509 ubi
583 1461 758 1510 tanta
807 1450 1123 1512 fidelitatis
1168 1453 1411 1513 exibuit
1458 1465 1834 1534 argumenta
1881 1467 1945 1514 et
1993 1473 2118 1532 que
2163 1473 2277 1533 per
2306 1455 2643 1516 decessum
2691 1476 2775 1517 ex
2820 1456 2939 1516 hac
2987 1457 3127 1518 luce

431 1563 721 1634 Renoldi‚
783 1563 887 1624 filii
946 1564 1254 1642 Dyonisii,
1322 1567 1404 1626 de
1473 1567 1642 1627 dicta
1694 1567 1933 1645 Wrych
1998 1568 2079 1628 ad
2149 1587 2376 1628 manus
2422 1579 2669 1630 nostras
2716 1585 3131 1648 nostramque

427 1676 838 1736 collationem
885 1678 1238 1738 secundum
1301 1679 1724 1758 approbatam
1774 1683 1949 1761 regni
1999 1683 2193 1741 nostri
2260 1682 2791 1742 consuetudinem
2856 1683 3131 1743 devene-

433 1801 591 1861 rant,
655 1790 864 1850 eidem
914 1789 1177 1869 Jacob0,
1245 1791 1374 1852 filio
1435 1791 1658 1871 Jacobi
1727 1793 1894 1866 bani,
1940 1795 2002 1852 in
2052 1793 2213 1854 filios
2274 1793 2547 1854 filiorum
2595 1806 3130 1873 posterorumque

429 1913 724 1979 posteros
767 1905 832 1963 in
877 1906 1336 1982 sempiternum
1383 1923 1466 1964 ex
1513 1915 1880 1983 prematuro
1928 1907 2319 1984 prelatorum
2378 1918 2442 1967 et
2506 1908 2819 1968 baronum
2884 1918 3129 1967 nostro-

433 2034 572 2075 rum
621 2015 705 2076 ad
749 2027 1113 2096 presentem
1183 2017 1503 2095 synodum
1569 2022 2089 2097 comparencium
2139 2016 2453 2102 (consilio)
2528 2020 2823 2081 dedimus
2868 2031 2931 2081 et
2979 2039 3129 2080 con-

426 2128 718 2202 tulimus;
762 2148 844 2190 eo
889 2149 1003 2208 per
1033 2149 1408 2209 expressum
1454 2129 1695 2204 addim,
1726 2141 1795 2191 ut
1826 2132 2105 2192 eundem
2140 2131 2454 2212 Jacobum
2504 2132 2795 2212 filiosque
2842 2133 3125 2193 eiusdem

424 2253 489 2300 et
534 2254 825 2319 posteros
873 2243 1080 2303 nullus
1125 2243 1348 2317 banus,
1399 2263 1620 2303 comes
1683 2243 1776 2304 vel
1840 2245 2038 2305 iudex
2086 2248 2279 2326 regni,
2324 2256 2535 2323 preter
2582 2255 2863 2306 nostram
2914 2265 3129 2324 perso-

423 2373 575 2414 nam
623 2355 741 2414 sub
788 2373 982 2416 onere
1033 2354 1157 2418 100
1205 2374 1560 2416 marcarum
1621 2355 1726 2416 fini
1791 2359 2037 2438 argenti
2100 2358 2377 2418 iudicare
2440 2359 2643 2419 valeat
2704 2370 2813 2418 aut
2873 2358 3123 2419 audeat.

425 2465 667 2528 Datum
716 2487 830 2546 per
877 2487 1104 2529 manus
1150 2468 1360 2529 dilecti
1425 2487 1500 2528 ac
1567 2468 1772 2530 fidelis
1835 2473 2027 2530 nostri
2096 2472 2375 2552 magistri
2438 2471 2773 2551 Smaragdi
2821 2474 3125 2549 prepositi

423 2579 742 2654 Albensis‚
786 2581 928 2642 aule
975 2591 1190 2642 nostre
1238 2581 1770 2643 vice-cancellarii.
1819 2581 2017 2643 Anno
2049 2582 2291 2645 domini
2328 2583 2663 2644 millesimo
2700 2581 3003 2657 CCLVI„
3049 2585 3126 2646 X.

425 2692 734 2754 kalendas
781 2696 1005 2763 martii,
1049 2697 1226 2775 regni
1280 2706 1494 2755 autem
1543 2696 1738 2753 nostri
1786 2713 1959 2754 anno
2008 2695 2176 2755 XIII.

599 2889 789 2962 [ἦγόν
840 2889 971 2946 Cod
1010 2888 1160 2963 dipl.
1211 2888 1422 2961 Hung.
1488 2888 1506 2944 l
1523 2886 1618 2943 'll.
1674 2888 1728 2943 3.
1783 2889 1944 2942 36—
1956 2889 2051 2945 38.
2106 2924 2183 2928 —-
2234 2887 2609 2964 Kukuljaeu'c‘
2646 2891 2796 2963 Regu
2848 2910 2941 2945 no.
2999 2893 3125 2944 691.

1689 3272 1880 3351 537.

423 3462 634 3543 1256,
683 3465 794 3528 25.
841 3463 1209 3529 februare..

427 3635 842 3720 ,Vadbe-'skup
885 3636 1203 3721 spljelskz'
1245 3636 1535 3721 Rogert'j
1571 3636 1841 3720 offltnje,
1889 3636 1980 3697 da
2023 3636 2107 3720 je
2156 3634 2411 3719 prz'mz'o
2459 3636 2546 3697 od
2572 3640 2967 3697 samoslana
3018 3636 3127 3697 do-

639 3746 1162 3833 mim'kanskoga
1209 3748 1244 3810 ι’
1280 3751 1371 3811 od
1423 3749 1487 3809 Τ
1479 3771 1620 3812 ome
1665 3748 2115 3831 arcz'djakona
2171 3748 2349 3810 neku
2396 3753 2593 3809 svotu
2642 3766 2913 3809 novaca.

603 3939 802 4001 Anno
850 3940 1170 4001 dominice
1217 3944 1676 4002 incarnacionis
1723 3941 2060 4000 millesimo
2108 3939 2549 3999 ducentesimo
2593 3940 3121 4019 quinquagesimo

420 4064 635 4123 sexto
698 4052 1044 4115 indictione
1109 4046 1599 4132 quartadecima,
1679 4054 1780 4113 die
1827 4055 2053 4128 quinto
2114 4063 2393 4112 exeunte
2454 4051 2763 4123 februarii,
2825 4062 3129 4132 regnante

423 4166 701 4226 domino
747 4177 967 4227 nostro
1033 4167 1180 4227 Bela
1241 4170 1642 4228 serenissimo
1702 4185 1851 4247 rege
1904 4166 2197 4247 Ungarie‚
2245 4176 2535 4243 ‘tempore
2590 4165 2829 4224 domini
2876 4166 3129 4245 Roget-ii

427 4279 806 4340 venerabilis
873 4279 1328 4359 archiepiscopi
1398 4280 1804 4358 SpalatensiS,
1872 4278 2178 4357 Stephani
2258 4277 2510 4338 illustris
2570 4278 2717 4337 bani
2792 4278 3129 4339 Sclavonie

421 4394 700 4465 comitiS‚
739 4392 978 4471 Duymi
1029 4392 1270 4464 Kasari‚
1317 4392 1528 4453 Miche
1573 4391 1784 4464 Madii‚
1834 4390 2059 4452 Nicole
2105 4390 2307 4451 Desse
2353 4389 2650 4451 iudicum.
2722 4389 2857 4450 Nos
2903 4409 3123 4468 supra-

423 4507 698 4583 scriptus
745 4506 1054 4587 Rogerius
1101 4506 1198 4565 dei
1247 4507 1456 4587 gracia
1503 4504 2015 4583 archiepiscopus
2075 4502 2465 4582 Spalatensis
2524 4522 2639 4581 per
2684 4502 2807 4562 hoc
2868 4521 3130 4581 presens

421 4620 918 4679 instrumentum
966 4618 1346 4679 confitemur
1405 4630 1468 4680 et
1529 4618 1792 4678 facimus
1853 4618 2281 4691 manifestum,
2343 4635 2460 4675 nos
2506 4617 2817 4693 recepisse
2862 4636 2899 4675 a
2948 4616 3129 4674 vobis

429 4731 690 4793 Thoma
735 4730 1184 4791 archidiacono
1253 4743 1317 4792 et
1385 4731 1573 4791 fratre
1636 4730 1810 4810 Jesse
1879 4730 1962 4790 de
2030 4730 2253 4790 ordine
2322 4730 2583 4789 fratrum
2649 4728 3127 4788 Predicatorum

427 4856 790 4905 conventus
856 4842 1095 4923 Spalati
1165 4847 1425 4904 nomine
1494 4844 1758 4904 ecclesie
1813 4862 2097 4915 romane,
2164 4842 2247 4903 de
2317 4842 2624 4902 mandato
2672 4841 2913 4901 domini
2960 4860 3131 4919 pape.

427 4957 744 5019 tredecim
791 4958 981 5029 libras
1026 4970 1090 5017 et
1136 4960 1418 5037 quinque
1464 4956 1682 5017 soldos
1713 4966 1775 5017 et
1811 4955 2093 5015 medium
2141 4955 2459 5015 bonorum
2509 4954 2909 5014 denariorum
2960 4971 3133 5033 gros-

421 5088 648 5131 sorum
683 5070 987 5139 Venecie‚
1017 5089 1181 5149 quos
1211 5070 1504 5131 denarios
1537 5079 1762 5129 mutuo
1795 5087 1913 5127 nos
1946 5067 2178 5127 habere
2212 5068 2511 5139 dicimus;
2543 5068 2919 5126 renuncians
2942 5066 3127 5125 *omni

3014 5214 3046 5249 ak
