3797 5795
435 567 637 627 ordine
678 567 1116 636 terminantur,
1164 583 1243 624 ne
1288 564 1533 625 eisdem
1578 583 1881 642 processu
1945 575 2312 644 temporum
2379 567 2444 624 in
2505 566 2744 628 irritum
2809 569 3126 628 reuocatis

436 680 653 740 veritati
698 679 1045 756 prescribat
1091 677 1328 738 falsitas
1373 691 1435 738 et
1484 679 1781 753 iniquitas
1824 678 2176 756 preiudicet
2206 679 2487 757 equitati.
2539 678 2812 740 Proinde
2843 679 2926 740 ad
2973 683 3110 742 uni-

437 809 739 854 uersorum
801 792 1105 852 noticiam
1166 802 1390 852 tenore
1458 791 1859 870 presencium
1939 791 2233 853 volumus
2299 793 2650 870 peruenire,
2725 792 2904 872 quod
2965 812 3115 854 cum

440 910 585 966 i-nter
622 906 921 964 comitem
967 900 1318 986 Georgium
1365 903 1565 964 filium
1625 907 1879 964 comitis
1929 904 2105 966 Luce
2166 923 2356 984 super
2417 903 2700 982 quadam
2763 905 2966 966 insula
3031 908 3116 966 ri-

440 1021 567 1079 cina
606 1017 951 1095 hospitibus
996 1018 1228 1077 nostris
1290 1017 1372 1076 de
1425 1017 1835 1092 WorosdinO,
1898 1035 2094 1096 quam
2157 1017 2330 1078 idem
2376 1036 2596 1078 comes
2643 1015 2958 1099 Georgius
3007 1037 3122 1078 no-

442 1132 595 1191 mine
632 1129 827 1190 insule
872 1129 1125 1208 Tursoy
1170 1130 1501 1208 repetebat
1546 1140 1609 1190 et
1655 1132 1819 1190 inter
1864 1133 2038 1209 ipsos
2085 1130 2366 1210 hospites
2411 1140 2666 1191 nostros
2712 1129 2796 1192 de
2848 1129 3110 1191 Woros-

443 1244 578 1304 dino
616 1244 673 1303 in
720 1251 937 1302 nostra
980 1245 1309 1322 presencia
1354 1245 1605 1321 questio
1650 1253 2016 1316 verteretur,
2087 1243 2376 1305 volentes
2422 1245 2630 1322 ipsum
2677 1243 2920 1304 sactum
2967 1245 3120 1303 iuris

441 1356 637 1421 ordine
678 1358 1033 1428 terminare,
1078 1356 1481 1434 inquisicioni
1526 1354 1737 1416 dilecti
1787 1367 1850 1416 et
1884 1355 2090 1416 fidelis
2122 1357 2316 1416 nostri
2351 1354 2663 1435 Stephani
2709 1355 2858 1416 bani
2905 1357 3114 1416 tocius

442 1469 747 1532 Sclauonie
808 1481 873 1530 et
934 1471 1246 1548 capitanei
1316 1467 1503 1530 Stirie
1572 1467 1879 1529 duximus
1941 1467 2502 1541 committendum,
2571 1470 2678 1544 qui
2748 1467 2935 1528 nobis
3004 1487 3119 1546 per

442 1601 568 1642 suas
608 1581 835 1642 litteras
880 1584 1213 1655 intimauit,
1260 1581 1498 1643 dictam
1545 1581 1815 1642 insulam
1864 1599 2170 1662 magnam
2216 1581 2300 1642 ad
2345 1580 2627 1660 prefatos
2671 1591 2924 1640 nostros
2969 1579 3117 1641 hos-

440 1697 581 1773 pites
630 1697 959 1774 pertinere.
1024 1692 1189 1758 Cum
1264 1713 1484 1756 comes
1544 1691 1860 1776 Georgius
1921 1694 2138 1755 locum
2199 1696 2384 1754 turris
2445 1704 2508 1753 et
2555 1693 2885 1766 fossatum,
2953 1695 3116 1754 sicut

436 1809 741 1882 asserebat,
788 1810 849 1868 in
898 1808 1127 1869 eadem
1174 1807 1375 1868 insula
1422 1827 1553 1869 non
1600 1809 1875 1887 potuerit
1921 1807 2378 1880 demonstrare,
2425 1807 2595 1867 vnde
2658 1805 2924 1868 eosdem
2973 1806 3118 1866 hos-

437 1923 577 2006 pites
616 1921 695 1981 ab
740 1922 1145 2000 impeticione
1190 1920 1342 1982 dicti
1388 1922 1640 1982 comitis
1686 1918 1946 2001 Georgii
2013 1921 2479 1982 sentencialiter
2539 1919 2845 1980 duximus
2907 1918 3117 1980 absol-

438 2034 670 2107 uend05‚
714 2033 951 2094 dictam
1014 2034 1285 2094 insulam
1350 2033 1593 2094 eisdem
1652 2045 1966 2112 perpetuo
2029 2044 2092 2094 et
2152 2032 2417 2113 pacifice
2475 2033 2926 2111 relinquentes.
3009 2031 3111 2092 Ne

436 2148 599 2228 igitur
638 2147 827 2208 iidem
876 2147 1157 2226 hospites
1202 2149 1398 2208 nostri
1446 2165 1564 2226 pro
1609 2145 1779 2207 dicta
1826 2146 2030 2208 insula
2087 2149 2334 2226 possint
2379 2165 2494 2225 per
2539 2147 2906 2224 quempiam
2959 2163 3108 2224 pro-

436 2277 592 2320 cessu
634 2269 996 2338 temporum
1043 2260 1257 2322 litibus
1302 2262 1681 2341 pregrauari,
1727 2271 2058 2339 presentes
2103 2259 2342 2320 litteras
2388 2261 2452 2319 in
2483 2259 2921 2320 testimonium
2970 2256 3108 2318 dari

435 2372 668 2432 fecimus
728 2372 906 2454 sigilli
972 2375 1169 2433 nostri
1230 2373 1501 2451 duplicis
1560 2375 1912 2433 munimine
1980 2373 2328 2433 roboratas.
2398 2371 2641 2433 Datum
2701 2391 2817 2450 per
2881 2389 3112 2430 manus

436 2486 685 2565 magistri
730 2483 1063 2566 Smaragdi
1098 2483 1401 2546 Albensis
1446 2485 1711 2546 ecclesie
1756 2485 1958 2558 electi,
2004 2485 2150 2546 aule
2195 2493 2410 2546 n'ostre
2457 2483 2969 2554 vicecancellarii,
3017 2483 3112 2542 di-

436 2596 558 2656 lecti
600 2609 657 2658 et
704 2597 907 2659 fidelis
974 2599 1189 2670 nostri,
1256 2617 1430 2658 anno
1492 2598 1734 2659 domini
1796 2598 2138 2660 millesimo
2201 2599 2644 2660 ducentesimo
2709 2597 3106 2677 quinquage-

430 2711 646 2788 gesimo
690 2723 897 2784 sext0,
944 2712 1167 2790 quinto
1229 2710 1485 2772 decimo
1546 2709 1853 2772 kalendas
1922 2711 2089 2781 iunii,
2149 2714 2326 2794 regni
2388 2721 2604 2772 autem
2661 2711 2860 2770 nostri
2923 2727 3098 2768 anno

434 2824 705 2884 vicesimo
754 2824 981 2903 primo.

589 3017 880 3092 Orzginal
917 3037 1003 3074 na
1036 3019 1409 3095 pergameni
1452 3037 1493 3075 u
1538 3016 1761 3075 arkivu
1797 3019 2010 3092 gracia
2074 3019 2424 3075 Varaz'dina
2452 3021 2630 3094 fasc.
2667 3017 2717 3074 l.
2757 3036 2850 3073 no.
2892 3020 2945 3070 4.
2999 3014 3106 3070 ,Va

426 3121 605 3179 lt'stim'
642 3123 766 3179 visi
805 3126 949 3179 §uta
996 3124 1023 3178 i
1064 3142 1291 3180 ervena
1336 3122 1577 3179 svilena
1622 3142 1812 3179 vrvca
1857 3142 1890 3179 s
1937 3121 2235 3179 ulomkom
2294 3126 2532 3198 pelata.
2609 3155 2690 3162 —
2755 3121 2864 3178 Na
2927 3119 3114 3193 hrptu

425 3224 609 3283 ltLrte'ne
632 3230 707 3302 je
752 3229 993 3285 notica:
1064 3228 1304 3303 »Super
1360 3226 1631 3283 insulam
1694 3227 1922 3294 Tursoy
1968 3246 2092 3283 serv
2141 3226 2377 3284 Sabacz
2420 3235 2764 3284 vocatam‹.
2825 3258 2910 3263 ——
2968 3222 3102 3279 Ova

424 3329 615 3387 lzktina
657 3332 873 3390 nalazi
912 3352 979 3388 se
1024 3334 1051 3388 i
1094 3352 1134 3389 u
1178 3332 1426 3403 pot-ordi
1469 3330 1677 3405 kralja
1726 3331 2139 3403 Stgt'smunda
2185 3332 2270 3387 od
2301 3350 2365 3404 g.
2419 3334 2596 3387 1407.

576 3436 947 3505 Kukuljevic'
986 3438 1133 3510 Reg.
1184 3453 1289 3493 no.
1345 3439 1381 3490 7
1388 3440 1473 3491 01.

1658 3780 1827 3859 551.

406 3989 595 4066 1256,
641 3990 710 4054 4.
752 3988 936 4070 jula.
983 3988 1043 4053 U
1088 3987 1579 4055 Dubrovniku.

408 4178 717 4241 Klement
769 4176 1099 4262 Trtfonov
1134 4177 1423 4261 prodaje
1466 4178 1793 4263 kupljeno
1831 4186 2042 4263 pravo
2113 4178 2202 4241 od
2258 4176 2494 4263 opc‘z'ne
2557 4178 2970 4241 dubrovac'ke
3016 4201 3094 4241 za

748 4289 1047 4375 prodaju
1090 4288 1229 4353 soli
1267 4300 1481 4353 knezu
1528 4290 2065 4354 dubrovalkomu
2114 4289 2421 4374 Andrtjz'
2461 4290 2719 4376 Dort‘ji.

558 4483 597 4563 †
640 4482 843 4545 Anno
888 4485 1337 4544 incarnationis
1383 4484 1625 4543 domini
1675 4483 2014 4543 millesimo
2060 4483 2504 4543 ducentesimo
2550 4485 3092 4565 quinquagesimo

394 4607 589 4671 sext0,
633 4598 871 4657 mensis
917 4596 1060 4671 iulii,
1104 4608 1333 4676 quarto
1380 4596 1483 4657 die
1530 4598 1820 4668 intrante,
1881 4614 2100 4656 coram
2162 4597 2530 4673 subscriptis
2593 4597 2875 4657 testibus,
2949 4595 3091 4661 Cle-

396 4728 567 4771 mens
633 4709 915 4771 Trisonis
974 4708 1316 4788 Symeonis
1383 4710 1663 4769 ostendit
1726 4720 1970 4770 cartam
2034 4708 2429 4783 notarialem,
2499 4728 2622 4785 que
2684 4711 2774 4770 sic
2836 4712 3089 4791 incipit:

392 4820 641 4899 †Anno
673 4823 1123 4895 incarnationis
1146 4822 1387 4883 domini
1417 4823 1753 4884 millesimo
1790 4822 2237 4883 ducentesimo
2274 4824 2811 4903 quinquagesimo
2844 4826 3096 4903 quint0,

394 4939 617 4997 mensis
662 4935 1025 4997 decembris
1070 4934 1324 4995 decimo
1369 4936 1473 4996 die
1520 4945 1791 5009 astante,
1837 4936 2129 4996 ordinata
2192 4936 2362 4995 curia
2425 4954 2572 4995 cum
2647 4936 2860 4996 sonitu
2921 4956 3092 4998 cam-

390 5068 561 5127 pane.
610 5048 748 5110 Nos
794 5048 1055 5124 quidem
1100 5047 1397 5109 Andreas
1444 5049 1526 5109 dc
1574 5048 1755 5111 Auro
1801 5067 2022 5109 comes
2069 5048 2322 5129 Ragusii
2388 5067 2537 5109 cum
2584 5048 2956 5109 consiliariis
3009 5052 3094 5112 de

470 5198 615 5243 con.
650 5198 818 5240 om„
852 5198 914 5241 v,
2963 5182 3003 5243 2
