3797 5795
1553 387 1917 448 --53-.

373 597 487 655 per
537 577 901 638 Farcasium
951 577 1144 638 filium
1195 575 1439 647 Sebret,
1486 577 1896 658 iobagionem
1946 577 2095 636 dicti
2142 579 2327 638 castri
2376 577 2460 635 ab
2509 578 2779 655 antiquo
2827 575 3087 654 pacifice

376 689 704 768 possideri,
749 708 939 768 super
985 709 1199 768 quam,
1243 701 1432 768 prout
1479 709 1516 748 a
1563 690 1750 749 nobis
1797 689 2179 750 mandatum
2244 689 2569 762 habuerat,
2639 708 2837 748 novas
2886 700 3089 749 metas

373 803 522 863 fecit
569 803 797 863 elevari
845 805 1021 862 iuxta
1069 812 1326 862 veteres.
1376 800 1568 864 Cuius
1614 804 1817 862 eciam
1863 812 2045 876 terre,
2092 816 2278 882 prout
2331 802 2509 862 idem
2561 805 2858 884 magister
2906 799 3085 864 Chak

375 916 496 977 sub
540 915 745 996 sigillo
792 912 1197 978 Chasmensis
1242 915 1496 993 capituli
1560 916 1746 975 nobis
1816 919 1877 975 in
1942 917 2188 993 scriptis
2248 917 2652 993 presentavit,
2722 927 2895 976 mete
2960 916 3084 975 hoc

377 1029 600 1088 ordine
647 1028 1088 1108 distinguntur.
1153 1028 1374 1106 Incipit
1438 1029 1610 1088 enim
1677 1031 1882 1107 prima
1950 1040 2120 1090 meta
2188 1038 2350 1088 terre
2420 1028 2565 1088 dicti
2646 1028 2922 1090 Farcasii
2966 1030 3085 1088 sub

375 1143 513 1218 piro
560 1143 736 1200 iuxta
784 1139 1021 1200 flumen
1069 1138 1478 1202 Guersenche
1524 1153 1586 1200 et
1635 1143 1753 1201 itur
1799 1143 1860 1200 in
1910 1140 2108 1201 rivulo
2156 1140 2388 1202 Drinus
2464 1161 2677 1201 versus
2734 1142 3083 1210 meridiem,

377 1255 509 1313 exit
557 1255 617 1312 in
664 1254 897 1313 vallem
942 1273 1223 1333 parvam,
1267 1251 1656 1334 ascedens(!)
1705 1256 1879 1314 iuxta
1929 1253 2073 1331 (iay
2118 1256 2365 1314 venitur
2428 1254 2509 1313 ad
2570 1266 2877 1328 montem,
2924 1252 3080 1333 (ubi‘)

376 1367 497 1426 sub
540 1367 766 1426 arbore
814 1366 966 1426 tulsa
1013 1378 1108 1426 est
1154 1378 1343 1441 meta,
1391 1367 1667 1446 indeque
1714 1367 2117 1427 descendens
2163 1366 2584 1446 dividensque
2648 1379 2888 1427 terram
2935 1387 3081 1427 cum

381 1479 633 1556 populis
679 1481 865 1539 castri
910 1482 1120 1540 veniet
1165 1480 1248 1539 ad
1295 1492 1536 1540 metam
1599 1481 1718 1540 sub
1780 1481 2010 1540 arbore
2055 1479 2237 1540 bikfa.
2277 1495 2338 1540 et
2388 1480 2563 1540 vallis
2620 1480 2953 1540 descendit
2998 1480 3080 1539 ad

374 1593 670 1652 arborem
717 1591 970 1666 almafa,
1015 1613 1100 1652 ex
1147 1593 1265 1652 hac
1313 1594 1498 1652 intrat
1545 1595 1608 1652 in
1657 1592 1894 1652 flumen
1944 1592 2354 1654 Guersenche
2400 1605 2464 1651 et
2512 1593 2745 1653 rivulus
2796 1592 3080 1653 ascendit

375 1705 460 1764 ad
509 1715 746 1766 metam
795 1707 966 1783 prius
1033 1708 1354 1784 inceptam
1425 1707 1638 1785 ibique
1707 1708 2095 1766 terminatur.
2174 1706 2334 1766 Item
2404 1707 2608 1784 prima
2676 1717 2846 1766 meta
2916 1717 3080 1766 terre

379 1817 594 1878 Drusk
639 1819 842 1879 fratris
886 1817 1172 1878 eiusdem
1235 1818 1508 1878 Farcasii
1571 1821 1786 1896 incipit
1851 1818 1933 1878 de
1996 1818 2257 1878 flumine
2305 1817 2658 1878 Kousouch
2705 1831 2767 1878 et
2814 1821 2948 1878 exit
2994 1818 3077 1878 ad

381 1931 673 1992 arborem
730 1934 1251 2012 crucesignatam,
1317 1951 1441 2009 quc
1506 1931 1614 1992 bik
1677 1942 1940 1991 vocatur
2002 1943 2063 1991 et
2128 1931 2277 1990 inde
2337 1933 2459 1990 itur
2519 1931 2603 1990 ad
2670 1933 2838 1990 viam
2901 1934 3077 1992 iuxta

381 2045 544 2104 viam
595 2053 767 2104 meta
823 2044 941 2103 sub
1002 2045 1228 2104 arbore
1291 2044 1465 2104 hassa
1529 2055 1882 2122 tenensque
1944 2056 2183 2104 metam
2248 2063 2394 2105 cum
2460 2042 2751 2118 [wanka;
2814 2063 2899 2104 ex
2960 2043 3078 2103 hac

377 2156 708 2216 descendit
780 2159 839 2216 in
912 2157 1074 2217 valle
1141 2176 1358 2217 versus
1426 2156 1756 2217 meridiem
1827 2159 2014 2217 intrat
2084 2158 2145 2216 in
2216 2157 2485 2217 rivulum
2558 2168 2620 2216 et
2689 2159 2935 2216 venitur
2993 2157 3075 2217 ad

375 2280 661 2346 pontem,
706 2269 921 2348 ibique
981 2281 1074 2329 est
1137 2280 1309 2330 meta
1371 2270 1489 2330 sub
1557 2270 1784 2330 arbore
1855 2269 2155 2330 boroztfa.
2228 2270 2389 2330 Item
2463 2270 2698 2330 rivulus
2760 2273 2948 2330 currit
2994 2269 3076 2330 ad

381 2381 602 2441 silvam
667 2401 965 2463 magnam
1034 2383 1117 2442 ad
1165 2394 1404 2443 metam
1467 2385 1585 2443 sub
1649 2384 1876 2443 arbore
1940 2383 2239 2454 lioroztfa,
2308 2402 2392 2443 ex
2456 2382 2573 2442 hac
2633 2381 2717 2442 ad
2782 2383 3077 2442 arborem

379 2496 558 2555 narfa
606 2497 1125 2576 crucesignatam,
1187 2496 1424 2557 exinde
1485 2498 1731 2556 venitur
1789 2496 1871 2556 ad
1936 2494 2191 2568 flumen,
2252 2495 2427 2574 quod
2491 2507 2753 2555 vocatur
2800 2493 3076 2576 Globog,

378 2609 592 2687 ibique
640 2620 809 2668 meta
856 2609 975 2668 sub
1020 2609 1248 2668 arbore
1307 2610 1611 2689 gei-tanta,
1686 2629 1800 2687 per
1862 2607 2098 2669 flumen
2162 2611 2283 2669 itur
2346 2629 2559 2669 versus
2616 2609 2946 2669 meridiem
2994 2610 3077 2668 ad

382 2724 567 2796 viam,
627 2740 808 2782 secus
853 2725 1018 2781 viam
1067 2733 1238 2782 meta
1285 2723 1403 2781 sub
1449 2722 1677 2782 arbore
1737 2722 2022 2782 horoztfa
2068 2731 2131 2782 et
2180 2721 2329 2781 inde
2376 2723 2437 2780 in
2486 2722 2705 2782 silvam
2757 2739 3079 2802 magnam,

379 2834 498 2894 sub
544 2834 768 2894 arbore
816 2835 972 2895 tulfa
1019 2837 1536 2916 crucesignatam,
1597 2855 1680 2894 ex
1729 2834 1845 2894 hac
1875 2855 1991 2913 per
2022 2835 2281 2894 arbores
2313 2837 2784 2915 crucesignatas
2832 2837 3079 2894 venitur

377 2948 459 3007 ad
507 2950 674 3007 viam
739 2950 1144 3026 piscatorum,
1211 2951 1386 3009 iuxta
1446 2951 1612 3008 viam
1678 2960 1846 3009 meta
1908 2950 2027 3008 sub
2086 2949 2313 3008 arbore
2376 2947 2569 3021 hassa,
2648 2968 2731 3007 ex
2800 2947 2919 3008 hac
2978 2950 3075 3007 via

374 3060 548 3120 ducit
593 3061 655 3119 in
702 3060 959 3135 flumen,
1005 3060 1183 3139 quod
1230 3072 1489 3121 vocatur
1538 3060 1888 3121 Kousouch
1936 3074 1998 3121 et
2048 3060 2283 3121 flumen
2333 3061 2506 3120 ducit
2539 3064 2824 3139 superius
2858 3081 3073 3122 versus

375 3172 757 3251 aquilonem,
804 3174 1082 3252 indeque
1147 3177 1279 3233 exit
1340 3174 1422 3233 ad
1484 3175 1777 3233 arborem
1850 3172 2165 3235 kurtuelfa
2229 3176 2751 3252 crucesignatam‚
2812 3194 2895 3234 ex
2958 3174 3075 3235 hac

370 3287 549 3345 iuxta
609 3286 832 3346 silvam
892 3288 1137 3346 venitur
1199 3306 1312 3365 per
1372 3288 1632 3346 arbores
1694 3288 2157 3367 crucesignatas
2218 3290 2406 3347 intrat
2466 3289 2528 3346 in
2598 3286 2833 3347 flumen
2898 3289 3072 3347 iuxta

377 3396 614 3458 flumen
679 3409 848 3459 meta
905 3400 1024 3460 sub
1090 3401 1317 3460 arbore
1383 3399 1684 3474 horoztfa,
1751 3403 1905 3459 item
1966 3399 2205 3460 flumen
2272 3400 2444 3459 ducit
2508 3400 2797 3478 superius
2860 3418 3074 3459 versus

373 3513 774 3573 occidentem
819 3514 902 3573 ad
949 3523 1188 3573 metam
1236 3515 1406 3592 prius
1453 3516 1788 3591 inceptam,
1837 3514 2047 3592 ibique
2094 3514 2480 3573 terminatur.
2554 3512 2638 3575 Ut
2702 3516 2887 3595 igitur
2931 3532 3072 3591 pre-

379 3628 566 3685 missa
625 3625 818 3685 robur
877 3628 1208 3704 optineant
1277 3637 1584 3705 perpetue
1631 3626 1959 3698 firmitatis
2030 3637 2359 3705 presentes
2424 3625 2665 3685 eisdem
2736 3624 2952 3686 Drusk
3012 3636 3073 3686 et

375 3737 428 3798 F
430 3741 670 3798 arcasio
747 3738 1040 3799 dedimus
1115 3740 1352 3800 litteras
1427 3739 1692 3818 duplicis
1767 3739 1945 3819 sigilli
2019 3742 2217 3799 nostri
2289 3740 2639 3798 munimine
2719 3739 3070 3799 roboratas

373 3850 612 3911 Datum
659 3871 774 3930 per
821 3870 1045 3913 manus
1093 3853 1367 3933 magistri
1441 3852 1774 3933 Smaragdi
1837 3850 2139 3913 Albensis
2198 3851 2464 3911 ecclesie
2534 3854 2855 3929 prepositi,
2930 3852 3071 3912 aule

373 3973 587 4025 nostre
633 3964 1120 4025 vicecancellarii
1169 3964 1376 4025 dilecti
1426 3975 1488 4025 et
1535 3964 1738 4025 fidelis
1796 3967 2014 4039 nostri,
2075 3984 2247 4024 anno
2297 3965 2539 4024 domini
2590 3964 2925 4025 millesimo
2958 3964 3071 4025 du-

373 4077 723 4137 centesimo
769 4080 1300 4159 quinquagesimo
1346 4081 1638 4156 septimo,
1703 4080 1898 4137 tercio
1957 4077 2264 4137 kalendas
2326 4077 2553 4155 aprilis,
2618 4079 2793 4157 regni
2854 4087 3067 4137 autem

373 4192 570 4250 nostri
616 4209 788 4251 anno
835 4192 1134 4251 vicesimo
1181 4190 1484 4251 secunde.

555 4384 854 4457 Orzgrinal
910 4404 950 4439 u
1013 4383 1234 4441 arkivu
1294 4382 1530 4458 obe'telji
1577 4386 1843 4459 grofova
1893 4384 2161 4455 Erdo'ig'y.
2232 4384 2340 4441 [Va
2402 4383 2605 4439 listina·
2664 4383 2789 4439 visi
2831 4382 3071 4439 ostatak

366 4493 585 4563 pelata
633 4508 717 4545 na
764 4489 1036 4554 svilenoj
1077 4491 1103 4545 i
1145 4490 1382 4563 modroj
1421 4490 1610 4547 vrvce'.

549 4593 690 4651 Coa.
738 4594 886 4661 dipl.
929 4594 1179 4669 patrius
1240 4594 1368 4651 Vll.
1425 4596 1518 4649 69.
1575 4598 1672 4662 40,
1731 4613 1822 4650 no.
1883 4598 1977 4650 54.
2032 4626 2109 4633 —-
2170 4593 2541 4667 Kukuljevt'c'
2580 4593 2729 4665 Reg.
2782 4610 2875 4647 ne.
2934 4594 3068 4647 678.
