3797 5795
1547 423 1625 430 —-
1694 387 1958 450 313-—

406 579 735 641 mobilium
800 582 1195 659 pertinentiis
1254 591 1317 639 et
1377 580 1614 640 iuribus
1674 590 1738 639 et
1804 579 2164 640 actionibus
2209 588 2273 638 et
2319 579 2676 639 introitibus
2721 590 2784 639 et
2831 580 3106 640 exitibus

400 693 680 771 ipsarum
728 711 939 754 rerum
984 693 1409 754 immobilium
1459 703 1523 754 et
1569 711 1717 753 cum
1764 694 1942 754 omni
1989 695 2121 752 iure
2167 703 2230 751 et
2277 693 2532 753 actione
2581 709 2714 766 usu,
2743 711 2856 752 seu
2901 695 3104 768 requi-

394 809 629 867 sitione
672 826 759 866 ex
803 808 911 880 eis,
956 807 1059 867 uel
1104 825 1223 885 pro
1269 808 1359 866 eis
1404 806 1756 887 guardiano
1802 817 1865 865 et
1913 804 2209 865 fratribus
2270 804 2420 865 dicti
2483 805 2606 866 loci
2668 805 3105 888 Traguriensis

397 921 503 980 uel
550 920 735 980 nobis
780 939 897 998 pro
944 923 1033 980 eis
1079 922 1471 998 competenti
1518 929 1582 979 et
1628 919 2057 999 competituro
2103 920 2364 979 nomine
2412 918 2727 980 dictorum
2775 919 3102 1000 guardiani

394 1045 461 1092 et
511 1034 771 1093 fratrum
819 1033 1137 1094 dictorum
1184 1033 1330 1093 dicti
1384 1033 1501 1093 loci
1538 1031 1894 1106 uendimuS,
1927 1032 2243 1114 largimur,
2294 1032 2523 1092 damus
2554 1041 2747 1110 atque
2798 1033 3105 1093 tradimus

394 1146 484 1207 ad
532 1145 920 1218 habendum,
980 1146 1351 1219 tenendum,
1398 1146 1725 1219 utendum,
1772 1145 2254 1223 possidendum,
2298 1146 2732 1220 uendendum‚
2779 1146 2880 1206 uel
2926 1146 3101 1206 alteri

399 1259 918 1337 permutandum,
964 1259 1271 1333 dandum,
1318 1257 1417 1319 uel
1465 1258 1976 1333 eoncedendum,
2023 1271 2134 1319 aut
2169 1259 2482 1336 quidquid
2515 1260 2722 1338 uobiS‚
2755 1261 3104 1338 uestrisque

398 1372 609 1432 liberis
676 1382 738 1432 et
806 1372 1145 1432 heredibus
1208 1371 1513 1450 placuerit
1582 1383 1895 1451 perpetuo
1965 1371 2346 1432 faciendum.
2415 1371 2576 1433 Sunt
2647 1373 2818 1432 enim
2879 1390 2978 1432 res
3039 1383 3102 1431 et

394 1488 849 1564 possessiones
913 1496 1075 1546 terre
1136 1497 1199 1544 et
1263 1487 1446 1545 uinee
1494 1487 1625 1544 iste.
1691 1485 1983 1563 Inprimis
2048 1497 2211 1546 terra
2257 1496 2320 1544 et
2367 1487 2554 1546 uinea
2613 1485 2934 1560 Vulcotte‚
2979 1503 3106 1563 que

392 1610 493 1658 est
540 1598 1023 1677 quatuordecim
1072 1609 1520 1660 ueretenorum
1566 1601 1773 1677 posita
1819 1616 2010 1677 supra
2055 1609 2342 1658 sanctam
2412 1597 2686 1660 Martam
2735 1617 2936 1677 prope
2983 1609 3103 1657 ter-

394 1731 533 1771 ram
604 1711 909 1772 heredum
975 1711 1237 1772 domine
1302 1711 1503 1772 Marie
1549 1711 1631 1771 de
1679 1710 1914 1792 Cegha.
1987 1711 2144 1772 Item
2193 1725 2356 1772 terra
2402 1711 2485 1771 ad
2533 1709 2791 1785 Arcam,
2837 1729 2964 1790 que
3009 1720 3104 1770 est

396 1835 649 1903 septem
696 1837 1139 1885 ueretenorum
1188 1835 1249 1884 et
1298 1826 1553 1885 tertium
1615 1843 1819 1903 prope
1888 1835 2121 1885 terram
2168 1824 2432 1884 domine
2477 1824 2678 1886 Stane
2725 1823 2976 1885 Munnii
3021 1824 3104 1884 ab

400 1938 735 1998 occidente
780 1951 845 1998 et
892 1951 1055 1998 terra
1102 1937 1185 1998 de
1232 1935 1479 2009 Crisize‚
1511 1956 1636 2015 que
1668 1948 1763 1997 est
1798 1939 2017 2019 uiginti
2063 1938 2194 1998 duo
2241 1949 2690 1998 ueretenorum
2736 1949 2798 1998 et
2846 1938 3099 1998 tertium

392 2070 601 2130 prope
648 2063 877 2112 terram
926 2051 1153 2112 Marini
1189 2051 1272 2110 ab
1304 2061 1535 2111 austro
1586 2051 1745 2111 *Item
1781 2062 1944 2112 terra
1976 2063 2222 2130 septem
2271 2061 2717 2111 ueretenorum
2751 2061 2815 2110 et
2847 2052 3100 2111 tertium

392 2165 483 2224 ad
518 2164 747 2228 Crisize
792 2184 994 2244 prope
1040 2177 1271 2225 terram
1315 2164 1401 2224 Ivi
1437 2165 1764 2226 Valentini
1796 2177 1859 2224 et
1891 2174 2056 2225 terra
2087 2164 2171 2225 ad
2203 2166 2510 2224 terminos
2541 2182 2668 2243 que
2698 2173 2794 2224 est
2825 2163 3104 2224 sedecim

396 2290 845 2338 ueretenorum
909 2297 1111 2357 prope
1172 2289 1403 2338 terram
1451 2279 1714 2338 domine
1764 2278 2028 2339 Helene.
2094 2279 2254 2338 Item
2301 2287 2465 2338 terra
2513 2275 2930 2350 DeueritticiS,
2981 2296 3105 2355 que

396 2400 496 2450 est
564 2393 783 2472 uiginti
854 2405 1298 2452 ueretenorum
1370 2411 1571 2470 prope
1641 2402 1871 2452 terram
1944 2391 2194 2452 comitis
2262 2388 2508 2451 Marini.
2557 2390 2718 2450 Item
2787 2399 2952 2450 terra
3019 2390 3104 2450 ad

395 2513 689 2563 sanctam
740 2503 1009 2564 Mariam
1055 2504 1138 2565 de
1183 2503 1489 2583 Spilian0‚
1534 2523 1660 2579 que
1706 2515 1800 2564 est
1848 2504 2076 2565 decem
2109 2515 2172 2566 et
2205 2514 2355 2564 octo
2405 2513 2855 2564 ueretenorum
2903 2522 3105 2581 prope

400 2625 636 2675 terram
706 2613 965 2698 Georgii
1026 2617 1107 2678 de
1172 2615 1387 2699 Cegha
1452 2629 1513 2678 et
1577 2630 1739 2678 terra
1808 2620 2016 2695 posita
2081 2617 2165 2676 ad
2235 2635 2506 2690 murum,
2553 2635 2678 2694 que
2724 2628 2820 2676 est
2865 2634 3102 2676 nouem

404 2740 851 2790 ueretenorum
914 2749 1115 2809 prope
1178 2733 1347 2790 uiam
1408 2730 1729 2809 publicam
1794 2741 1857 2790 et
1921 2741 2085 2790 terra
2145 2730 2228 2791 ad
2283 2729 2525 2802 Reciza,
2572 2748 2698 2808 que
2743 2738 2837 2790 est
2884 2731 3102 2810 uiginti

403 2853 849 2904 ueretenorum
912 2863 1116 2923 prope
1175 2855 1407 2905 terram
1474 2843 1801 2922 quondam
1860 2843 2106 2905 domini
2154 2843 2475 2905 Desaccie.
2542 2843 2704 2903 Item
2750 2853 2932 2918 terra,
2977 2862 3105 2924 que

408 2956 635 3017 dicitur
681 2956 932 3018 Stanize
964 2959 1027 3017 in
1062 2959 1259 3017 tribus
1306 2957 1478 3030 lociS,
1524 2976 1651 3035 que
1696 2970 1791 3017 est
1838 2957 2068 3018 decem
2113 2968 2577 3017 ueretenorum.
2639 2956 2722 3017 Et
2771 2965 2934 3017 terra
2979 2975 3104 3036 que

400 3080 499 3129 est
546 3072 733 3129 trium
784 3082 1231 3130 ueretenorum
1278 3070 1485 3148 posita
1530 3089 1731 3148 prope
1780 3080 2070 3131 sanctam
2118 3068 2396 3130 Martam
2442 3079 2504 3129 et
2555 3079 2718 3129 terra
2765 3068 2848 3129 ad
2880 3068 3105 3131 Sabize

402 3194 467 3243 et
516 3196 679 3244 terra
726 3184 810 3243 ad
858 3192 1149 3244 sanctum
1198 3182 1566 3265 Georgium,
1630 3202 1755 3261 que
1802 3194 1950 3243 sunt
1996 3202 2111 3243 sex
2165 3193 2612 3244 ueretenorum
2659 3184 2822 3243 inter
2865 3183 3106 3243 ambas

401 3296 486 3357 Et
534 3307 699 3357 terra
746 3298 953 3375 posita
1001 3316 1203 3375 prope
1250 3307 1541 3357 sanetum
1589 3294 1991 3374 Stephanum
2039 3296 2122 3357 de
2152 3316 2402 3375 campO,
2449 3314 2578 3375 que
2625 3307 2720 3356 est
2769 3314 2886 3355 sex
2930 3313 3107 3356 uere-

400 3422 717 3471 tenorum.
765 3409 849 3471 Et
893 3410 1170 3489 quedam
1220 3422 1401 3477 terra,
1434 3429 1560 3489 que
1606 3418 1701 3469 est
1732 3427 1936 3488 prope
1967 3422 2260 3470 sanctum
2294 3410 2708 3471 Laurentium
2742 3408 2825 3469 de
2854 3426 3106 3487 camp0‚

402 3542 532 3601 que
578 3535 672 3583 est
721 3523 997 3583 duorum
1058 3534 1505 3584 ueretenorum
1554 3534 1617 3583 et
1664 3522 1873 3583 medii.
1925 3522 2086 3583 Item
2135 3534 2300 3583 terra
2359 3522 2442 3583 ad
2505 3520 2934 3597 Charbanum‚
2979 3540 3108 3602 que

404 3646 502 3697 est
567 3647 813 3715 septem
878 3648 1324 3697 ueretenorum
1386 3655 1589 3715 prope
1648 3644 1879 3696 terram
1949 3637 2310 3696 monasterii
2373 3636 2571 3695 sancti
2639 3634 2962 3714 JohanniS.
3023 3635 3107 3695 Et

398 3762 567 3809 terra
612 3749 698 3809 ad
740 3760 1033 3810 sanctum
1066 3747 1461 3827 Stephanum
1496 3767 1683 3827 supra
1730 3758 2022 3809 sanctum
2055 3748 2454 3826 Stephanum
2485 3767 2688 3827 prope
2718 3760 2952 3808 terram
2988 3747 3101 3807 Ba-

398 3863 605 3935 stiam,
652 3881 778 3937 que
838 3872 933 3922 est
993 3861 1125 3921 duo
1188 3872 1652 3923 ueretenorum.
1697 3861 1781 3923 Et
1827 3870 1993 3922 terra
2041 3862 2121 3921 dc
2167 3861 2310 3921 ualli
2374 3864 2573 3921 sancti
2635 3860 2936 3933 Danielis,
2982 3880 3106 3940 que

400 3986 501 4036 est
532 3975 831 4035 undecIm
866 3987 1313 4035 ueretenorum
1346 3992 1549 4053 prope
1580 3986 1809 4035 terram
1844 3987 2066 4035 sancte
2085 3975 2372 4035 Barbare.
2408 3974 2486 4035 Et
2519 3986 2682 4035 terra
2715 3974 2798 4034 ad
2818 3984 3104 4035 sanctam

406 4088 679 4149 Mariam
714 4088 797 4148 de
828 4087 1141 4164 Esverace
1186 4108 1389 4167 prope
1419 4099 1652 4148 terram
1689 4088 1851 4148 Petri
1901 4085 2146 4161 Gracie‚
2178 4107 2303 4167 que
2336 4100 2429 4147 est
2466 4088 2594 4148 duo
2640 4097 3106 4149 ueretenorum.

402 4201 488 4262 Et
537 4212 703 4261 terra
748 4220 937 4279 super
986 4201 1353 4261 Halenzana
1396 4220 1599 4279 prope
1646 4211 1879 4262 terram
1926 4200 2278 4271 Sabbazoli,
2305 4220 2430 4279 que
2475 4210 2570 4260 est
2617 4213 2889 4279 quatuor
2934 4219 3104 4260 uere-

400 4326 723 4375 tenorum.
780 4315 865 4375 Et
914 4326 1075 4374 terra
1136 4314 1217 4374 ad
1282 4313 1621 4374 Kertinum
1684 4333 1885 4393 prope
1947 4324 2177 4375 terram
2244 4312 2574 4392 quondam
2622 4312 2937 4387 Nusmari‚
2984 4331 3106 4391 que

406 4446 581 4488 nunc
626 4438 721 4489 est
768 4429 858 4489 tui
908 4427 1231 4489 Valentini
1267 4437 1331 4488 et
1361 4438 1457 4487 est
1503 4429 1788 4507 quinque
1836 4438 2280 4488 ueretenorum
2315 4437 2379 4487 et
2413 4428 2605 4487 tercii.
2651 4425 2730 4485 Et
2777 4425 2898 4485 alia
2945 4436 3108 4486 terra

398 4540 493 4601 -ad
528 4540 793 4601 Kertine
822 4559 1025 4619 prope
1058 4551 1287 4601 terram
1322 4540 1688 4601 Dobromiri
1728 4539 2036 4611 Sechene,
2074 4558 2200 4619 que
2232 4550 2325 4599 est
2359 4550 2630 4614 quatuor
2661 4551 3106 4599 ueretenorum

404 4664 471 4714 et
518 4665 681 4713 terra
714 4653 799 4713 ad
834 4652 1212 4729 Belancana‚
1245 4671 1370 4731 que
1401 4664 1497 4714 est
1529 4664 1804 4733 quatuor
1834 4664 2282 4713 ueretenorum
2315 4664 2378 4712 et
2417 4652 2610 4712 medii
2641 4671 2843 4731 prope
2876 4660 3108 4711 terram

420 4768 674 4828 comitis
717 4767 963 4829 Marini.
1010 4768 1093 4828 Et
1139 4768 1260 4827 alia
1306 4778 1469 4828 terra
1516 4768 1599 4827 ad
1645 4766 1999 4828 Belanzana
2050 4786 2252 4845 prope
2300 4777 2512 4825 ortum
2578 4766 2666 4826 tui
2723 4764 2916 4839 Luce,
2983 4783 3110 4843 que

412 4890 509 4941 est
553 4882 743 4941 trium
792 4868 1237 4941 ueretenorum
1268 4892 1331 4941 et
1364 4882 1554 4941 tercii.
1600 4880 1759 4940 Item
1793 4880 1922 4941 due
1952 4882 2131 4959 pecie
2163 4890 2343 4953 terre,
2381 4898 2507 4939 una
2539 4897 2740 4958 prope
2776 4879 3108 4939 eeclesiam

404 4995 611 5053 sancti
660 4991 945 5055 Danielis
976 5004 1038 5052 et
1070 4992 1190 5053 alia
1237 5011 1439 5071 prope
1486 5004 1715 5052 terram
1764 4996 1982 5053 uxoris
2029 4993 2280 5065 Roschi‚
2313 5011 2438 5071 que
2485 5002 2629 5052 sunt
2680 4995 2842 5051 inter
2885 4992 3112 5051 ambas

400 5115 555 5167 octo
591 5116 927 5167 ueretenos
958 5115 1023 5166 et
1054 5105 1338 5165 medium
1370 5124 1487 5183 pro
1521 5105 1791 5166 indiuiso
1824 5106 1907 5166 de
1941 5118 2102 5167 terra
2134 5108 2341 5184 posita
2373 5104 2456 5165 ad
2489 5113 2679 5183 caput
2721 5099 3108 5183 Deumeis(!)
