3797 5795
1539 376 1949 438 —129—

385 566 570 624 cione
615 575 678 624 et
727 566 922 626 tutela
983 567 1250 627 ecclesie
1316 586 1691 646 permanere
1750 578 1815 626 et
1875 585 1945 626 se
2007 586 2156 627 cum
2204 567 2483 644 quadam
2534 588 2646 629 sua
2692 571 3097 647 possessione

385 674 596 739 Casna
663 679 938 739 inferiori
1009 690 1234 740 vocata
1301 681 1565 741 ecclesie
1640 692 1951 758 spotanee
2026 682 2485 755 submisissent,
2562 684 3091 763 recognoscendo

385 789 718 862 ecclesiam
774 791 1112 853 liberaliter
1173 794 1254 855 de
1315 794 1561 855 eadem.
1624 794 1708 855 Et
1767 812 1917 855 cum
1980 794 2185 855 multo
2245 804 2537 873 tempore
2584 814 2697 855 eos
2741 795 3088 873 capitulum

382 903 790 977 consouisset,
838 906 1101 966 tandem
1149 908 1298 985 ipsis
1335 926 1452 985 pro
1485 906 1869 984 quibusdam
1918 908 2267 967 inimiciciis
2312 908 2688 987 capitalibus
2736 909 3097 987 relinquen-

385 1016 554 1076 tibus
585 1016 828 1091 dictam
858 1032 1088 1079 terram
1123 1031 1187 1080 et
1221 1038 1469 1081 moram
1519 1019 1896 1081 facientibus
1944 1023 2005 1081 in
2054 1021 2339 1099 partibus
2384 1022 2621 1092 alieniS,
2668 1040 2815 1081 cum
2863 1021 3099 1101 adepta

385 1148 546 1207 pace
605 1130 810 1191 redire
857 1132 1090 1192 vellent
1137 1133 1220 1193 ad
1267 1132 1562 1207 eandem,
1623 1136 1784 1193 sicut
1845 1144 2035 1194 antea
2090 1136 2410 1207 moraturi,
2456 1134 2699 1194 dictum
2746 1135 3094 1213 capitulum

386 1244 558 1320 ipsos
603 1243 804 1303 noluit
849 1244 1188 1305 admittere
1234 1246 1317 1306 ad
1363 1245 1656 1319 eandem,
1717 1246 1834 1306 sed
1895 1246 1999 1307 dei
2062 1248 2291 1307 timore
2350 1249 2733 1326 postposito,
2776 1266 2917 1307 eam
2970 1248 3099 1308 suis

385 1354 598 1416 vsibus
662 1355 1073 1435 applicanteS,
1133 1361 1306 1437 ipsos
1364 1360 1772 1420 excluserunt
1832 1360 1917 1421 ab
1977 1362 2150 1420 omni
2216 1360 2496 1436 vtilitate,
2556 1362 2959 1439 possessione
3028 1373 3092 1420 et

383 1469 736 1530 commodo
782 1470 951 1531 dicte
997 1482 1177 1545 terre,
1224 1490 1420 1550 quare
1465 1493 1502 1533 a
1549 1473 1737 1533 nobis
1781 1474 2089 1551 petebant
2135 1475 2557 1535 restitucionis
2604 1472 2985 1535 beneficium
3034 1476 3097 1533 in

384 1581 677 1642 eandem.
729 1584 1175 1645 Procuratores
1209 1604 1359 1646 vero
1390 1585 1644 1665 capituli
1693 1596 2166 1665 propusuerunt
2213 1605 2298 1646 ex
2344 1586 2648 1647 aduerso:
2696 1587 2874 1666 quod
2920 1606 3099 1665 sepe-

385 1694 534 1754 dicti
597 1699 698 1756 aui
761 1695 1252 1779 pred(ictorum)
1323 1701 1526 1778 ipsam
1600 1712 1830 1760 terram
1919 1697 2128 1763 Casna
2183 1699 2462 1777 capitulo
2526 1703 2787 1761 nomine
2833 1700 3099 1761 ecclesie

385 1808 755 1887 simpliciter
802 1809 1225 1885 donauerunt,
1273 1812 1449 1873 nullo
1495 1814 1610 1873 sibi
1657 1824 1911 1874 retento
1942 1816 2071 1873 iure
2102 1814 2167 1873 in
2198 1812 2461 1886 eadem;
2506 1824 2569 1874 et
2614 1815 2673 1873 in
2724 1814 2908 1874 huius
2953 1814 3102 1875 facti

385 1921 784 1983 euidenciam
817 1923 1383 1987 confirmacionem
1415 1927 1628 1987 inclite
1658 1926 2131 1987 recordacionis
2163 1929 2328 2008 regis
2374 1924 2635 1986 Andree
2682 1926 3094 2001 exhibebant,

385 2046 680 2113 petentes
745 2038 830 2097 ab
893 2040 1302 2115 impeticione
1361 2040 1795 2117 predictorum
1857 2058 1972 2118 per
2033 2058 2151 2100 nos
2212 2040 2679 2100 sentencialiter
2723 2059 2792 2099 se
2837 2039 3101 2099 absolui.

390 2148 532 2209 Hec
578 2151 764 2229 igitur
809 2160 874 2211 et
921 2150 1037 2211 hiis
1082 2152 1308 2212 similia
1356 2153 1641 2231 partibus
1699 2152 2210 2231 proponentibus
2257 2171 2475 2213 coram
2521 2153 2727 2225 nolis,
2772 2171 2917 2213 cum
2970 2170 3099 2212 non

387 2262 706 2323 uideretur
766 2264 1124 2339 uerisimile,
1185 2266 1363 2345 quod
1426 2279 1557 2326 tam
1619 2284 1966 2345 paucarum
2030 2269 2508 2345 possessionum
2556 2266 2849 2326 homines
2895 2266 3103 2326 taliter

385 2394 570 2436 suam
617 2385 850 2436 terram
898 2378 1165 2438 ecclesie
1212 2379 1646 2452 donauissent,
1692 2390 1761 2440 ut
1807 2380 1923 2439 sibi
1973 2390 2037 2439 et
2083 2382 2211 2440 suis
2258 2379 2599 2439 heredibus
2646 2381 2707 2438 in
2756 2380 2891 2457 ipsa
2938 2394 3103 2439 terra

386 2488 575 2549 nichil
623 2490 768 2548 iuris
812 2494 1064 2567 penitus
1099 2504 1541 2564 reseruassem,
1573 2492 2034 2553 sentenciando
2067 2492 2485 2559 decreuimus.
2530 2510 2645 2552 sex
2692 2492 2775 2551 de
2819 2492 3100 2571 capitulo

382 2604 620 2665 debere
679 2605 1006 2684 deponere
1066 2616 1558 2679 sacramentum,
1618 2624 1730 2665 sue
1791 2606 2123 2666 assertioni
2192 2604 2388 2665 fidem
2450 2608 2811 2666 iuramento
2858 2605 3099 2665 facturi.

381 2716 504 2795 Qui
554 2721 616 2778 in
666 2718 770 2779 die
817 2731 880 2779 et
930 2718 1074 2779 loco
1121 2722 1522 2792 sacramenti,
1569 2719 1651 2779 de
1698 2720 2026 2779 voluntate
2058 2730 2121 2779 et
2154 2719 2559 2797 beneplacito
2592 2720 2797 2779 tocius
2843 2717 3101 2797 capituli

383 2850 548 2891 onus
594 2834 972 2892 sacramenti
1021 2832 1343 2912 prestandi
1408 2836 1647 2893 euitare
1707 2835 2039 2911 cupientes
2084 2844 2147 2893 et
2195 2850 2277 2892 ne
2322 2832 2694 2892 scandalum
2744 2841 3103 2910 prestarent

387 2946 754 3007 hominibus
819 2946 902 3006 ad
970 2946 1354 3008 beneficium
1431 2949 1858 3026 proteccionis
1928 2947 2193 3008 ecclesie
2262 2946 2796 3026 confugientibus,
2866 2957 3099 3005 terram

388 3059 644 3119 Martini
692 3058 774 3119 fili
826 3057 1024 3132 Nork,
1087 3063 1192 3139 qui
1257 3079 1374 3139 pro
1437 3060 1822 3140 quibusdam
1887 3059 2213 3120 maleficiis
2273 3061 2503 3120 eadem
2554 3063 2781 3120 meruit
2828 3060 3102 3138 spoliari,

389 3191 534 3231 cum
587 3183 737 3232 octo
783 3174 1104 3253 iugeribus
1149 3186 1314 3234 terre
1359 3173 1701 3234 arabilibus
1763 3187 1825 3233 et
1886 3192 2035 3234 cum
2097 3184 2371 3251 quatuor
2416 3174 2734 3255 iugeribus
2780 3193 2897 3251 pro
2946 3173 3103 3234 silua

387 3286 838 3364 lignaminibus
883 3285 1222 3364 deputatis,
1268 3287 1478 3347 eidem
1527 3301 1693 3348 terre
1724 3287 2186 3360 adiacentibus,
2230 3306 2377 3348 cum
2426 3286 2811 3347 molendinis
2858 3299 2919 3346 ct
2967 3287 3104 3346 aliis

389 3397 756 3459 vtilitatibus
789 3401 850 3459 in
883 3401 1112 3460 eadem
1146 3401 1566 3461 existentibus
1599 3401 2006 3461 contulerunt
2054 3400 2354 3478 predictis
2387 3399 2719 3463 Cucmano
2752 3413 2815 3460 et
2850 3399 3103 3460 Endree

389 3531 464 3571 ac
524 3515 748 3573 ceteris
812 3513 951 3574 filiis
1014 3515 1174 3575 Petri
1239 3527 1552 3592 perpetuo
1615 3525 1677 3574 et
1743 3513 2005 3592 pacifice
2052 3513 2525 3592 possidendam.
2590 3513 2921 3592 [idemque
2969 3515 3101 3591 ipsa

389 3637 554 3685 terra
601 3629 904 3692 contenti,
953 3641 1275 3687 cesserunt
1337 3630 1509 3688 omni
1576 3629 1687 3687 iuri
1752 3641 1814 3686 et
1875 3629 2139 3699 accioni,
2186 3629 2233 3686 si
2284 3626 2461 3705 quod
2508 3627 2608 3687 uel
2656 3628 2706 3685 si
2754 3643 2949 3701 quam
2997 3625 3103 3684 he-

390 3737 630 3798 bebant
677 3738 779 3799 uel
828 3739 1062 3799 habere
1107 3741 1450 3818 sperabant
1507 3743 1568 3800 in
1633 3754 1795 3800 terra
1859 3738 2069 3804 Casna
2130 3743 2415 3818 superius
2482 3750 2834 3799 memorata
2881 3750 3104 3798 contra

389 3851 738 3930 capitulum
789 3864 1240 3922 memoratum,
1301 3873 1420 3914 nec
1482 3857 1595 3933 ipsi
1659 3855 1760 3914 uel
1825 3871 2045 3914 eorum
2116 3853 2382 3913 heredes
2446 3853 2619 3912 nullo
2674 3869 2967 3932 tempore
3012 3871 3105 3912 re-

391 3981 675 4044 gressum
727 3965 960 4026 habere
1006 3977 1308 4045 poterunt
1377 3969 1438 4027 in
1503 3966 1794 4027 eandem.
1861 3966 1932 4025 In
1995 3969 2171 4026 cuius
2216 3969 2300 4026 rei
2353 3968 2729 4026 memoriam
2777 3976 3105 4046 presentes

391 4090 640 4138 nostras
724 4079 960 4140 litteras
1029 4079 1324 4141 dedimus
1391 4081 1474 4140 ad
1545 4081 1931 4158 peticionem
2002 4082 2285 4158 parcium
2356 4090 2786 4158 utrarumque.
2862 4079 3101 4139 Datum

391 4192 664 4252 sabbato
711 4203 861 4252 ante
909 4203 1170 4254 octauas
1217 4195 1700 4254 resurreccionis
1747 4194 2011 4253 domini.
2080 4192 2279 4253 Anno
2325 4193 2567 4252 domini
2618 4189 2861 4254 MCCL
2913 4210 3103 4252 non0.

567 4385 673 4442 ⁴Va
734 4386 1052 4458 orejginalu
1114 4387 1576 4443 creveno-zelena
1637 4387 1878 4444 svilena
1942 4406 2130 4442 vrvccz
2176 4387 2302 4442 visi
2346 4385 2447 4442 bez
2483 4391 2727 4460 pedata.
2786 4385 2847 4440 U
2880 4383 3106 4442 arkivn

389 4489 554 4565 kapt.
588 4492 765 4566 fasc.
819 4493 906 4546 17.
958 4489 1045 4546 br.
1099 4493 1230 4547 103.

576 4613 828 4669 Tkalc'ic‘
885 4614 1156 4669 Manum.
1221 4614 1478 4688 episcop.
1544 4612 1808 4684 Zagrab.
1879 4612 1949 4682 I.-
1990 4615 2309 4670 121—122.
2370 4645 2449 4653 —
2520 4611 2899 4685 Kukuljevid
2952 4611 3103 4684 Reg.

390 4722 485 4758 nr).
549 4704 581 4752 Τ
594 4703 682 4755 72.

484 5220 626 5262 con.
657 5221 816 5262 mm„
847 5221 909 5261 v.
2980 5199 3019 5262 9
