3797 5795
1834 391 2096 453 —1524
2161 425 2244 433 —

688 586 1032 665 pervenire,
1080 584 1258 663 quod
1304 584 1683 646 Laurentius
1707 593 1771 643 et
1804 581 2079 642 Michael
2124 580 2232 641 filii
2280 577 2564 659 Chepani
2613 578 2696 639 de
2739 597 2972 660 genere
3019 575 3386 638 Guthkeled

691 697 772 758 de
818 698 1127 758 comitatu
1185 696 1552 775 Syrmiensi,
1597 696 1681 755 ad
1743 704 2029 755 nostram
2091 693 2471 755 accedentes
2530 694 2934 771 presentiam,
2981 690 3166 751 nobis
3231 708 3386 750 con—

690 810 1018 889 querendo
1078 808 1430 891 significare
1490 818 1884 880 curaverunt,
1932 807 2107 885 quod
2167 824 2315 865 cum
2377 805 2528 865 olim
2591 816 2881 886 tempore
2927 804 3170 864 domini
3216 802 3388 875 Bele,

690 924 1065 983 serenissimi
1114 925 1277 1003 regis
1326 921 1653 1003 Hungarie
1698 919 2156 981 recordationis
2202 919 2558 980 felicissirne
2604 916 2913 977 karissimi
2944 919 3137 995 patris
3168 916 3384 986 nostri,

692 1036 1021 1097 Rolandus
1068 1035 1272 1095 banus
1305 1046 1457 1095 tunc
1486 1034 1801 1113 palatinus
1832 1043 1897 1092 et
1929 1051 2149 1093 comes
2197 1032 2616 1103 posoniensis,
2647 1029 2729 1090 ab
2762 1032 2899 1109 ipso
2945 1037 3126 1107 patre
3163 1039 3384 1088 nostro

687 1167 805 1227 pro
872 1148 1247 1209 revocandis
1314 1149 1551 1208 iuribus
1618 1158 1971 1207 castrorum
2040 1144 2234 1205 iudex
2302 1146 2664 1223 deputatuS,
2731 1140 3080 1222 quamdam
3151 1154 3380 1201 terram

689 1280 911 1321 eorum
960 1259 1403 1321 hereditariam
1430 1258 1860 1337 Feketewnep
1911 1270 2226 1333 vocatam,
2258 1260 2519 1319 nomine
2567 1260 2710 1317 iuris
2756 1257 2940 1317 castri
2987 1255 3386 1333 SyrmiensiS‚

687 1374 772 1433 ad
816 1377 1288 1455 suggestionem
1338 1372 1764 1452 quorumdam
1812 1372 2173 1432 emulorum
2221 1389 2480 1432 suorum
2531 1371 2779 1431 fecisset
2825 1368 3114 1447 impediri
3161 1378 3225 1427 et
3271 1386 3386 1426 an-

688 1489 891 1547 notari
954 1489 1017 1547 in
1078 1488 1360 1567 registrO,
1406 1505 1575 1547 nunc
1626 1488 1926 1567 magister
1981 1485 2212 1545 Paulus
2271 1486 2628 1564 prepositus
2674 1480 3388 1561 Quinqueecclesiensis,

689 1618 878 1677 quem
928 1609 1075 1679 post
1120 1601 1605 1660 coronationem
1654 1609 1938 1659 nostram
1986 1598 2068 1658 ad
2117 1598 2546 1658 revocandum
2597 1598 2728 1657 iura
2774 1594 3154 1673 Syrmiensis
3199 1595 3382 1654 castri

687 1712 970 1773 indebite
1017 1723 1328 1791 occupata
1376 1730 1521 1773 cum
1557 1722 1732 1772 certo
1766 1711 2078 1771 mandato
2127 1712 2517 1782 miseramuS,
2565 1722 2796 1769 terram
2845 1707 3140 1768 eamdem
3190 1708 3386 1785 ipsius

685 1826 925 1907 registri
994 1834 1293 1903 pretextu
1362 1826 1534 1885 dicto
1602 1834 1811 1884 castro
1880 1824 2098 1884 fecerit
2161 1824 2481 1904 assignari,
2543 1822 2686 1883 licet
2747 1832 2960 1881 tamen
3009 1840 3048 1880 a
3094 1830 3386 1897 tempore

680 1940 873 2016 ipsius
919 1938 1194 1999 Rolandi
1239 1937 1383 1998 bani
1435 1938 1671 1997 dictam
1720 1946 1954 1999 terram
2001 1947 2377 2016 prenotatus
2423 1933 2766 2013 Chepanus
2826 1944 3006 2013 pater
3051 1950 3270 1993 eorum
3319 1944 3384 1991 et

684 2048 790 2109 filii
838 2052 929 2109 sui
978 2069 1094 2129 per
1138 2068 1539 2127 consequens
1600 2068 1801 2130 usque
1861 2049 1946 2109 ad
1992 2048 2110 2109 hec
2159 2059 2450 2126 tempora
2497 2046 2761 2127 pacifice
2813 2049 3179 2118 tenuissent,
3223 2048 3385 2124 peti-

684 2174 911 2224 verunt
943 2183 981 2223 a
1013 2162 1216 2235 nobis,
1246 2173 1314 2223 ut
1346 2164 1628 2241 ipsorum
1676 2164 1976 2223 iustitiam
2018 2164 2394 2243 investigare
2426 2172 2490 2221 et
2522 2161 2758 2221 dictam
2791 2171 3024 2221 terram
3072 2169 3380 2236 tanquam

682 2276 777 2336 ius
823 2295 1047 2337 eorum
1094 2276 1242 2354 ipsis
1289 2277 1615 2335 restituere
1661 2273 2085 2357 dignaremur.
2135 2274 2274 2335 Nos
2319 2277 2552 2352 itaque,
2598 2276 2703 2351 qui
2736 2292 2821 2333 ex
2852 2272 3064 2333 officio
3109 2274 3382 2349 suscepti

680 2389 1004 2469 regiminis
1050 2399 1112 2448 et
1160 2399 1375 2449 nostra
1422 2389 1666 2469 elargiri
1714 2398 1777 2448 et
1824 2388 2094 2449 aliorum
2141 2390 2292 2460 iura,
2324 2398 2392 2448 ut
2429 2388 2846 2466 premisimuS,
2878 2385 3188 2446 debemus
3233 2402 3387 2445 con-

680 2518 947 2573 servare,
1009 2499 1531 2579 predecessorum
1598 2510 1963 2561 nostrorum
2023 2501 2302 2581 vestigiis
2368 2500 2737 2569 inherendO,
2798 2510 2937 2559 tum
3004 2496 3384 2558 eorumdem

680 2610 955 2672 filiorum
1020 2609 1302 2691 Chepani
1364 2612 1657 2691 precibus
1710 2613 2011 2687 inclinati,
2055 2614 2118 2673 in
2166 2614 2336 2697 lacto
2382 2614 2658 2692 presenti
2705 2612 3254 2673 descendissemus
3299 2609 3384 2670 ad

682 2723 1119 2805 indagandum
1168 2726 1613 2786 omnimodam
1664 2728 2014 2799 veritatem,
2043 2729 2193 2806 quia
2227 2726 2457 2787 Paulus
2503 2726 2709 2787 banus
2754 2744 2974 2785 comes
3020 2724 3382 2785 Bachiensis

681 2846 745 2895 et
777 2834 1159 2916 Syrmiensis
1190 2848 1251 2899 et
1285 2839 1657 2920 iobagiones
1702 2840 1897 2918 ipsius
1943 2840 2146 2912 castri,
2195 2837 2414 2900 Benke
2461 2839 2752 2900 videlicet
2799 2841 3002 2901 maior
3047 2839 3380 2910 exercitus,

678 2947 977 3011 Andreas
1037 2950 1199 3012 filius
1260 2949 1619 3032 Augustini,
1665 2951 1996 3013 Emericus
2060 2955 2263 3012 maior
2328 2954 2534 3025 castri,
2578 2971 2654 3013 ac
2702 2952 2965 3030 quidam
3011 2951 3110 3011 alii
3157 2969 3380 3011 eorum

680 3064 833 3122 socii
880 3083 1098 3124 coram
1162 3065 1349 3124 nobis
1392 3066 1854 3143 presentialiter
1920 3067 2264 3138 constituti,
2309 3083 2424 3143 per
2469 3084 2586 3125 nos
2631 3067 2928 3145 requisiti,
2975 3067 3035 3125 in
3084 3064 3212 3125 fide
3257 3063 3383 3124 deo

680 3185 746 3235 et
790 3194 1030 3237 corone
1075 3179 1244 3258 regie
1291 3176 1525 3252 debita,
1570 3189 1864 3239 constare
1912 3179 2100 3238 nobis
2145 3177 2446 3244 fecerunt,
2479 3179 2542 3237 in
2588 3178 2713 3238 hoc
2760 3179 3196 3238 testimonium
3243 3179 3382 3236 viva

680 3306 840 3348 voce
901 3288 1300 3367 perhibendo
1362 3292 1623 3364 veritati,
1670 3302 1736 3352 ut
1786 3303 2143 3351 memorata
2207 3302 2371 3351 terra
2417 3291 2472 3352 F
2475 3289 2851 3370 eketewnep
2898 3293 2977 3350 sit
3022 3300 3086 3350 et
3131 3307 3383 3368 semper

684 3400 866 3462 fuerit
942 3402 1317 3464 hereditaria
1386 3415 1549 3464 terra
1618 3407 1812 3483 ipsius
1882 3401 2171 3483 Chepani
2233 3415 2297 3465 et
2357 3403 2884 3483 predecessorum
2939 3422 3218 3476 suorum,
3264 3421 3384 3462 nee

682 3531 965 3592 unquam
1026 3519 1393 3594 pertinuerit
1452 3517 1553 3577 vel
1610 3519 1928 3596 pertinere
1988 3516 2280 3577 debuerit
2339 3516 2424 3577 ad
2484 3528 2762 3577 castrum
2808 3516 3184 3595 predictum.
3247 3515 3385 3575 Nos

683 3636 912 3687 terram
976 3629 1273 3688 eamdem
1337 3648 1486 3690 cum
1546 3633 1675 3691 suis
1738 3629 2110 3690 utilitatibus
2171 3630 2471 3691 omnibus
2515 3640 2577 3690 et
2623 3630 3019 3708 pertinentiis
3079 3631 3387 3690 universis

684 3743 1052 3800 memoratis
1118 3741 1259 3802 filiis
1328 3740 1612 3822 Chepani
1662 3753 1725 3802 et
1771 3761 1993 3803 eorum
2065 3745 2534 3804 successoribus
2601 3753 2933 3821 tamquam
3007 3745 3100 3803 ius
3159 3761 3382 3802 eorum

682 3851 1127 3914 hereditarium
1175 3857 1561 3916 restituimus
1591 3865 1653 3916 et
1686 3855 2055 3935 reliquimus
2099 3866 2414 3935 perpetuo
2459 3855 2724 3934 pacifice
2769 3855 3245 3935 possidendam,
3277 3873 3387 3915 co-

682 3968 815 4026 miti
883 3980 947 4027 et
1016 3967 1461 4049 iobagionibus
1528 3971 1713 4028 castri
1782 3966 2161 4042 Sirmiensis,
2204 3971 2571 4048 quicunque
2639 3969 2824 4030 suerit
2885 3988 3002 4046 pro
3071 3981 3388 4046 tempore,

678 4079 995 4141 silentium
1044 4089 1426 4159 perpetuum
1475 4083 1895 4160 imponentes
1970 4079 2039 4141 In
2087 4085 2263 4142 cuius
2307 4085 2396 4142 rei
2442 4084 2839 4153 memoriam,
2885 4078 3386 4159 firmitatemque

678 4203 1055 4271 perpetuam
1103 4203 1429 4272 presentes
1474 4195 1907 4254 concessimus
1953 4195 2191 4255 litteras
2237 4194 2552 4273 dupplicis
2582 4193 2765 4274 sigilli
2798 4194 2992 4254 nostri
3029 4195 3387 4254 munimine

678 4305 1027 4366 roboratas.
1074 4305 1315 4367 Datum
1360 4325 1474 4386 per
1519 4325 1747 4367 manus
1794 4309 2074 4388 magistri
2121 4307 2447 4368 Benedicti
2494 4307 2762 4368 ecclesie
2823 4305 3200 4370 Orodiensis
3245 4325 3388 4385 pre-

554 4425 571 4437 ·
668 4419 885 4497 positi,
930 4418 1073 4480 aule
1133 4429 1349 4480 nostre
1409 4417 1923 4493 vicecancellarii,
1970 4420 2182 4480 dilecti
2243 4431 2305 4480 et
2369 4418 2570 4482 fidelis
2632 4422 2846 4481 nostri.
2892 4417 3092 4481 Anno
3138 4419 3386 4514 domini

680 4530 1035 4604 millesim0‚
1096 4530 1222 4595 CC.
1282 4534 1753 4614 septuagesimo
1813 4532 2118 4608 secund0‚
2177 4544 2365 4594 sexto
2429 4532 2737 4594 kalendas
2797 4551 2965 4610 may,
3033 4532 3386 4594 indictione

682 4646 901 4723 quinta
946 4645 1216 4719 decima,
1262 4647 1434 4727 regni
1484 4654 1695 4706 autem
1746 4648 1944 4706 nostri
1989 4664 2162 4706 anno
2208 4645 2512 4707 secundo.
2562 4645 3054 4708 Venerabilibus
3099 4646 3388 4725 patribus

682 4757 973 4839 Philippo
1035 4759 1469 4840 Strigoniensi,
1536 4755 1870 4837 Stephano
1917 4755 2256 4822 Colocensi
2301 4759 2447 4821 aule
2491 4769 2705 4820 nostre
2751 4758 3129 4822 cancellario
3175 4769 3242 4820 et
3280 4758 3386 4839 Jo-

680 4871 890 4934 hanne
936 4871 1291 4952 Spalatensi
1339 4871 1847 4950 archiepiscopis,
1895 4871 2246 4951 Lamperto
2292 4869 2610 4953 Agriensi,
2648 4872 2892 4934 Briccio
2939 4870 3388 4945 Chenadiensi,

673 4984 798 5065 J0b
843 4983 1527 5065 Quinqueecclesiensi,
1575 4982 1867 5062 Philippo
1916 4985 2214 5046 Vaciensi
2246 4984 2392 5046 aule
2423 4985 2686 5046 domine
2726 4987 2942 5067 regine
2986 4985 3386 5055 cancellario,

680 5099 876 5160 Paulo
950 5098 1423 5178 Vesprimiensi,
1496 5096 1914 5174 Thymotheo
1991 5097 2414 5178 Zagrabiensi,
2491 5099 2885 5160 Lodomerio
2955 5099 3388 5169 Varasdiensi‚
