3797 5795
1873 346 2278 411 —176—-

719 548 785 598 et
831 536 914 597 de
960 536 1374 616 Vorosdyn0‚
1419 556 1611 613 quem
1656 548 1919 617 propter
1964 538 2209 601 diversa
2254 539 2574 602 fidelitatis
2619 560 2831 619 opera,
2876 540 3063 601 nobis
3108 552 3175 600 et
3224 556 3435 621 regno

721 660 942 711 nostro
973 649 1256 711 exhibita
1286 660 1350 711 et
1383 652 1646 729 inpensa
1693 652 1877 733 regiis
1921 652 2243 714 favoribus
2286 653 2749 732 amplexamur,
2792 672 2877 715 ex
2906 655 3120 735 gracia
3166 670 3441 713 conces-

721 765 918 824 simus
984 763 1258 842 speciali,
1323 777 1394 824 ut
1439 764 1524 826 de
1569 766 2077 843 possessionibus
2122 768 2251 827 suis
2294 766 2701 841 hereditariis,
2746 768 3062 846 empticiis
3106 777 3173 826 et
3218 766 3439 826 eciam

723 877 1060 954 acquisitis,
1104 876 1408 938 libertinis
1451 878 1578 938 suis
1624 888 1689 938 et
1733 878 1974 940 ancillis
2034 897 2109 939 ac
2166 879 2303 940 aliis
2364 879 2549 939 bonis
2595 882 2739 953 suiS,
2784 879 2999 953 dandi,
3045 876 3435 940 conferendi

721 1001 784 1051 et
833 988 1226 1067 relinquendi
1273 990 1538 1051 domine
1583 992 1768 1051 uxori
1829 1010 1943 1052 sue
2001 1003 2064 1052 et
2128 988 2375 1053 filiabus
2421 994 2629 1071 ipsius,
2674 1002 2962 1071 preterea
3006 991 3265 1073 legandi
3314 1009 3439 1051 seu

724 1102 1102 1182 disponendi
1150 1102 1483 1165 salubriter
1528 1104 1610 1165 de
1655 1104 1897 1165 eisdem
1962 1104 2470 1184 possessionibus
2514 1106 2641 1165 suis
2686 1116 2749 1165 et
2796 1104 2983 1165 bonis
3028 1106 3158 1165 suis
3203 1122 3441 1163 mona·

725 1216 916 1276 sterio
962 1233 1079 1276 suo
1123 1235 1242 1295 pro
1288 1217 1576 1278 remedio
1621 1217 1834 1277 anime
1893 1220 2043 1285 eius,
2105 1220 2265 1279 sicut
2326 1218 2439 1279 sibi
2504 1218 2827 1296 placuerit,
2884 1218 3143 1277 liberam
3195 1214 3441 1276 habeat

723 1328 1090 1389 facultatem
1137 1341 1202 1389 et
1246 1348 1324 1389 ea
1367 1330 1586 1390 omnia
1645 1343 1709 1391 et
1769 1331 2034 1412 singula,
2096 1350 2221 1409 que
2286 1331 2503 1392 fecerit
2564 1331 2664 1392 vel
2726 1330 3113 1391 ordinaverit
3159 1329 3243 1389 de
3290 1348 3445 1407 pre-

726 1442 929 1503 missis
973 1452 1233 1521 propter
1277 1445 1410 1503 eius
1453 1445 1832 1505 instanciam
1879 1454 2101 1504 nostro
2148 1444 2445 1505 volumus
2502 1442 2830 1525 privilegio
2892 1442 3296 1503 confirmare.
3364 1440 3443 1500 ln

724 1556 902 1615 cuius
933 1556 1016 1615 rei
1053 1558 1430 1616 memoriam
1463 1566 1526 1617 et
1559 1567 1935 1635 perpetuam
1968 1555 2333 1617 firmitatem
2366 1567 2695 1635 presentes
2737 1555 2945 1618 eidem
2995 1555 3449 1617 concessimus

725 1666 962 1729 litteras
1007 1668 1322 1748 dupplicis
1366 1668 1546 1750 sigilli
1595 1672 1790 1730 nostri
1839 1670 2192 1730 munimine
2254 1669 2601 1730 roboratas
2672 1668 2915 1731 Datum
2960 1686 3135 1729 anno
3184 1666 3449 1727 domini

727 1778 991 1845 M⁰CC⁰
1007 1778 1178 1854 LX⁰‚
1225 1782 1400 1863 regni
1447 1793 1662 1843 autem
1711 1784 1907 1843 nostri
1955 1800 2127 1843 anno
2178 1783 2482 1843 vicesimo
2530 1784 2772 1860 quinto.

901 1972 1116 2030 Hazai
1157 1972 1495 2031 oklevdltdr
1541 1976 1634 2031 38.
1683 1994 1776 2031 no,
1833 1977 1918 2030 31.

1990 2308 2183 2389 682.

732 2518 932 2599 1260,
978 2519 1041 2582 2.
1088 2515 1510 2584 novembr-a.
1558 2517 1618 2583 U
1660 2516 2161 2585 Dubrovnikn.

1497 2708 1556 2771 O
1599 2708 1954 2793 zemgjama
2000 2730 2094 2771 na
2140 2708 2341 2771 otoku
2390 2692 2671 2791 Sipuju.

904 2900 1103 2964 Anno
1148 2904 1598 2963 incarnationis
1643 2901 1896 2962 domini
1952 2899 2159 2973 1260„
2219 2902 2455 2963 mensis
2516 2897 2884 2960 novembris
2928 2897 2985 2960 2.
3032 2896 3155 2970 die,
3216 2915 3449 2958 coram

735 3015 923 3075 uobis
986 3015 1354 3094 subscriptis
1400 3015 1664 3075 testibus
1719 3032 1840 3075 nos
1885 3014 2145 3092 quidem
2195 3013 2442 3092 Slavius
2485 3009 2891 3092 episcopus(!)
2939 3022 3003 3072 et
3048 3009 3253 3070 abbas
3300 3027 3449 3069 mo-

735 3129 963 3187 nasteri
1015 3125 1420 3188 Lacromone
1466 3145 1612 3187 cum
1661 3126 1955 3187 iratribus
2004 3128 2160 3186 meis
2206 3125 2404 3186 Paulo
2450 3135 2514 3186 et
2561 3123 2779 3202 Ysaya
2839 3122 3241 3196 confitemur,
3286 3123 3447 3201 quia

732 3240 996 3320 predicti
1045 3242 1406 3301 monasterii
1457 3241 1676 3300 vineae
1721 3258 1848 3319 que
1893 3251 2041 3300 sunt
2086 3240 2149 3300 in
2196 3237 2400 3299 insula
2437 3237 2686 3319 Jupane
2730 3246 2848 3298 etc.
2896 3234 2999 3298 De
3043 3234 3169 3295 hoc
3215 3245 3443 3295 autem

627 3421 634 3430 .
675 3373 680 3378 ·
733 3353 898 3413 facte
944 3362 1090 3413 sunt
1135 3353 1262 3413 due
1321 3363 1510 3428 carte,
1570 3351 1688 3412 hec
1747 3363 1811 3412 et
1856 3353 1996 3426 alia,
2056 3352 2137 3413 de
2195 3352 2425 3430 quibus
2468 3351 2656 3412 cartis
2699 3367 2896 3411 unam
2943 3347 3083 3408 tulit
3130 3347 3443 3407 dominus

733 3465 1070 3544 episcopus
1115 3484 1263 3525 cum
1309 3465 1604 3526 fratribus
1649 3477 1712 3526 et
1764 3465 1957 3526 aliam
2017 3464 2157 3526 tulit
2218 3464 2517 3525 dominus
2576 3461 2952 3524 Tomichna.
3026 3459 3170 3521 Hec
3214 3472 3438 3520 autem

732 3587 904 3638 carta
973 3577 1149 3638 nullo
1217 3579 1585 3638 testimonio
1654 3579 1860 3656 rumpi
1930 3577 2145 3656 possit.
2218 3575 2323 3638 Hii
2370 3587 2519 3638 sunt
2564 3585 2785 3636 testes:
2828 3573 3111 3654 Johanes
3158 3571 3431 3632 Ranane

730 3691 968 3751 iuratus
1033 3690 1228 3752 iudex
1295 3704 1359 3752 et
1426 3709 1549 3772 ego
1617 3690 1953 3770 presbyter
2019 3689 2294 3751 Pascalis
2360 3700 2425 3750 et
2490 3687 2782 3749 comunis
2866 3686 3148 3746 notarius
3193 3685 3443 3744 iuratus

732 3803 1001 3881 scriptor
1044 3822 1186 3864 sum
1233 3815 1297 3865 et
1342 3805 1535 3864 testis,

906 4022 1134 4078 Mattei
1175 4021 1475 4078 Memorie
1516 4020 1780 4078 storiche
1822 4040 1900 4078 su
1944 4021 2223 4095 Ragnsa.
2287 4017 2564 4095 Rukopis
2608 4037 2649 4075 u
2694 4015 2993 4092 knjisnici
3035 4015 3209 4073 Male
3252 4013 3441 4072 brac'e

733 4125 1116 4184 dubrovac'ke
1161 4124 1247 4184 br.
1301 4129 1426 4182 410.
1477 4125 1598 4198 (St.
1649 4123 1738 4182 br.
1787 4126 1959 4198 267).
2013 4124 2156 4182 Tom
2203 4125 2323 4183 Ill.
2371 4127 2459 4179 14.

905 4238 1161 4296 Farlati
1218 4238 1392 4310 Illyr.
1443 4237 1616 4296 Sacr.
1682 4237 1777 4296 VI.
1828 4241 1957 4294 291.
2004 4237 2161 4310 (ima
2206 4255 2378 4293 samo
2425 4237 2672 4310 regest).
2720 4267 2806 4276 —
2851 4232 3232 4308 Kukulyevic‘
3272 4233 3433 4306 Reg.

731 4350 818 4408 br.
879 4353 1014 4408 796.
