3797 5795
1651 663 1843 742 802.

386 847 589 924 1264,
635 847 699 910 3.
748 846 1188 929 septembra.
1238 847 1295 911 U
1342 845 1798 912 Cittaveohii.

398 1035 634 1096 L-'rban
682 1034 725 1095 l
744 1035 813 1096 Γ.
874 1043 1052 1120 papa
1122 1035 1291 1098 moll
1350 1037 1573 1099 dusda
1643 1037 1959 1122 Rajnera
2007 1038 2222 1112 Gena,
2281 1040 2371 1102 da
2430 1039 2814 1124 zapovzjedz'
2873 1041 3088 1104 knezu

586 1149 1035 1226 zadarskome,
1086 1150 1257 1211 neka
1304 1171 1391 1212 ne
1434 1156 1647 1212 smeta
1682 1151 1992 1235 gradnja
2038 1143 2430 1215 sanzostancz
2475 1174 2570 1216 sv.
2619 1151 2893 1216 Nz‘kole.

568 1341 863 1402 Urbanus
923 1343 1261 1421 episcopus
1323 1362 1541 1403 seruus
1600 1362 1930 1404 seruorum
2007 1345 2107 1404 dei
2188 1345 2421 1404 dilecto
2484 1345 2612 1406 filio
2691 1346 2885 1406 nobili
2951 1349 3088 1406 uiro

384 1453 714 1532 Raynerio
762 1453 949 1515 Geno
996 1455 1139 1516 duci
1192 1456 1592 1518 Venetorum
1653 1458 1924 1518 salutem
1971 1469 2036 1518 et
2082 1459 2501 1536 apostolicam
2548 1458 3090 1524 benedictionem.

386 1566 493 1627 Ex
538 1579 717 1647 parte
782 1568 1155 1629 dilectarum
1202 1571 1263 1628 in
1313 1568 1562 1632 Christo
1624 1570 1891 1630 filiarum
1941 1618 2200 1632 .....
2251 1572 2572 1632 abbatisse
2618 1584 2680 1632 et
2728 1585 3086 1634 conuentus

384 1681 757 1742 monialium
821 1683 1203 1742 inclusarum
1253 1685 1615 1744 monasterii
1662 1685 1861 1744 sancti
1911 1683 2155 1744 Nicolai
2207 1683 2514 1756 [adrensis
2581 1685 2819 1746 ordinis
2865 1697 3087 1746 sancte

386 1791 577 1856 Clare
604 1777 706 1855 'ad
751 1813 1085 1856 romanam
1133 1797 1465 1856 ecclesiam
1505 1796 1680 1856 nullo
1714 1797 1929 1856 medio
1961 1799 2334 1876 pertinentis
2379 1797 2496 1858 suit
2542 1799 2726 1859 nobis
2773 1799 3091 1860 humiliter

380 1908 833 1986 supplicatum,
880 1919 946 1968 ut
994 1927 1140 1969 cum
1188 1911 1320 1987 ipse
1368 1909 1647 1989 quedam
1695 1909 1944 1970 edificia
1989 1929 2106 1988 pro
2153 1911 2436 1970 clausura
2483 1913 2674 1989 ipsius
2724 1913 3091 1972 monasterii

387 2039 524 2080 non
560 2021 885 2081 modicum
921 2033 1255 2100 oportuna,
1279 2023 1413 2082 sine
1448 2022 1676 2100 quibus
1708 2025 2166 2084 monasterium
2193 2025 2398 2102 ipsum
2434 2025 2607 2083 iuxta
2633 2033 2868 2085 statuta
2893 2026 3088 2103 ipsius

386 2134 633 2193 ordinis
679 2134 986 2213 compleri
1035 2153 1164 2194 non
1210 2145 1445 2214 posset,
1504 2147 1868 2196 construere
1930 2137 2211 2214 ceperint
2259 2154 2390 2195 non
2437 2139 2571 2196 sine
2619 2139 2866 2218 magnis
2913 2137 3090 2197 labo-

384 2247 563 2306 ribus
610 2256 673 2309 et
721 2249 1019 2326 expensis
1080 2258 1144 2307 et
1204 2248 1433 2307 nobilis
1480 2249 1573 2307 uir
1621 2247 1970 2330 (Antonius
2015 2248 2456 2330 superandus)
2506 2268 2725 2309 comes
2747 2249 3086 2330 Jadrensis,

386 2361 503 2437 qui
548 2379 662 2438 per
708 2372 770 2420 te
816 2360 939 2420 hoc
986 2373 1277 2439 tempore
1322 2360 1598 2439 presidet
1638 2360 1960 2441 Jadrensis
2004 2361 2446 2442 gubernaculis
2514 2363 2799 2435 ciuitatiS‚
2846 2362 3092 2423 edificia

384 2475 527 2552 ipsa
563 2493 680 2552 pro
716 2493 827 2534 sue
860 2473 1204 2533 uoluntatis
1250 2473 1427 2533 libito
1474 2476 1751 2534 construi
1785 2485 1846 2533 et
1879 2475 2030 2554 erigi
2065 2493 2195 2533 non
2228 2477 2552 2552 permittit,
2596 2485 2808 2553 partes
2841 2487 3092 2536 nostras

384 2587 567 2666 apud
613 2598 694 2648 te.
743 2605 936 2664 quem
982 2589 1187 2647 sciunt
1233 2597 1521 2647 nostrum
1569 2596 1634 2647 et
1681 2585 1948 2647 ecclesie
1993 2605 2261 2646 romane
2307 2587 2615 2648 deuotum
2648 2599 2711 2647 et
2743 2590 2804 2648 in
2843 2590 3094 2667 pietatis

392 2700 695 2779 operibus
743 2699 1059 2774 delectari,
1091 2719 1277 2778 super
1323 2699 1447 2759 hoc
1492 2701 1895 2778 interponere
1927 2699 2010 2759 de
2045 2699 2434 2781 benignitate
2480 2700 2664 2760 solita
2710 2719 3091 2762 curaremus,

390 2811 563 2876 Cum
614 2814 798 2894 igitur
844 2812 1015 2872 illam
1062 2830 1356 2894 geramus
1387 2811 1469 2871 de
1502 2824 1609 2872 tua
1654 2813 2013 2872 sinceritate
2060 2812 2378 2886 fiduciam,
2425 2822 2491 2872 ut
2536 2831 2882 2891 speremus,
2915 2813 3092 2892 quod

386 2945 613 3005 preces
660 2937 907 2987 nostras
953 2939 1015 2987 et
1060 2928 1390 3006 presertim
1438 2927 1591 3001 illas,
1618 2944 1776 3004 quas
1820 2946 1940 3005 pro
1986 2925 2288 3008 religiosis
2333 2929 2622 3005 personis
2667 2938 2730 2987 et
2775 2928 2931 2989 locis
2978 2927 3092 2988 tibi

389 3041 738 3121 dirigimus,
770 3040 1038 3100 libenter
1069 3040 1327 3101 studeas
1357 3040 1723 3119 adimplere,
1757 3040 2156 3100 nobilitatem
2189 3049 2366 3099 tuam
2399 3040 2753 3121 rogandam
2787 3040 3090 3100 duximus

384 3156 693 3213 attentius
724 3165 787 3213 et
820 3153 1218 3227 hortandam,
1250 3156 1311 3213 in
1360 3154 1793 3213 remissionem
1829 3152 1939 3213 tibi
1973 3154 2414 3232 peccaminum
2450 3154 2848 3233 iniungentes
2895 3152 3089 3213 nichi-

390 3266 689 3339 lominuS,
735 3268 1029 3344 quatinus
1089 3266 1376 3345 predicto
1444 3267 1662 3326 comiti
1709 3266 1795 3325 ob
1842 3266 2124 3326 diuinam
2172 3276 2236 3325 et
2282 3275 2564 3325 nostram
2611 3284 2688 3325 ac
2744 3264 3096 3344 apostolice

388 3379 563 3440 sedis
608 3382 1027 3440 reuerentiam
1074 3398 1187 3459 per
1232 3390 1371 3440 tuas
1417 3381 1706 3460 iniungas
1752 3378 2006 3452 litteraS‚
2050 3391 2118 3439 ut
2165 3378 2406 3439 nullum
2481 3378 2720 3439 eisdem
2769 3379 3088 3439 abbatisse

384 3506 453 3553 et
503 3496 844 3553 conuentui
894 3494 956 3553 in
1002 3494 1319 3571 premissis
1382 3492 1641 3553 edificiis
1701 3491 2234 3569 impedimentum
2280 3490 2382 3551 uel
2429 3491 2828 3551 obstaculum
2899 3494 3088 3551 inter-

389 3618 611 3684 ponat,
643 3609 749 3685 qui
782 3608 983 3665 immo
1016 3606 1278 3685 prebeat
1312 3607 1399 3665 eis
1431 3615 1817 3683 oportunum
1855 3606 1916 3663 in
1949 3604 2067 3664 hac
2104 3614 2285 3683 parte
2325 3604 2658 3664 consilium
2690 3615 2754 3664 et
2787 3604 3092 3664 fauorem.

384 3718 629 3780 Taliter
696 3720 880 3801 igitur
944 3737 1164 3797 preces
1232 3730 1479 3778 nostras
1546 3736 1735 3797 super
1802 3717 1926 3777 hoc
1993 3716 2363 3795 adimplea5‚
2412 3726 2479 3776 ut
2545 3716 2906 3777 deuotionis
2983 3726 3092 3776 tue

388 3830 965 3910 promptitudinem
1013 3831 1219 3912 dignis
1265 3832 1501 3891 exinde
1532 3834 1595 3891 in
1629 3831 1895 3890 domino
1943 3829 2235 3919 laudibus
2283 3831 2507 3889 merito
2554 3830 3088 3890 commendantes

388 3944 726 4026 condignis
773 3944 943 4005 illam
988 3946 1329 4026 gratiarum
1376 3944 1732 4004 actionibus
1777 3961 2256 4022 prosequamur.
2327 3942 2568 4003 Datum
2615 3941 2786 4022 apud
2837 3942 3083 4003 Vrbem

386 4069 675 4118 ueterem
722 4057 827 4117 III.
875 4076 1078 4117 nonas
1123 4057 1519 4136 septembris,
1567 4056 1974 4136 pontificatus
2021 4057 2214 4115 nostri
2263 4074 2434 4115 anno
2482 4058 2684 4115 tertiO.

577 4250 875 4324 Orzginal
914 4270 953 4307 u
1001 4249 1250 4324 gubern.
1312 4249 1533 4307 arkivu
1583 4271 1621 4307 u
1667 4250 1901 4317 Zadru,
1966 4249 2103 4305 odio
2162 4256 2520 4304 samostana
2589 4268 2672 4303 π.
2721 4246 2946 4303 Nz'kolc
2993 4246 3080 4303 br.

391 4358 491 4411 37.
541 4388 623 4396 --
670 4355 864 4411 Pec‘at
906 4354 1175 4429 manjka.
