3797 5795
1831 379 1915 387 --
1981 346 2103 407 136
2158 381 2243 389 -—·

688 558 1040 617 munimine
1103 558 1451 619 roboratas.
1497 558 1739 619 Datum
1801 572 1864 621 et
1925 572 2139 622 actum
2200 560 2389 635 Albe,
2452 564 2671 641 quinta
2733 563 2884 624 seria
2946 576 3094 642 post
3158 565 3407 625 festum

685 671 882 729 sancti
931 669 1276 745 Michaelis,
1321 690 1493 731 anno
1539 672 1784 733 domini
1831 673 2170 735 millesimo
2216 675 2657 736 ducentesimo
2706 676 2761 737 L
2809 696 3000 736 nono,

860 863 1116 919 ‚Fas-lati
1159 863 1256 919 Ill.
1307 883 1464 922 sacr.
1527 867 1584 923 V.
1641 868 1778 921 372.
1827 900 1915 907 —-
1961 868 2150 941 Fey‘e'r
2200 869 2341 926 Cod.
2392 870 2543 944 dipl.
2592 871 2803 944 llung.
2851 870 2898 927 I
2902 872 2958 927 Γ.
3008 872 3061 924 2.
3122 872 3260 925 493.
3318 870 3407 925 da

693 970 825 1023 195.
871 1000 954 1007 -—
1010 966 1266 1025 Tkalc‘ic‘
1319 969 1588 1027 Manum.
1652 972 1907 1046 episcop.
1973 971 2237 1045 Zagrab.
2288 974 2337 1030 I.
2393 976 2723 1035 122—123,
2792 1010 2863 1017 —
2948 976 2999 1031 11
3010 975 3193 1031 ’enze‘l
3244 974 3401 1032 Coa’.

687 1070 832 1146 dipl.
883 1072 1112 1147 Arpad.
1167 1074 1274 1129 Xl.
1329 1078 1672 1131 456—457.
1708 1085 1792 1151 po
1827 1076 2086 1150 potr-rari
2126 1078 2212 1132 od
2240 1079 2383 1150 god.
2459 1080 2621 1135 1:223.
2676 1112 2751 1117 ——
2802 1078 3181 1153 Kukuljew‘c‘
3234 1080 3403 1147 ch.

687 1195 780 1232 no,
838 1179 870 1229 7
880 1180 971 1234 75.

1949 1558 2143 1638 644.

688 1745 884 1826 1259,
932 1747 1036 1810 22.
1085 1747 1416 1815 oktobra.
1463 1749 1523 1816 U
1566 1749 1828 1815 Zadru.

689 1936 922 1998 Preste
983 1936 1064 1999 de
1131 1938 1516 2023 Cotopagna
1580 1940 1738 2023 (laje
1805 1940 2178 2003 Prvoslavu
2244 1940 2551 2002 Mlaasmfz'
2606 1942 2801 2025 srvoju
2864 1942 3131 2024 zemlju,
3198 1942 3289 2003 da
3336 1940 3413 2002 ,τί

1713 2052 1973 2115 nasadz'
2012 2051 2365 2138 vz'nograd.

865 2242 933 2303 In
984 2241 1208 2305 Christi
1274 2247 1550 2304 nomine.
1598 2243 1796 2305 Anno
1859 2247 2319 2306 incarnacionis
2362 2248 2497 2306 eius
2544 2245 2881 2306 millesimo
2943 2245 3391 2306 ducentesimo

689 2357 1222 2438 quinquagesimo
1255 2375 1448 2429 none,
1479 2359 1715 2417 mensis
1747 2358 2043 2430 octubris
2089 2359 2195 2419 die
2224 2358 2477 2419 decima
2507 2370 2803 2431 exeunte,
2833 2358 3154 2419 indicione
3186 2361 3393 2421 tertia.

681 2466 888 2548 Jadre‚
935 2470 1333 2547 temporibus
1378 2469 1624 2530 domini
1669 2470 1967 2548 Raynerii
2014 2469 2180 2532 Geni
2227 2471 2418 2531 incliti
2467 2471 2646 2532 ducis
2682 2471 2963 2532 Venecie
3008 2482 3071 2531 et
3106 2474 3390 2551 magistri

689 2580 1013 2643 Laurentii
1063 2582 1434 2643 venerabilis
1473 2582 1794 2663 Jadrensis
1833 2583 2316 2675 archiepiscopi,
2359 2602 2435 2645 ac
2477 2583 2783 2663 Johannis
2814 2583 3103 2644 Badoarii
3152 2587 3389 2666 egregii

687 2696 958 2755 comitis,
1011 2695 1420 2757 Manifestum
1469 2696 1632 2756 facio
1679 2714 1802 2777 ego
1849 2697 2065 2757 Preste
2112 2696 2193 2757 de
2228 2694 2609 2778 Cotopagna
2656 2716 2804 2757 cum
2848 2698 3007 2757 meis
3048 2697 3393 2757 heredibus

686 2818 748 2867 et
797 2809 1283 2882 successoribus,
1322 2811 1471 2888 quia
1502 2809 1590 2869 do
1623 2821 1687 2870 et
1717 2810 2010 2869 concedo
2060 2810 2167 2869 tibi
2218 2810 2477 2885 quidem
2529 2810 2896 2871 Priuoslauo
2929 2809 3060 2870 filio
3095 2809 3393 2884 Mladage

687 2932 751 2981 et
799 2923 920 2981 tuis
979 2921 1318 2983 heredibus
1364 2925 1427 2983 in
1474 2924 1754 3003 quadam
1775 2921 1840 3004 (l)
1910 2942 2119 2983 meam
2182 2937 2415 2984 terram
2464 2927 2716 2984 vineam
2761 2925 3068 3002 plantare,
3112 2925 3387 3002 positam

687 3036 792 3114 a(l)
844 3035 1154 3096 Lemesce
1213 3039 1390 3097 iuxta
1439 3039 1688 3098 vineam
1739 3035 1965 3097 Marini
2015 3034 2396 3099 Carbanossi
2445 3055 2661 3098 uersus
2720 3037 2984 3097 boream
3048 3047 3111 3098 et
3174 3055 3393 3096 uersus

686 3158 969 3208 austrum
1031 3149 1207 3209 iuxta
1268 3152 1518 3211 vineam
1569 3149 1840 3220 Pobrati,
1885 3149 2242 3210 secundum
2289 3149 2465 3227 quod
2512 3149 2848 3228 presaliam
2896 3149 3130 3210 factam
3192 3147 3395 3209 habes

687 3260 909 3332 taliter,
955 3261 1132 3338 quod
1179 3261 1416 3322 dictam
1464 3273 1697 3322 terram
1745 3281 1858 3340 per
1904 3272 1968 3323 te
2013 3273 2255 3339 tuoque
2302 3263 2519 3322 labore
2566 3283 2602 3322 a
2652 3261 2851 3321 modo
2897 3281 3099 3340 usque
3144 3261 3231 3321 ad
3264 3273 3393 3322 tres

688 3391 893 3433 annos
939 3375 1298 3452 completos
1344 3375 1582 3436 debeas
1626 3377 1945 3454 pastinare
1991 3387 2053 3435 et
2102 3375 2257 3435 dum
2304 3394 2447 3436 eam
2502 3375 2795 3436 habueris
2825 3385 2889 3436 et
2921 3393 3005 3435 ex
3036 3393 3113 3434 ea
3145 3374 3397 3451 aliquos

688 3484 925 3546 fructus
984 3487 1318 3548 extrahere
1376 3490 1634 3567 poteris,
1693 3488 1935 3549 debeas
1979 3508 2091 3566 per
2138 3498 2201 3548 te
2248 3499 2519 3566 tuosque
2581 3487 2847 3548 heredes
2905 3487 3055 3546 mihi
3106 3490 3397 3566 meisque

691 3598 1026 3660 heredibus
1087 3610 1150 3659 et
1211 3601 1680 3661 successoribus
1738 3603 2069 3662 annuatim
2133 3613 2422 3680 quartam
2487 3611 2735 3679 partem
2805 3600 2887 3660 de
2934 3602 3081 3660 vino
3129 3600 3212 3659 de
3260 3603 3393 3659 tina

689 3710 790 3771 hic
835 3713 898 3771 in
945 3713 1231 3785 ciuitate;
1292 3713 1373 3773 de
1435 3713 1580 3773 oleo
1642 3713 1904 3793 quidem
1953 3724 2016 3774 et
2063 3716 2237 3774 omni
2301 3714 2425 3773 alio
2489 3713 2694 3773 fructu
2741 3733 2823 3774 ex
2870 3732 2944 3772 ea
2991 3712 3213 3772 habito
3260 3723 3393 3772 tam

689 3828 924 3885 recenti
975 3843 1170 3903 quam
1218 3829 1386 3886 sicco
1435 3826 1586 3885 mihi
1633 3826 1917 3886 similiter
1964 3836 2256 3904 quartam
2302 3836 2549 3905 partem
2614 3826 2797 3886 dabis
2842 3837 2903 3885 et
2951 3827 2999 3884 si
3048 3825 3130 3884 de
3177 3824 3394 3902 aliquo

691 3938 898 3998 fructu
945 3939 1180 3998 recenti
1227 3939 1328 4000 uel
1375 3940 1545 3999 sicco
1579 3939 1957 4013 uendideris‚
2006 3951 2300 4017 quartum
2348 3939 2678 4000 denarium
2735 3938 2920 3998 michi
2968 3937 3300 4016 paccabis;
3344 3940 3395 3996 si

690 4071 844 4111 uero
915 4051 1070 4112 ficus
1139 4063 1424 4112 recentes
1489 4052 1758 4113 domum
1805 4053 2158 4131 portaueris
2202 4052 2284 4112 ad
2331 4051 2896 4124 commedendum,
2956 4069 3104 4112 curn
3154 4050 3395 4110 eodem

695 4183 848 4226 uase
895 4176 1120 4242 quarta
1168 4167 1305 4226 uice
1347 4165 1497 4225 mihi
1530 4165 1831 4244 portabis,
1864 4164 1929 4227 Si
1966 4185 2119 4226 uero
2166 4165 2475 4226 suadente
2521 4164 2781 4225 diabolo
2812 4166 2875 4224 in
2908 4164 3127 4224 fraude
3174 4175 3396 4224 contra

694 4297 906 4338 meam
979 4281 1298 4339 racionem
1371 4289 1654 4357 repertus
1722 4279 1927 4350 fueris,
1998 4279 2185 4339 michi
2254 4297 2370 4338 sex
2431 4297 2781 4357 yperperos
2824 4278 3084 4356 pacabis
3131 4280 3394 4337 nomine

690 4409 876 4470 pene,
925 4411 1140 4452 verum
1205 4405 1418 4453 tamen
1469 4395 1514 4452 si
1563 4391 1693 4452 ullo
1759 4403 2053 4470 ternpore
2098 4402 2167 4452 tu
2214 4392 2314 4452 uel
2362 4391 2630 4452 heredes
2674 4393 2762 4451 tui
2813 4393 2979 4469 ipsas
3023 4393 3181 4450 vites
3243 4408 3397 4450 uen-

693 4504 843 4564 dere
890 4505 1182 4578 uoiueris,
1227 4507 1434 4583 primo
1484 4505 1634 4565 mihi
1683 4507 1968 4583 meisque
2015 4504 2351 4564 heredibus
2398 4517 2461 4564 et
2508 4505 2975 4565 successoribus
3022 4503 3191 4563 illam
3239 4522 3397 4563 uen-

691 4617 1010 4678 dicionem
1078 4618 1315 4678 debeas
1361 4617 1700 4690 declarare,
1747 4618 1923 4695 quod
1971 4620 2019 4678 si
2068 4637 2175 4678 eas
2220 4637 2434 4678 emere
2487 4617 2767 4688 uoluere,
2815 4617 3033 4677 dando
3079 4617 3195 4676 tibi
3243 4615 3397 4676 illud

691 4733 982 4810 pretium,
1029 4731 1205 4809 quod
1241 4731 1324 4790 ab
1370 4750 1501 4790 uno
1533 4741 1598 4790 et
1627 4731 1710 4790 ab
1740 4731 1864 4790 alio
1897 4731 2131 4791 habere
2177 4734 2431 4809 poteriS‚
2478 4731 2665 4791 michi
2713 4733 2880 4808 ipsas
2926 4729 3109 4789 dabis
3153 4740 3216 4788 et
3265 4747 3399 4788 non

691 4843 792 4904 alii
863 4843 1123 4916 homini,
1170 4843 1346 4922 quod
1415 4845 1462 4902 si
1535 4846 1700 4922 ipsas
1769 4861 1983 4904 emere
2054 4844 2337 4917 noluer0‚
2398 4856 2622 4921 postea
2682 4843 2868 4904 liceat
2937 4843 3047 4902 tibi
3095 4841 3396 4914 uendere,

690 4958 932 5017 donare
997 4959 1377 5035 cuicumque
1423 4956 1714 5030 uolueriS,
1759 4957 1937 5017 saluo
1999 4976 2251 5036 semper
2298 4960 2472 5017 omni
2524 4959 2654 5016 iure
2698 4975 2867 5030 men,
2914 4966 2982 5015 ut
3026 4955 3387 5033 predictum

692 5081 802 5130 est.
856 5071 1015 5130 Item
1063 5073 1110 5130 si
1161 5070 1512 5149 predictam
1577 5083 1806 5130 terram
1872 5089 2002 5130 non
2058 5072 2472 5148 pastinaueris
2525 5088 2726 5148 usque
2770 5068 2853 5129 ad
2900 5071 3399 5146 suprascriptum
