3797 5795
1692 414 1765 421 —-
1832 376 2092 439 490-

1801 690 1994 771 957.

536 871 737 949 1269,
782 870 892 934 30.
939 868 1198 951 apl-ila.
1245 868 1305 934 U
1350 866 1654 933 Raveni.

540 1058 773 1123 Pz'smo
839 1058 1267 1142 nadbz'skupa
1340 1058 1761 1141 ravenskoga
1824 1056 2432 1120 novoz'zabranomu
2507 1053 2938 1139 nadbiskupu
3009 1053 3254 1117 dubro-

1724 1170 2070 1232 vac‘komzc.

721 1364 1043 1443 Philippus
1109 1364 1209 1425 dei
1282 1375 1347 1424 et
1414 1365 1769 1443 apostolica
1836 1366 2048 1446 gracia
2118 1376 2336 1425 sancte
2405 1362 2670 1425 ecclesie
2737 1364 3258 1425 Rauennatensis

537 1478 1066 1556 archiepiscopus,
1134 1477 1486 1556 apostolice
1545 1476 1713 1538 sedis
1782 1476 2042 1558 legatuS,
2102 1479 2240 1538 uiro
2306 1477 2583 1538 discreto
2644 1475 2909 1538 Andree
2955 1476 3250 1537 Gausoni

540 1592 852 1651 canonico
902 1590 1253 1651 Padouano
1300 1590 1568 1651 salutem
1618 1594 1681 1650 in
1729 1590 2017 1651 domino.
2067 1588 2402 1652 Admonet
2444 1609 2562 1650 nos
2608 1608 2758 1651 cura
2803 1588 3252 1650 sollicitudinis

543 1705 867 1765 commissi
917 1704 1103 1763 nobis
1150 1702 1363 1774 officii,
1412 1714 1480 1764 ut
1528 1706 1693 1764 circa
1740 1716 2005 1765 cunctas
2065 1694 2364 1765 ecclesias
2429 1704 2586 1765 infra
2644 1704 2988 1785 legacionis
3035 1712 3260 1762 nostre

540 1817 849 1877 terminos
878 1819 1119 1895 positas
1148 1817 1687 1878 consideracionis
1732 1820 2030 1878 intuitum
2079 1817 2440 1898 dirigamus
2487 1815 2618 1878 Sed
2650 1836 2730 1877 eo
2763 1815 3038 1895 amplius
3081 1816 3256 1876 circa

543 1932 744 2010 magis
802 1930 1041 1989 nobilia
1104 1929 1393 1989 membra
1454 1949 1721 1991 romane
1754 1930 2046 2006 ,ecclesie
2106 1929 2367 2011 uigilare
2429 1949 2548 1991 nos
2595 1931 2912 2003 conuenit,
2979 1947 3110 2008 quo
3157 1928 3248 1989 ab

546 2042 697 2120 ipsis
742 2042 886 2121 plus
932 2044 1222 2123 exigitur,
1270 2061 1417 2103 cum
1466 2045 1556 2103 eis
1602 2055 1900 2104 noscatur
1945 2043 2359 2122 probabiliter
2403 2043 2548 2121 plus
2593 2045 3032 2103 commissum.
3081 2040 3252 2104 Cum

542 2158 727 2236 igitur
786 2156 1053 2217 ecclesia
1099 2156 1419 2237 Ragusina
1484 2167 1789 2217 vaccante
1835 2157 1919 2217 ad
1967 2159 2161 2237 ipsius
2207 2160 2490 2238 regimen
2537 2158 2623 2218 sis
2668 2156 3068 2235 adsumptuS,
3132 2173 3258 2213 nos

540 2267 848 2341 uolenteS,
892 2278 962 2328 ut
1009 2272 1143 2348 ipsa
1190 2267 1473 2341 ecclesia,
1504 2288 1651 2329 cum
1686 2271 2238 2349 metropoliticana
2277 2271 2510 2345 existit,
2557 2280 2690 2330 tam
2738 2272 2800 2331 in
2845 2272 3139 2348 sequenti
3185 2272 3252 2329 in

541 2382 838 2441 subiectis
869 2381 986 2442 sibi
1018 2382 1299 2442 ecclesiis
1343 2385 1620 2460 patiatur
1654 2383 1998 2456 defectum,
2042 2402 2258 2444 curam
2292 2394 2358 2443 et
2387 2384 3006 2444 administrationem
3055 2385 3258 2461 ipsius

541 2493 803 2554 ecclesie
852 2495 1190 2577 Ragusine,
1237 2506 1369 2555 tam
1416 2498 1476 2556 in
1523 2495 1965 2575 spiritualibus,
2013 2515 2206 2574 quarn
2255 2499 2318 2557 in
2367 2496 2826 2576 temporalibus
2871 2499 3256 2557 auctoritate

543 2626 665 2685 qua
729 2608 1048 2689 {ungimur
1110 2619 1334 2669 tenore
1403 2610 1789 2687 presentium
1859 2612 2086 2670 intuitu
2135 2623 2197 2670 et
2243 2610 2804 2689 contemplacione
2872 2610 3126 2671 illustris
3185 2621 3255 2671 et

542 2720 859 2801 magnifici
920 2723 1027 2781 viri
1090 2721 1336 2781 domini
1408 2721 1727 2782 Laurentii
1798 2722 2070 2801 Teupuli
2135 2722 2328 2784 incliti
2409 2723 2588 2785 ducis
2651 2724 3070 2786 Venetiamm
3132 2724 3250 2783 tibi

539 2832 914 2894 fiducialiter
958 2834 1261 2895 duximus
1293 2835 1727 2908 commitendi,
1758 2848 2104 2914 sperantes,
2151 2846 2218 2897 ut
2263 2854 2414 2896 cum
2461 2837 2544 2897 ad
2591 2836 2865 2897 eandem
2913 2836 3254 2897 ecclesiam

538 2949 621 3005 sis
665 2945 921 3021 electuS,
968 2967 1108 3008 eam
1176 2949 1399 3008 maiori
1468 2948 1807 3009 affectione
1855 2949 2103 3030 dilligas
2149 2961 2210 3010 et
2259 2953 2424 3011 circa
2472 2953 2667 3030 ipsius
2733 2951 3082 3011 commoda
3130 2949 3253 3010 ser-

539 3061 815 3120 uenciori
862 3059 1097 3120 assectu
1128 3071 1191 3121 te
1221 3060 1460 3120 debeas
1505 3080 1821 3136 exercere,
1866 3062 1952 3122 ad
1983 3064 2336 3141 predictam
2382 3066 2555 3124 enim
2601 3083 2820 3124 curam
2853 3074 2915 3124 et
2948 3064 3254 3125 adminis—

536 3175 878 3233 trationem
926 3173 1036 3233 tibi
1083 3173 1589 3234 commitendam
1635 3175 1737 3236 illa
1785 3177 1954 3236 racio
2004 3194 2120 3236 nos
2181 3177 2442 3250 inducit,
2501 3179 2652 3256 quia
2717 3179 2910 3256 ipsius
2979 3177 3250 3238 ecclesie

538 3287 886 3364 capitulum
936 3299 999 3346 te
1046 3287 1231 3346 duxit
1280 3288 1341 3346 in
1390 3306 1573 3346 suurn
1620 3287 2172 3368 archiepiscopum
2221 3290 2626 3350 concorditer
2688 3290 3096 3372 elligendum.
3141 3291 3250 3353 Tu

537 3417 690 3479 ergo
737 3411 1073 3478 tamquam
1121 3401 1215 3459 uir
1261 3400 1543 3479 prudens
1590 3420 1673 3461 ex
1722 3420 1893 3461 nunc
1925 3402 2201 3462 eandem
2250 3421 2468 3463 curam
2515 3413 2577 3463 et
2626 3403 3248 3464 administrationem

538 3515 841 3593 suscipias
886 3523 950 3574 et
996 3513 1214 3573 omnia
1260 3526 1322 3573 et
1370 3514 1613 3593 singula
1662 3515 1725 3574 in
1773 3515 2200 3592 spiritualibus
2248 3526 2310 3576 et
2357 3517 2818 3594 temporalibus
2865 3516 3076 3585 faciaS,
3120 3534 3254 3594 que

540 3625 713 3686 utilia
759 3627 1102 3687 credideris
1133 3639 1197 3687 et
1229 3626 1463 3686 uideris
1494 3627 1816 3705 expedire,
1848 3637 1917 3688 ut
1947 3638 2160 3706 preter
2189 3629 2629 3690 retribucionis
2675 3630 2887 3691 divine
2931 3631 3250 3708 premium

538 3742 949 3818 consequaris
994 3740 1078 3800 ab
1124 3739 1489 3800 hominibus
1546 3759 1785 3800 nomen
1832 3741 2096 3815 bonum,
2143 3742 2646 3804 contradictores
2707 3745 3064 3804 monitione
3106 3761 3254 3821 pre-

538 3853 728 3912 missa
776 3873 889 3932 per
934 3871 1255 3913 cessuram
1276 3853 1343 3933 (l)
1392 3854 1885 3914 ecclesiasticam
1935 3855 2406 3933 conpescendo
2479 3856 2549 3916 In
2597 3860 2775 3918 cuius
2823 3859 2906 3917 rei
2956 3858 3248 3917 testimo-

538 3965 714 4024 nium
760 3977 1089 4044 presentes
1150 3965 1387 4026 litteras
1434 3967 1701 4027 fecimus
1762 3967 1943 4049 sigilli
1993 3971 2186 4028 nostri
2238 3972 2591 4030 munimine
2637 3971 2940 4030 roborari.
3002 3969 3251 4031 Datum

540 4075 865 4152 Rauenne‚
912 4078 1197 4138 secundo
1244 4077 1551 4140 kalendas
1599 4082 1765 4152 maii,
1811 4081 2198 4141 duodecima
2245 4081 2609 4144 indictione.

724 4289 1140 4364 Ovjerovq'eni
1174 4290 1437 4365 prijepis
1482 4309 1521 4346 u
1568 4289 2012 4348 dubrovalkom
2061 4291 2304 4349 arkivu.
2357 4293 2585 4349 Zbirka
2633 4313 2792 4352 saec.
2841 4294 3026 4351 Xlll.

714 4394 1072 4450 Bullam‘um
1122 4395 1513 4468 Rugusinum
1566 4399 1917 4454 408—409.
1965 4428 2050 4436 —
2097 4397 2358 4453 Farlati
2401 4397 2570 4469 lllyr.
2625 4399 2800 4456 Sacr.
2865 4399 2958 4456 Vl.
3004 4403 3115 4455 111.
3167 4433 3258 4440 —

531 4495 913 4572 h'ukuljeve'c‘
954 4500 1106 4570 Reg.
1156 4519 1249 4556 no.
1305 4503 1435 4554 971.
