3797 5795
1854 349 2179 410 ...4-.-

668 539 1039 615 excepcioni
1089 556 1220 597 non
1267 538 1417 598 date
1463 549 1525 599 et
1573 551 1905 599 numerate
1950 541 2220 618 pecunie
2265 551 2559 617 tempore
2604 550 2984 600 contractus.
3048 539 3155 601 Ad
3186 559 3367 602 secu-

667 651 917 710 ritatem
949 661 1166 711 autem
1197 663 1471 712 vestram
1503 651 1646 711 huic
1681 653 2103 712 instrumento
2150 665 2440 713 nostrum
2471 651 2742 733 sigillum
2774 652 3066 731 pendens
3096 654 3363 714 fecimus

669 765 924 842 apponi.
970 761 1210 824 Actum
1274 766 1336 824 in
1397 782 1649 824 camera
1710 766 1905 843 ipsius
1965 763 2211 826 domini
2256 763 2708 844 archiepiscopi
2764 768 2827 826 in
2873 770 3245 845 prensencia
3292 777 3354 827 et

669 877 1034 936 testimonio
1080 876 1324 936 domini
1373 876 1619 938 Nicolai
1665 877 1997 938 Pharensis
2040 879 2341 956 episcopi,
2388 877 2614 939 Nicole
2656 877 2918 957 Duymi,
2971 879 3197 940 Marini
3244 877 3363 958 Sy-

671 990 918 1050 meonis
964 988 1286 1050 Leonardi
1331 989 1414 1050 de
1460 990 1714 1051 Pessine
1762 987 2246 1069 Spalatensibus
2290 1000 2355 1051 et
2400 991 2551 1051 aliis.
2620 991 2763 1072 Ego
2824 990 3047 1052 Dobre
3091 990 3363 1052 Duscize

668 1103 1070 1163 examinator
1114 1105 1404 1164 conscius
1448 1105 1682 1182 scripsi.

842 1216 983 1298 Ego
1042 1214 1310 1277 Amicus
1371 1217 1754 1296 capellanuS,
1814 1217 2179 1278 communis
2224 1216 2615 1295 spalatensis
2660 1219 2897 1278 imatus
2944 1219 3223 1277 notarius
3270 1217 3364 1277 his

667 1329 917 1389 interfui
964 1340 1027 1389 et
1073 1329 1156 1390 de
1203 1329 1528 1390 voluntate
1595 1333 1788 1408 ipsius
1852 1330 2097 1390 domini
2166 1329 2620 1408 archiepiscopi
2687 1341 2946 1411 rogatus
3013 1331 3226 1407 scripsi
3300 1339 3362 1390 et

669 1451 976 1502 consveto
1021 1443 1204 1523 signo
1250 1442 1560 1502 roboravi.

855 1601 1150 1673 Orzginal
1190 1621 1228 1657 u
1276 1600 1498 1658 arkivu
1544 1601 1789 1676 kaptola
1834 1600 2225 1677 spljetskoga.
2289 1601 2395 1658 AVa
2442 1601 2647 1658 listim‘
2687 1601 2814 1656 visi
2839 1600 3120 1657 konlana
3168 1602 3361 1669 uzica,

659 1707 849 1780 pe‘c‘at
870 1706 946 1779 jc
991 1713 1182 1778 otpao.

845 1809 1100 1865 Far-lati
1141 1810 1237 1865 lll.
1284 1827 1551 1868 sacrum.
1602 1810 1718 1867 Ill.
1769 1812 1907 1864 279.
1958 1843 2043 1851 ——-
2082 1811 2273 1885 Fey'e'r
2321 1810 2463 1868 Cod.
2508 1811 2655 1886 dipl.
2701 1811 2913 1884 Hung.
2964 1811 3009 1868 I
3014 1813 3071 1869 V.
3124 1813 3180 1880 2,
3236 1815 3359 1865 414.

665 1911 864 1989 (samo
901 1913 1208 1990 poletak.)
1231 1947 1304 1955 —
1355 1915 1598 1970 I¹Venzel
1645 1914 1782 1972 Cod.
1831 1914 2065 1988 Arpad.
2099 1923 2255 1973 cont.
2319 1915 2449 1971 Vll.
2490 1915 2839 1970 437—438.
2876 1949 2961 1956 —
2996 1913 3369 1990 Kukuljevic‘

673 2018 820 2089 Reg.
870 2037 964 2072 κο.
1021 2021 1154 2073 692.

1928 2205 2119 2285 538.

669 2346 870 2424 1256,
919 2346 981 2410 3.
1028 2347 1294 2410 marta.
1341 2345 1400 2409 U
1445 2344 1707 2411 Zadru.

1342 2499 1564 2563 Slana
1609 2500 1857 2583 daruje
1902 2506 2014 2561 vrl
2058 2499 2689 2563 Domz'm'kancima.

847 2677 914 2735 ln
961 2678 1224 2736 nomine
1271 2676 1371 2736 dei
1420 2678 1616 2735 eterni
1680 2695 1888 2735 amen.
1952 2673 2149 2735 Anno
2209 2676 2292 2735 ab
2356 2678 2799 2736 incarnacione
2862 2677 3106 2736 domini
3170 2681 3360 2737 nostri

663 2787 811 2867 Jcsu
857 2787 1080 2851 Christi
1132 2788 1466 2848 millesimo
1530 2788 1969 2848 ducentesimo
2017 2791 2546 2868 quinquagesimo
2578 2799 2780 2858 sextO,
2851 2791 3085 2849 mensis
3133 2792 3365 2862 marcii,

670 2902 772 2967 die
819 2904 1011 2962 tercio
1059 2905 1347 2977 intrante,
1394 2902 1712 2962 indicione
1758 2912 1981 2979 quarta
2031 2902 2297 2977 decima,
2350 2901 2555 2981 jadre.
2626 2902 2763 2962 Nos
2810 2921 3088 2981 namque
3137 2903 3365 2964 Paulus

673 3028 734 3074 et
767 3015 1120 3075 Dimincius
1173 3014 1275 3075 filii
1329 3015 1659 3093 quondam
1693 3012 1973 3077 Chorese
2004 3024 2068 3073 et
2099 3014 2296 3075 Stane
2344 3017 2558 3075 uxoris
2587 3014 2873 3075 eiusdem
2921 3026 3367 3093 protestamur,

679 3130 852 3208 quod
901 3129 1068 3189 dicta
1114 3129 1312 3190 Stana
1373 3138 1574 3189 mater
1620 3138 1835 3188 nostra
1883 3145 2027 3187 cum
2078 3137 2242 3187 esset
2288 3129 2647 3205 propinqua
2695 3130 2899 3201 morti,
2948 3139 3166 3189 tamen
3212 3148 3365 3189 sana

679 3254 894 3302 mente
939 3254 1002 3302 et
1049 3245 1292 3322 integro
1340 3260 1544 3315 sensu,
1590 3250 1820 3300 vocato
1880 3258 1997 3299 suo
2058 3241 2309 3318 patrino
2382 3240 2631 3300 Rastica
2700 3240 3225 3319 archipresbitero
3266 3241 3353 3321 Ja-

670 3356 875 3416 drensi
925 3355 1102 3427 dixit,
1173 3354 1346 3432 quod
1394 3365 1605 3414 ortum
1677 3371 1867 3431 quem
1938 3351 2283 3431 aliquando
2328 3353 2411 3412 ab
2456 3353 2777 3413 abbatissa
2838 3356 3040 3414 sancti
3088 3354 3367 3415 Platonis

669 3478 1150 3546 comparaucrat
1219 3468 1302 3527 ad
1371 3485 1553 3527 usum
1623 3465 1907 3526 eiusdem
1976 3465 2239 3526 ecclesie
2302 3467 2503 3525 sancti
2572 3466 2851 3527 Platonis
2920 3467 3366 3528 deuolueretur

670 3581 963 3641 fratribus
1035 3579 1538 3639 Prodicatoribus
1598 3582 1658 3637 in
1731 3578 1959 3639 eadem
2030 3578 2294 3638 ecclesia
2364 3580 2928 3640 commorantibus.
3009 3580 3201 3641 Vnde
3248 3598 3367 3639 nos

670 3707 872 3755 ratam
918 3694 1229 3754 habemus
1274 3704 1337 3752 et
1383 3692 1707 3753 firmamus
1752 3692 2178 3753 donacionem
2230 3703 2441 3751 nostre
2490 3694 2706 3752 matris
2753 3694 2813 3752 in
2861 3704 3004 3752 orto
3057 3693 3366 3772 predictO.

677 3809 965 3869 Preterea
1013 3806 1268 3885 plenam
1300 3816 1362 3865 et
1410 3806 1884 3866 irreuocabilem
1934 3806 2337 3865 securitatem
2392 3806 2656 3865 iacimus
2704 3805 2883 3865 vobis
2928 3806 3365 3884 suprascriptis

677 3922 968 3982 fiatribus
1014 3919 1519 3980 predicatoribus
1587 3918 1668 3978 de
1735 3928 1877 3978 orto
1947 3918 2291 3989 antediem,
2352 3917 2530 3995 quod
2577 3936 2785 3995 neque
2831 3937 2945 3997 per
2992 3937 3110 3979 nos
3158 3937 3365 3996 neque

672 4055 784 4114 per
816 4046 1066 4095 nostros
1097 4032 1365 4093 heredes
1396 4045 1458 4091 et
1490 4050 1883 4091 successores
1915 4031 2062 4091 dicti
2113 4030 2331 4091 fratres
2365 4031 2799 4091 Predicatores
2845 4042 3107 4110 propter
3152 4041 3362 4090 ortum

677 4148 937 4227 aliquod
997 4164 1342 4227 grauamen
1415 4146 1754 4223 paciantur.
1821 4142 2061 4204 Actum
2131 4154 2225 4203 est
2294 4143 2416 4203 hoc
2484 4155 2545 4203 et
2615 4143 2939 4204 firmatum
2986 4163 3199 4203 coram
3248 4143 3367 4203 hiis

679 4264 918 4321 vocatis
963 4270 1025 4320 et
1074 4260 1308 4339 rogatis
1371 4257 1650 4330 testibuS‚
1712 4257 1949 4317 scilicet
1998 4254 2164 4319 Cosa
2212 4256 2517 4318 Saladino
2564 4268 2625 4317 et
2674 4256 2937 4317 Andrea
2987 4254 3367 4334 Cotopania.

848 4374 986 4454 Ego
1033 4372 1428 4453 Grisogonus
1473 4370 1555 4430 de
1605 4369 1828 4430 Mauro
1874 4372 2277 4430 examinator
2326 4388 2517 4429 manu
2566 4388 2709 4429 mea
2758 4371 2913 4430 misi.

855 4486 994 4567 Ego
1041 4488 1324 4565 seruusffl
1374 4485 1498 4543 deo
1544 4479 1884 4563 Alberto(!)
1934 4483 2196 4543 clericus
2242 4493 2460 4543 sancte
2508 4482 2706 4543 Marie
2752 4482 3137 4564 Magdalene
3179 4481 3369 4561 Jadre

681 4602 959 4660 notarius
991 4610 1262 4680 rogatuS,
1295 4609 1360 4657 ut
1394 4596 1603 4657 audiui
1639 4595 1801 4654 hanc
1833 4609 2071 4655 cartam
2122 4596 2356 4673 scripsi,
2405 4596 2699 4654 roboraui
2735 4606 2796 4656 et
2831 4598 3012 4676 signo
3058 4608 3367 4655 consueto

673 4715 927 4793 signavi.

853 4838 878 4901 (
884 4829 1036 4901 δέξῃ
1042 4848 1141 4883 um
1189 4836 1329 4884 nota
1336 4828 1433 4883 rii.
1441 4828 1466 4891 )

865 4960 1159 5033 Orz'g·inal
1209 4980 1247 5015 u
1309 4958 1529 5015 arkivu
1583 4957 1845 5030 gubern.
1911 4976 1951 5013 u
2012 4956 2223 5011 Zadru
2288 4956 2451 5022 (odio
2497 4964 2853 5013 samos-tana
2899 4974 2984 5013 sv.
3032 4954 3369 5011 Dominika

675 5086 767 5122 no.
821 5060 1023 5141 2164).
