3797 5795
1880 371 2272 434 —412—

732 574 797 621 et
845 562 1025 622 factis
1072 583 1371 641 prospere
1418 566 1611 644 gestis
1658 573 1956 635 taceatur,
2005 562 2179 622 idem
2229 563 2514 641 pluribus
2559 563 2764 644 plagis
2810 565 3110 642 exceptiS,
3157 563 3439 642 pluribus

732 677 915 734 annis
960 677 1021 733 in
1069 685 1231 734 terra
1278 676 1698 748 Rutenorum,
1746 674 1924 753 quod
1955 679 2274 736 notorium
2325 687 2438 748 est,
2479 694 2598 736 nec
2644 671 2923 758 al[iquali
2967 671 3432 758 satis]faccione

732 787 918 847 celari
967 799 1197 865 potest,
1243 798 1468 866 captus
1515 790 1727 849 extitit
1772 798 1835 848 et
1868 788 2167 848 detentus
2215 807 2362 848 cum
2409 791 2582 869 graui
2632 791 2870 849 iactura
2914 808 3118 849 rerum
3169 804 3230 848 et
3279 793 3438 867 peri—

730 898 887 959 culis
932 919 1346 977 personarum
1381 902 1444 960 in
1478 901 1907 980 expedicione
1954 903 2148 981 regni,
2192 919 2318 980 que
2356 912 2509 961 tunc
2555 904 2863 979 temporis
2907 903 3295 983 emergabat,
3340 905 3434 962 cui

732 1031 850 1072 nec
896 1022 1048 1072 tunc
1094 1032 1207 1091 per
1254 1012 1588 1073 dominum
1636 1025 1923 1074 nostrum
1969 1032 2187 1094 regem
2235 1024 2297 1074 et
2347 1033 2460 1092 per
2506 1034 2625 1074 nos
2670 1015 2798 1075 suis
2843 1017 3078 1074 meritis
3117 1015 3436 1095 condigne

730 1145 1108 1204 responsum
1157 1127 1339 1186 fuerit
1388 1125 1487 1187 uel
1535 1145 1890 1200 occursum,
1938 1145 2057 1187 nec
2103 1129 2161 1192 in
2212 1138 2353 1187 toto
2403 1146 2522 1187 nec
2567 1129 2630 1187 in
2680 1137 2875 1187 tant0.
2930 1125 3228 1189 Ceterum
3278 1126 3436 1188 filius

726 1239 1014 1299 eiusdem
1080 1237 1277 1316 Myke
1341 1251 1607 1301 uocatus
1678 1252 1941 1318 paterne
2005 1239 2323 1300 fidelitatis
2388 1243 2648 1322 uestigia
2695 1250 2963 1313 secutuS,
3009 1241 3092 1300 ab
3137 1259 3265 1301 euo
3325 1259 3435 1300 sue

727 1353 1001 1430 puericie
1047 1352 1687 1430 inreprehensibiliter
1734 1365 1797 1413 et
1844 1372 1988 1413 cum
2040 1355 2285 1413 sincera
2352 1353 2664 1414 fidelitate
2710 1353 2977 1413 domino
3025 1366 3244 1413 nostro
3291 1356 3436 1434 regi,

728 1464 912 1524 nobis
958 1475 1019 1524 et
1068 1483 1266 1546 regno
1314 1466 1375 1524 in
1424 1466 1723 1525 omnibus
1768 1465 2302 1544 expedicionibus
2351 1467 2648 1548 grauibus
2692 1476 2757 1526 et
2802 1466 3015 1526 arduis
3061 1466 3432 1526 fidelitatem

724 1579 997 1638 seruauit
1061 1552 1382 1639 indefesse·
1419 1589 1479 1638 et
1530 1597 1923 1658 quamquam
1971 1581 2035 1638 in
2083 1579 2441 1639 huiusmodi
2507 1581 2685 1660 regni
2732 1579 3207 1639 turbacionibus
3265 1581 3434 1638 uaria

724 1701 785 1749 et
848 1691 1117 1769 plurima
1165 1691 1449 1770 dampna
1495 1694 1834 1769 exceperit,
1882 1691 2201 1751 fidelitatis
2268 1701 2486 1752 tamen
2551 1691 2948 1772 priuilegium
2997 1710 3127 1751 non
3190 1691 3436 1750 uiolans

722 1822 869 1863 eam
916 1807 1117 1864 tenuit
1162 1803 1405 1865 efficaci
1450 1804 1663 1865 studio
1710 1815 1772 1864 et
1818 1807 2110 1864 seruauit.
2187 1805 2509 1865 Premissis
2565 1807 2779 1883 itaque
2825 1804 3109 1864 eiusdem
3157 1805 3435 1863 seruiciis

722 1915 1091 1994 ponderatis
1160 1919 1220 1976 in
1290 1920 1946 1995 reconpensacionem
2022 1926 2456 1995 pretactorum
2542 1928 2672 1978 tam
2749 1918 3158 1978 seruiciomm
3236 1935 3432 1994 quam

721 2028 1153 2108 dampnorum
1217 2040 1415 2090 terras
1461 2040 1709 2090 nostras
1758 2029 2160 2110 Cherkvenig
2221 2029 2515 2090 uidelicet
2568 2040 2631 2090 et
2678 2029 3082 2090 Rodouanch
3129 2031 3190 2088 in
3237 2029 3434 2088 comi-

720 2153 857 2201 tatu
906 2142 1149 2224 Posoga
1197 2145 1543 2204 existentes
1589 2161 1733 2203 cum
1785 2144 2071 2203 terminis
2117 2152 2181 2202 et
2225 2141 2527 2202 limitibus
2567 2145 2841 2222 antiquis
2874 2142 3186 2213 dedimus,
3232 2141 3435 2203 dona-

717 2257 925 2314 uimus
970 2267 1033 2315 et
1081 2257 1465 2315 contulimus
1512 2255 1593 2316 de
1642 2274 1964 2316 consensu
2010 2266 2073 2316 et
2119 2254 2523 2334 beneplacito
2604 2254 2848 2315 domini
2896 2256 3094 2315 nostri
3148 2258 3314 2336 regis
3359 2275 3434 2315 ac

718 2367 867 2427 Bele
928 2368 1105 2429 ducis
1152 2371 1356 2428 tocius
1425 2367 1725 2429 Slauonie
1772 2379 1834 2428 et
1886 2366 2150 2432 Croacie
2208 2366 2518 2428 karissimi
2567 2367 2652 2428 fili
2710 2370 2928 2441 nostri,
2976 2368 3144 2429 fideli
3209 2379 3432 2428 nostro

720 2479 919 2557 Myke
964 2480 1293 2559 sepedicto
1342 2480 1469 2540 filio
1516 2484 1765 2542 comitis
1816 2477 2192 2562 (Michaelis)
2241 2481 2322 2540 de
2374 2499 2608 2561 genere
2667 2481 3098 2560 Huntpaznan
3143 2490 3208 2540 et
3255 2480 3433 2540 here-

716 2593 905 2653 dibus
936 2595 1061 2654 suis
1094 2593 1531 2670 heredumque
1578 2594 2044 2654 successoribus
2076 2595 2208 2654 iure
2240 2603 2553 2672 perpetuo
2587 2605 2650 2653 et
2689 2592 2960 2673 pacifico
2991 2592 3433 2672 possidendas.

720 2705 1009 2783 Quarum
1074 2718 1243 2766 mete
1292 2707 1496 2766 taliter
1541 2706 1995 2787 distinguntur:
2059 2709 2261 2784 prima
2308 2717 2478 2766 meta
2527 2716 2691 2768 terre
2760 2703 3146 2786 Cherkenyg
3206 2707 3426 2788 incipit

714 2839 755 2878 a
804 2832 979 2897 parte
1042 2819 1434 2880 meridionali
1485 2820 1565 2879 de
1612 2837 1691 2896 aq
1742 2867 2120 2879 .......
2169 2821 2286 2880 iwa
2332 2820 2438 2880 ubi
2485 2830 2585 2880 est
2635 2831 2806 2879 meta
2854 2830 3056 2880 terrea
3105 2830 3166 2879 et
3215 2819 3424 2880 tendit

715 2952 935 2993 uersus
988 2934 1358 3013 aquilonem
1405 2933 1488 2993 ad
1535 2944 1799 3011 puteum
1851 2931 2146 3011 Halapna
2197 2934 2302 3011 qui
2349 2943 2444 2993 est
2493 2954 2611 3012 pro
2659 2944 2864 3007 meta;
2925 2934 3072 2994 inde
3117 2934 3298 2994 vadit
3345 2934 3426 2993 ad

714 3047 1006 3106 arborem
1078 3056 1319 3126 gartan,
1382 3065 1505 3124 que
1568 3048 1811 3126 signata
1876 3057 1970 3105 est
2032 3049 2213 3127 signo
2260 3048 2460 3107 crucis
2533 3065 2658 3125 que
2727 3048 2997 3107 habetur
3056 3068 3173 3126 pro
3221 3060 3428 3119 meta;

714 3158 863 3218 inde
939 3158 1223 3219 ascendit
1298 3159 1379 3219 ad
1452 3177 1647 3218 unum
1718 3158 1911 3218 berch
2000 3168 2087 3239 (et
2164 3156 2391 3239 tend)it
2481 3159 2566 3220 ad
2658 3161 2955 3220 arborem
3025 3162 3138 3239 piri
3208 3179 3428 3221 cruce-

712 3272 1027 3350 signatam
1076 3259 1139 3331 et
1184 3292 1297 3350 per
1342 3271 1620 3332 eundem
1666 3271 1860 3332 berch
1909 3272 2125 3332 eundo
2159 3292 2357 3351 usque
2403 3273 2716 3332 orientem
2774 3275 2946 3332 uenit
2993 3274 3078 3334 ad
3122 3273 3426 3333 arborem

710 3387 888 3443 corni
966 3386 1501 3464 crucesignatam;
1578 3384 1725 3444 inde
1795 3383 2134 3445 reflectitur
2201 3396 2261 3445 et
2334 3385 2506 3445 uadit
2581 3404 2799 3445 uersus
2868 3385 3238 3464 aquilonem
3311 3405 3426 3464 per

708 3497 991 3556 eundem
1058 3497 1251 3556 berch
1312 3497 1392 3557 ad
1455 3498 1748 3558 arborem
1826 3497 2023 3578 torlie,
2087 3500 2172 3572 in)
2237 3516 2361 3577 qua
2425 3510 2572 3558 sunt
2639 3498 2768 3557 duo
2817 3500 2996 3577 signa
3059 3500 3294 3571 crucis;
3361 3512 3422 3559 et

710 3624 914 3685 usque
970 3609 1092 3670 huc
1160 3628 1377 3669 cursus
1438 3621 1751 3669 metarum
1816 3610 1930 3669 fuit
1978 3610 2386 3689 undiquaque
2447 3621 2510 3670 et
2560 3612 2863 3670 continue
2912 3631 2948 3671 a
2994 3612 3198 3689 prima
3249 3622 3422 3671 meta

708 3720 1075 3799 incipiendo
1123 3725 1295 3782 iuxta
1362 3725 1667 3781 terminos
1713 3732 1776 3781 et
1825 3737 2028 3782 metas
2088 3734 2250 3782 terre
2314 3722 2464 3795 Elie,
2528 3724 2611 3783 ab
2658 3724 2802 3784 hinc
2865 3725 3174 3802 incipiunt
3245 3738 3420 3785 mete

706 3850 959 3895 currere
1023 3838 1200 3895 iuxta
1261 3837 1567 3895 terminos
1627 3847 1789 3895 terre
1854 3832 2122 3895 filiorum
2187 3836 2472 3914 Jouanca
2545 3832 2924 3921 Be[nedict]i
2995 3838 3292 3898 uidelicet
3355 3850 3418 3897 et

713 3943 999 4025 Aladary
1046 3960 1109 4007 et
1156 3950 1277 4007 itur
1321 3949 1403 4007 ad
1451 3958 1743 4008 truncum
1818 3945 2015 4024 bykfa
2062 3948 2169 4008 ubi
2216 3958 2311 4008 est
2360 3960 2530 4009 meta
2582 3961 2816 4025 terrea;
2885 3952 3035 4011 inde
3083 3950 3419 4011 descendit

706 4077 745 4116 a
792 4071 971 4135 parte
1018 4060 1367 4121 occidentis
1398 4062 1481 4121 ad
1510 4072 1804 4121 truncum
1851 4060 2054 4121 ihorsa
2101 4061 2208 4120 ubi
2255 4074 2349 4121 est
2383 4073 2554 4121 meta
2602 4074 2821 4137 terrea,
2868 4066 2949 4123 ab
2995 4064 3141 4125 hinc
3191 4065 3415 4124 transit

705 4191 821 4249 per
889 4175 1121 4233 siccam
1200 4175 1427 4234 uallem
1498 4174 1582 4233 ad
1643 4175 1938 4234 arborem
2011 4175 2187 4233 corni
2260 4176 2510 4253 subqua
2575 4186 2668 4235 est
2729 4185 2902 4236 meta
2965 4188 3199 4250 terrea;
3261 4177 3414 4237 inde

702 4285 883 4345 uadit
930 4289 1011 4347 ad
1074 4288 1232 4347 (luas
1294 4299 1495 4347 metas
1555 4297 1791 4347 terreas
1850 4298 1915 4345 et
1975 4287 2206 4347 abhinc
2266 4288 2349 4348 ad
2413 4307 2699 4349 cerasum
2747 4290 2866 4349 sub
2915 4309 3041 4368 qua
3089 4300 3183 4349 est
3231 4304 3404 4350 meta

704 4409 908 4459 terrea
942 4414 1005 4460 et
1037 4421 1149 4479 per
1180 4400 1453 4461 eandem
1486 4403 1718 4461 siccam
1754 4398 1984 4460 uallem
2033 4401 2248 4461 eundo
2283 4402 2452 4461 uenit
2485 4401 2569 4461 ad
2599 4403 2873 4463 riuulum
2922 4399 3404 4483 Che(1·)kuenyg

698 4522 767 4570 et
814 4514 989 4574 uadit
1037 4518 1097 4573 in
1147 4513 1379 4573 eodem
1442 4512 1869 4593 Cherkuenyg
1930 4531 2147 4573 uersus
2210 4514 2576 4593 aquilonem
2637 4518 2938 4593 superiuS,
2983 4517 3091 4576 ubi
3139 4515 3404 4595 quidam

702 4626 941 4687 riuulus
996 4638 1258 4688 uocatur
1302 4626 1587 4708 Truglou
1625 4640 1821 4706 potoc
1858 4624 2014 4707 (qui)
2048 4628 2215 4687 cadit
2270 4629 2332 4687 in
2368 4646 2604 4706 aquam
2641 4626 3133 4711 Cherguenyg(!)
3182 4642 3243 4689 et
3289 4647 3406 4707 per

701 4757 939 4816 aquam
990 4759 1113 4818 que
1158 4742 1384 4799 dicitur
1428 4740 1718 4821 Truglou
1750 4750 1948 4819 potoc
1993 4740 2196 4800 tendit
2237 4758 2452 4799 cursus
2501 4752 2812 4801 metarum
2864 4761 3061 4819 usque
3095 4742 3177 4801 ad
3209 4758 3399 4819 caput

698 4852 987 4933 Truglou
1048 4865 1242 4931 potoc
1302 4854 1406 4912 ubi
1456 4866 1550 4913 est
1598 4855 1852 4931 piscina,
1917 4852 2148 4913 deinde
2213 4853 2500 4913 ascendit
2551 4855 2634 4915 ad
2681 4875 2914 4934 aquam
2963 4876 3090 4935 que
3137 4870 3402 4917 uocatur

702 4967 1005 5029 Strzeuch
1037 4981 1235 5045 potoc
1259 4977 1321 5027 et
1354 4970 1689 5045 pertransit
1714 4970 1918 5045 ipsum
1950 4978 2011 5025 et
2046 4968 2219 5027 uadit
2245 4968 2328 5028 ad
2361 4966 2552 5027 alium
2589 4970 2692 5047 qui
2723 4970 3174 5029 uocatur'Luha
3208 4980 3402 5048 potoc

702 5081 813 5159 qui
863 5081 1028 5140 cadit
1076 5083 1139 5140 in
1186 5099 1419 5155 aquam
1479 5079 1901 5159 Cherkwenig
1955 5080 2057 5140 ubi
2109 5092 2203 5140 est
2251 5090 2420 5139 meta
2471 5094 2707 5155 terrea;
2754 5083 2900 5143 inde
2947 5084 3008 5142 in
3057 5086 3190 5161 ipsa
3237 5102 3396 5162 aqua
