3797 5795
1560 391 1972 456 —549-

417 576 534 630 649.
573 576 714 632 1259.
772 577 1093 645 Stephanus
1128 593 1233 631 rex
1268 579 1456 631 iunior
1504 580 1702 632 comiti
1749 580 1926 633 Ponic
1981 580 2123 634 duas
2179 586 2358 633 terras
2410 581 2558 633 inter
2611 582 2834 633 Muram
2895 588 2952 633 et

628 666 867 718 Dravam
906 664 1059 731 sitm,
1097 665 1195 717 dat
1224 706 1586 722 ......
1631 732 1634 734 ‚
1644 706 2918 722 ...................
3021 674 3122 721 141

415 778 537 832 650.
575 777 721 835 1259.
755 778 969 831 Notitia
1004 778 1299 832 cuiusdam
1338 779 1697 832 instrumenti
1788 820 2918 836 .................
3023 786 3125 834 142

414 890 535 945 651.
572 890 711 945 1259.
748 888 959 943 Notitia
994 892 1289 945 cuiusdam
1327 892 1686 945 instrumenti
1787 933 2922 949 .................
3022 898 3123 947 142

410 1002 531 1057 652.
571 1003 713 1059 1259.
748 1002 935 1058 florae.
976 1003 1320 1058 Guillermus
1355 1012 1659 1073 preceptor
1686 1006 1893 1059 domus
1931 1006 2163 1059 militiae
2200 1007 2274 1059 de
2310 1006 2464 1060 Gora
2501 1006 2939 1059 instrumentum

624 1092 697 1144 de
732 1090 976 1159 quadam
1013 1097 1165 1143 terra
1201 1091 1419 1145 Grabre
1457 1091 1579 1145 selo
1617 1092 1769 1146 dicta
1806 1093 1924 1146 edit
2000 1132 2920 1148 ..............
3022 1098 3123 1145 143

413 1202 533 1257 653.
572 1204 711 1259 1259.
748 1204 1065 1294 harabiae.
1103 1203 1430 1258 Alexander
1468 1206 1651 1258 banus
1689 1206 2002 1259 maritimus
2041 1212 2097 1259 et
2123 1221 2318 1259 comes
2356 1204 2748 1275 Zagrabiensis
2787 1206 2947 1257 adiu-

624 1290 775 1344 dicat
828 1292 1178 1344 monasterio
1244 1292 1315 1344 de
1366 1290 1643 1359 Topusko
1704 1294 1980 1361 quasdam
2018 1292 2414 1360 possessiones
2471 1291 2529 1343 in
2582 1290 2751 1345 Glina
2807 1292 2946 1343 sitas

624 1385 825 1431 contra
862 1378 1168 1431 earundem
1206 1379 1543 1445 inpetitores
1586 1380 1762 1432 Ratae
1798 1379 1944 1431 filios
1997 1418 2920 1435 ..............
3021 1384 3123 1430 144

416 1490 533 1546 654.
572 1493 716 1549 1259.
750 1492 1064 1561 lamminae.
1102 1493 1427 1547 Alexander
1464 1493 1771 1545 vicebanus
1820 1500 2026 1545 terram
2078 1480 2322 1561 Sepnica
2377 1498 2638 1545 vocatam
2690 1490 2946 1544 Th0mae

623 1581 859 1648 eiusque
894 1579 1021 1632 filiis
1060 1580 1313 1650 assignat
1368 1618 2850 1635 ......................
3019 1581 3120 1631 145

419 1691 535 1745 655.
573 1693 712 1748 1259.
769 1692 1093 1760 Stephanus
1152 1694 1335 1746 banus
1386 1694 1820 1745 instrumentum
1877 1692 2135 1745 vicebani
2202 1691 2510 1745 Alexandri
2567 1696 2634 1755 (a.
2676 1694 2829 1753 1259)
2878 1692 2950 1743 de

624 1786 773 1832 terra
810 1768 1054 1848 Sepnica
1089 1780 1241 1833 dicta
1279 1779 1573 1833 confirmat
1653 1818 2924 1835 ...................
3024 1780 3126 1830 146

422 1891 539 1945 656.
575 1891 713 1948 1259.
750 1893 1153 1962 Fragmentum
1192 1893 1264 1946 de
1302 1894 1469 1945 metis
1505 1894 1796 1946 cuiusdam
1835 1892 2219 1960 possessionis
2258 1892 2520 1945 abbatiae
2559 1892 2631 1944 de
2668 1889 2946 1958 Topusko
3023 1895 3122 1941 147

422 2005 539 2059 657.
575 2006 715 2061 1259.
750 2006 1071 2074 Stephanus
1107 2007 1289 2060 banus
1324 2006 1470 2059 inter
1506 2007 1745 2060 comites
1771 2007 1842 2058 de
1868 2006 2080 2060 Gorica
2115 2006 2458 2059 discordiam
2497 2006 2569 2058 de
2606 2005 2772 2057 metis
2809 2020 2944 2057 con-

626 2094 790 2161 ponit
817 2132 2922 2149 ..............................
3023 2097 3122 2143 147

422 2204 540 2258 658.
578 2205 715 2260 1259.
775 2206 949 2259 Maria
1002 2207 1195 2275 regina
1250 2192 1408 2259 Ceho
1465 2206 1579 2259 filio
1626 2205 1837 2259 Pucine
1892 2206 2071 2258 donat
2108 2204 2534 2273 possessionem
2571 2204 2854 2257 Dubovac
2895 2206 2948 2257 in

628 2294 902 2347 comitatu
937 2294 1010 2346 de
1045 2293 1263 2363 Poiega
1301 2294 1486 2359 sitam,
1525 2309 1631 2361 pro
1686 2293 2054 2360 possessione
2109 2293 2320 2357 Lobor‚
2377 2308 2546 2360 quam
2602 2291 2810 2344 Pucine
2848 2308 2946 2343 rex

627 2380 759 2434 Bela
796 2379 1103 2433 abstulerat
1165 2418 2922 2434 ..........................
3023 2384 3123 2431 148

422 2492 538 2545 659.
576 2492 713 2547 1259.
772 2492 1093 2561 Stephanus
1148 2494 1331 2546 banus
1386 2493 1561 2546 totius
1598 2492 1901 2545 Slavoniae
1962 2491 2186 2559 repellit
2242 2477 2493 2543 Crnkum
2545 2477 2788 2545 Crnavic
2853 2492 2948 2559 qui

626 2581 904 2648 quosdam
942 2580 1203 2633 homines
1244 2580 1351 2632 sibi
1388 2580 1600 2632 servire
1634 2580 1893 2649 cogebat,
1931 2595 2062 2633 curn
2099 2579 2155 2631 hi
2193 2595 2257 2632 se
2293 2578 2507 2631 liberos
2543 2594 2670 2631 esse
2706 2579 2942 2630 demon-

626 2668 926 2720 straverint
988 2704 2964 2723 .............................
3029 2666 3128 2715 151

420 2750 535 2805 660.
574 2753 713 2809 1259.
750 2754 1072 2821 Stephanus
1111 2770 1213 2807 rex
1253 2754 1439 2807 iunior
1477 2754 1822 2807 donationes
1880 2768 2074 2822 regum
2113 2754 2375 2806 Andreae
2423 2758 2480 2805 et
2529 2751 2696 2804 Belae
2751 2751 2949 2804 comiti

626 2840 893 2895 Haholdo
931 2842 1095 2895 datas
1132 2840 1427 2895 confirmat
1516 2878 2924 2896 .....................
3026 2840 3125 2889 151

415 2944 533 2998 661.
574 2945 715 3002 1259.
751 2948 966 3001 Notitia
1001 2949 1296 3000 cuiusdam
1333 2948 1692 3001 instrumenti
1725 2985 2922 3002 ..................
3024 2945 3127 2994 153

410 3059 529 3112 662.
572 3059 717 3116 1260.
754 3062 807 3116 2.
844 3061 1122 3116 februarii.
1158 3059 1404 3116 iadorae.
1459 3061 1725 3129 Petronja
1772 3059 1918 3112 filius
1973 3059 2282 3126 Lampridii
2341 3056 2686 3124 testificatur,
2742 3063 2948 3109 terram

624 3163 776 3214 quae
812 3153 1047 3201 vocatur
1083 3146 1371 3216 Ceprljani
1410 3147 1739 3200 monasterii
1778 3146 1857 3200 St.
1898 3145 2256 3215 Chrysogoni
2297 3160 2424 3196 esse
2488 3182 2922 3199 .......
3023 3145 3126 3195 153

402 3259 527 3314 663.
569 3259 722 3315 1260.
760 3260 827 3315 10.
854 3259 1133 3316 februarii.
1170 3261 1397 3327 spalau.
1432 3259 1573 3313 Tiha
1610 3261 1779 3313 vidua
1815 3259 2006 3312 Mihae
2042 3257 2212 3311 Stose
2248 3263 2652 3310 testamentum
2692 3256 2823 3309 facit
2910 3298 2924 3312 .
3023 3257 3128 3306 154

399 3371 523 3427 664.
567 3372 717 3427 1260.
753 3373 842 3428 26.
879 3373 1158 3429 februarii.
1197 3372 1331 3427 Bela
1366 3389 1466 3426 rex
1504 3373 1827 3443 Hungariae
1878 3379 1937 3424 et
1975 3370 2238 3424 Croatiae
2287 3369 2506 3422 confert
2560 3370 2821 3422 abbatiae
2883 3370 2954 3421 de

621 3458 903 3528 Topusko
952 3476 1059 3528 pro
1096 3461 1532 3514 conservatione
1582 3460 1751 3512 turris
1808 3459 1864 3510 in
1916 3457 2100 3510 insula
2149 3457 2215 3510 St
2289 3455 2538 3509 Ladislai
2589 3462 2952 3509 constructae

624 3563 778 3614 quae
816 3548 975 3616 prius
1013 3547 1220 3616 Vihudj
1260 3547 1711 3614 nuncupabatur,
1768 3545 2193 3612 possessionem
2248 3542 2504 3595 Pridislai
2552 3549 2611 3595 et
2666 3542 2952 3611 Ludugari

628 3631 804 3688 Krala
840 3641 1100 3687 vocatam
1168 3668 2927 3689 ..........................
3027 3630 3130 3681 156

400 3749 527 3804 665.
572 3746 719 3802 1260.
753 3747 807 3802 8.
844 3747 1038 3802 martil.
1077 3749 1341 3814 Rauusao.
1378 3746 1673 3812 Statuitur,
1711 3752 1771 3797 ut
1809 3745 2052 3813 quisque
2105 3745 2244 3797 civis
2295 3743 2620 3812 Ragusinus
2670 3741 2760 3794 cui
2802 3756 2958 3793 com-

628 3836 877 3887 munitas
914 3835 1051 3902 quid
1088 3835 1275 3900 debet,
1313 3849 1442 3886 cum
1480 3840 1635 3886 carta
1673 3833 1847 3884 debiti
1876 3833 1948 3884 ad
1973 3847 2184 3884 novum
2222 3830 2489 3884 comitem
2532 3829 2716 3896 primo
2756 3843 2952 3879 mense

630 3927 763 3988 post
799 3922 922 3973 eius
959 3921 1263 3974 adventum
1301 3920 1489 3973 veniat
1519 3954 2927 3975 .....................
3030 3917 3128 3966 157

408 4037 534 4092 666.
576 4031 721 4089 1260.
758 4033 828 4089 14.
866 4033 1063 4089 martii.
1113 4035 1307 4090 Eudae.
1360 4033 1495 4087 Bela
1542 4048 1645 4085 rex
1695 4032 2020 4101 Hungariae
2069 4036 2126 4082 et
2172 4029 2437 4082 Croatiae
2484 4028 2668 4081 ordini
2725 4026 2957 4080 fratrum

632 4120 1089 4174 Praedicatorum
1129 4122 1326 4174 scribit
1362 4122 1434 4174 de
1472 4121 1587 4173 vita
1625 4127 1823 4172 sancta
1859 4133 2058 4170 eorum
2097 4117 2345 4169 defuncti
2383 4115 2644 4183 episcopi
2675 4112 2952 4182 Johannis
3028 4115 3126 4165 157

412 4237 536 4292 667.
578 4234 721 4290 1260.
755 4235 843 4290 25.
882 4234 1075 4289 marill.
1122 4233 1371 4288 iadorae.
1432 4233 1769 4286 Laurentius
1816 4231 2278 4298 archiepiscopus
2324 4227 2611 4297 Jadrensis
2673 4232 2958 4278 monaste-

636 4322 777 4374 rium
814 4323 895 4375 St.
932 4319 1146 4374 Nicolai
1186 4321 1258 4372 ab
1296 4321 1451 4372 omni
1489 4319 1879 4372 iurisdictione
1915 4318 2113 4370 eximit
2145 4353 2924 4371 ............
3028 4316 3128 4364 158

400 4437 541 4494 668.
583 4433 725 4491 1260.
762 4435 849 4490 26.
888 4434 1084 4490 martii.
1132 4432 1423 4501 Antoniae.
1466 4430 1787 4484 Alexander
1824 4432 1914 4484 IV.
1973 4445 2122 4498 papa
2159 4428 2704 4520 petente'episcopo
2742 4425 2960 4493 Tragu-

634 4521 798 4575 riensi
837 4519 1487 4575 excommunicationem
1525 4517 1768 4570 absolvit
1794 4518 2032 4571 clericos
2069 4517 2237 4569 castri
2278 4517 2351 4568 de
2389 4515 2640 4580 Sibenik,
2679 4513 2774 4582 qui
2815 4512 2952 4564 obe-

635 4608 904 4662 dientiam
942 4609 1218 4675 episcopo
1257 4623 1362 4659 suo
1400 4607 1818 4674 denegaverant
1870 4639 2935 4659 ................
3038 4601 3137 4651 159

428 4723 547 4777 669.
587 4719 725 4776 1260.
763 4723 795 4776 1.
832 4722 1035 4789 aprilis.
1089 4720 1335 4776 iadorae.
1390 4721 1660 4788 Magnum
1709 4717 2012 4771 consilium
2065 4716 2338 4785 Jadrense
2375 4714 2568 4768 Sricae
2605 4714 2723 4766 filio
2763 4714 2954 4782 Dujmi

637 4825 709 4878 de
744 4826 1011 4880 Luccaris
1047 4824 1403 4894 Spalatensis
1440 4822 1725 4878 civitatem
1765 4822 1865 4874 dat
1943 4857 2934 4876 ...............
3035 4819 3136 4868 160

430 4927 551 4983 670.
588 4929 726 4985 1260.
761 4930 849 4985 20.
885 4931 1091 4999 aprilio.
1126 4928 1419 4997 Απαοιιίαο.
1458 4927 1781 4983 Alexander
1817 4926 1908 4978 IV.
1949 4941 2098 4993 papa
2132 4923 2390 4976 Thomae
2425 4923 2828 4975 archidiacono
2871 4937 2963 4975 ec-

637 5016 841 5070 clesiae
876 5016 1229 5086 Spalatensis
1267 5017 1515 5082 mandat,
1552 5022 1615 5067 ut
1639 5015 1806 5068 faciat
1832 5011 2118 5065 observari
2160 5010 2503 5063 sententiam
2544 5008 2962 5076 archiepiscopi

633 5103 919 5172 Jadrensis
956 5110 1159 5158 contra
1194 5102 1406 5156 clerum
1444 5103 1611 5156 castri
1651 5103 1723 5154 de
1762 5089 1998 5154 Sibenik
2078 5135 2942 5153 .............
3041 5096 3144 5146 162
