3797 5795
1516 360 2026 437 ⁴—495—

1710 654 1905 733 962.

451 812 648 878 1269.
698 814 801 878 22.
843 813 1050 895 juna.

450 1003 623 1065 Bela
656 1002 845 1086 kragj
872 1001 1161 1087 ugarskz'
1186 1001 1220 1064 ι’
1244 1002 1561 1066 larvatskz'
1593 1002 1991 1087 potvrdjuje
2036 1002 2358 1067 razdz'obu
2399 1005 2632 1089 zemlje
2665 1026 2710 1067 u
2751 1004 3154 1069 Moslavim'.

623 1194 771 1256 Bela
803 1194 905 1255 dei
936 1198 1147 1276 gracia
1199 1195 1540 1276 I-Iungarie,
1586 1195 1938 1261 Dalmacie.
1987 1194 2266 1269 Croacie,
2317 1197 2536 1268 Kame,
2584 1198 2821 1272 Servie,
2869 1196 3158 1266 Gallicie,

451 1306 856 1381 Lodomerie,
904 1306 1343 1386 Cumanieque
1374 1328 1487 1368 rex
1521 1310 1822 1369 universis
1871 1307 2095 1371 Christi
2133 1308 2425 1370 fidelibus
2472 1311 2872 1387 presentibus
2919 1313 3156 1389 pariter

444 1433 511 1481 et
557 1421 775 1482 suturis
820 1430 1147 1499 presentes
1194 1422 1566 1499 inspecturis
1612 1422 1881 1482 salutem
1917 1424 1979 1481 in
2012 1422 2228 1483 salutis
2277 1422 2586 1503 largitore.
2637 1422 2942 1500 Deperire
2988 1424 3152 1483 solet

448 1534 546 1594 vel
592 1544 805 1613 potest
850 1533 1199 1614 solempnis
1257 1536 1433 1594 accio
1479 1553 1625 1595 cum
1676 1547 1852 1595 motu
1903 1547 2286 1614 temporum,
2332 1532 2537 1615 nisy(!)
2587 1553 2728 1595 eam
2774 1536 3148 1595 corroboret

447 1648 742 1707 vivacitas
788 1646 1151 1707 litterarum.
1198 1645 1307 1707 Ad
1357 1648 1791 1707 universorum
1853 1650 2037 1729 igitur
2099 1649 2398 1707 noticiam
2461 1660 2684 1708 tenore
2746 1650 3147 1725 presencium

446 1759 737 1820 volumus
782 1762 1126 1838 pervenire,
1175 1759 1352 1837 quod
1402 1760 1702 1821 Nicolaus
1748 1760 1910 1821 filius
1955 1759 2218 1822 Andree
2265 1778 2326 1821 et
2377 1761 2593 1820 Petrus
2640 1760 2802 1821 filius
2853 1762 3012 1821 Petri
3063 1763 3147 1822 ab

448 1892 573 1933 una
641 1884 836 1951 parte,
896 1892 1116 1933 comes
1186 1872 1530 1954 Gregorius
1578 1873 1771 1934 iudex
1835 1872 2292 1943 Cumanorum,
2336 1873 2626 1934 Thomas
2671 1886 2734 1933 et
2781 1874 3146 1953 Stephanus

445 1985 549 2047 filii
596 1984 850 2047 Thome
896 1987 1099 2046 fratris
1132 1984 1419 2046 eiusdem
1466 1988 1719 2046 comitis
1750 1984 2036 2068 Gregorii
2070 1987 2153 2046 ab
2186 1988 2398 2060 altera,
2446 1986 2694 2047 nobiles
2725 1986 2806 2047 de
2840 1986 3144 2048 Monuzlo

440 2117 661 2159 coram
709 2100 894 2158 nobis
939 2097 1353 2177 personaliter
1399 2100 1741 2174 constituti,
1789 2100 1980 2160 iidem
2033 2099 2332 2160 Nicolaus
2364 2112 2426 2160 ct
2460 2100 2680 2161 Petrus
2715 2113 3150 2179 proponentes

439 2212 757 2285 dixerunt,
828 2211 1005 2289 quod
1074 2214 1234 2271 inter
1296 2231 1365 2271 se
1426 2212 1717 2274 nundum
1737 2212 1799 2294 (1)
1848 2234 1885 2273 a
1932 2215 2114 2292 primi
2172 2210 2374 2288 eius(!‘)
2422 2214 2791 2292 parentibus
2837 2215 3036 2274 atavis
3085 2226 3148 2274 et

444 2326 957 2407 progenitoribus
1002 2327 1129 2385 suis
1176 2327 1239 2384 in
1286 2328 1591 2387 universis
1621 2326 2132 2405 possessionibus
2179 2328 2320 2401 suis
2368 2335 2504 2387 tum
2541 2326 2622 2386 de
2653 2326 2936 2405 partibus
2972 2325 3156 2385 Hun-

438 2441 632 2519 garie‚
680 2450 816 2498 tum
865 2440 1069 2498 eciam
1106 2438 1188 2498 de
1220 2438 1505 2516 partibus
1537 2437 1875 2500 Sclavonie
1910 2438 2079 2521 (nec)
2112 2438 2479 2499 habuissent
2528 2441 2755 2499 iustam
2791 2439 2885 2498 vel
2919 2457 3154 2517 equam

438 2551 818 2611 divisionem
866 2570 985 2611 nec
1030 2550 1265 2611 habere
1325 2554 1698 2629 potuissent,
1743 2551 1887 2611 licet
1937 2554 1998 2611 in
2047 2570 2174 2612 una
2220 2563 2282 2611 et
2330 2554 2394 2611 in
2441 2552 2670 2612 eadem
2717 2552 3147 2630 proximitatis

440 2676 503 2725 et
550 2665 1116 2745 consanguinitatis
1163 2664 1419 2743 lynea(!)
1470 2675 1617 2724 sunt
1663 2667 1915 2737 annexi,
1962 2665 2075 2725 sed
2124 2665 2297 2725 idem
2345 2684 2564 2725 comes
2611 2663 2955 2745 Gregorius
3000 2683 3146 2724 cum

436 2777 731 2838 fratribus
775 2778 903 2837 suis
950 2762 1409 2855 prenominatis
1456 2788 1624 2837 totas
1671 2780 2107 2856 possessiones
2152 2777 2506 2838 eorundem
2559 2779 2786 2838 iniusta
2835 2777 3145 2837 divisione

434 2903 499 2952 et
546 2890 819 2970 inequali
868 2890 1175 2951 haberent
1221 2901 1284 2951 et
1330 2889 1689 2951 detinerent
1752 2890 2034 2952 indebite
2096 2902 2455 2970 occupatas
2527 2889 2818 2968 Quorum
2867 2890 3134 2970 quidem

436 3006 991 3085 proposicionibus
1050 3004 1296 3076 auditis,
1357 3002 1563 3065 dictus
1610 3023 1830 3065 comes
1875 3003 2241 3083 Stephanus
2289 3015 2349 3064 et
2398 3004 2620 3065 fratres
2666 3006 2757 3064 sui
2811 3007 3146 3064 memorati

434 3139 472 3180 e
518 3137 829 3179 converso
878 3117 1339 3196 respondentes
1401 3117 1716 3191 dixerunt,
1764 3118 1939 3193 quod
1986 3119 2069 3178 ab
2114 3119 2332 3190 atavis,
2400 3119 2620 3197 primis
2667 3117 3038 3197 parentibus
3086 3128 3148 3177 et

434 3231 948 3313 progenitoribus
994 3233 1120 3291 suis
1166 3232 1228 3289 in
1276 3231 1575 3291 omnibus
1622 3232 2131 3309 possessionibus
2177 3235 2302 3291 suis
2347 3245 2558 3292 essent
2593 3231 2788 3302 divisi,
2837 3229 3142 3291 habendo

434 3346 810 3405 divisionem
858 3345 1105 3418 iustam,
1150 3362 1365 3403 veram
1413 3354 1475 3403 et
1522 3344 1815 3422 equalem
1865 3355 1928 3404 et
1977 3344 2120 3404 licet
2154 3345 2293 3404 talis
2335 3345 2676 3404 contencio
2723 3347 2953 3405 scisma
2999 3343 3142 3410 litis,

356 3477 363 3482 ’
434 3461 608 3540 iurgii
656 3469 719 3518 et
767 3459 1030 3518 materia
1091 3456 1499 3517 dissensionis
1546 3459 1606 3516 in
1654 3456 1836 3517 sactis
1882 3469 1948 3518 et
1993 3457 2405 3518 divisionibus
2450 3460 2928 3536 possessionum
2977 3461 3141 3519 inter

433 3571 754 3650 predictos
802 3570 1049 3631 nobiles
1094 3569 1203 3630 diu
1250 3570 1466 3630 fuisset
1516 3582 1690 3630 mota
1738 3581 1801 3630 et
1846 3570 2188 3644 ventillata‚
2237 3570 2682 3631 nichilominus
2720 3591 2786 3631 sc
2833 3590 3143 3652 recogno-

438 3695 687 3744 scentes
734 3685 1160 3763 proximitatis
1210 3682 1440 3742 lineam
1475 3684 1884 3764 cognacionis
1919 3693 1980 3742 et
2015 3683 2286 3743 fraterne
2332 3683 2700 3744 dileccionis
2732 3685 2818 3742 ob
2850 3703 3138 3745 amorem

431 3799 631 3858 immo
692 3799 975 3858 maxime
1036 3808 1171 3856 turn
1234 3797 1403 3856 bone
1462 3798 1637 3874 pacis
1696 3807 1760 3856 et
1808 3815 1887 3856 ne
1934 3797 2193 3858 ulterius
2251 3815 2441 3875 super
2501 3796 2680 3857 factis
2746 3796 3126 3858 divisionum

430 3930 685 3973 suarum
718 3912 1189 3990 possessionum
1222 3921 1482 3989 possent
1528 3910 1831 3983 altercari,
1878 3911 2118 3970 moveri
2166 3920 2228 3970 et
2277 3910 2530 3983 turbari,
2577 3910 2858 3988 prefatus
2905 3929 3125 3970 comes

431 4023 777 4105 Gregorius
821 4041 967 4084 cum
1000 4023 1295 4082 fratribus
1325 4024 1451 4081 suis
1482 4021 1858 4100 supradictis
1905 4021 2216 4102 quasdam
2264 4025 2699 4102 possessiones
2731 4023 2812 4083 de
2845 4024 3129 4102 partibus

430 4136 769 4199 Sclavonie
816 4135 1239 4207 hereditariaS,
1286 4135 1521 4194 scilicet
1570 4137 1731 4195 inter
1776 4155 1976 4212 aquas
2023 4135 2192 4196 'Lava
2236 4147 2297 4196 et
2337 4136 2520 4196 Lona
2567 4155 2642 4196 ac
2690 4134 3022 4198 Chernehc
3069 4149 3131 4196 et

428 4252 591 4311 inter
619 4249 971 4329 predictam
1021 4267 1255 4328 aquarn
1290 4247 1455 4308 Zava
1487 4257 1550 4308 ct
1582 4266 1819 4326 aquam
1870 4247 2092 4308 Hodra
2142 4251 2490 4308 existentes
2523 4259 2728 4308 totum
2765 4259 2828 4309 et
2861 4252 3130 4308 omnino

430 4383 577 4424 cum
625 4362 996 4424 utilitatibus
1042 4364 1168 4422 suis
1215 4373 1275 4421 et
1323 4362 1746 4439 pertinenciis,
1792 4380 1867 4421 ac
1900 4361 2200 4420 omnibus
2231 4361 2601 4422 adiacentiis
2637 4361 3142 4440 et1<apolcham

429 4495 554 4555 que
617 4473 800 4554 Gaep
869 4475 1095 4535 dicitur
1158 4477 1219 4534 in
1284 4474 1501 4534 medio
1562 4484 1726 4534 terre
1788 4486 1850 4533 et
1913 4474 2065 4534 silve
2127 4473 2347 4552 prefati
2403 4475 2561 4534 Petri
2629 4476 2805 4534 iuxta
2868 4476 3143 4552 primam

428 4590 805 4650 divisionem
884 4589 1286 4648 adiacentem
1367 4590 1781 4660 remittentes,
1846 4586 2179 4660 dederunt,
2243 4587 2659 4660 tradiderunt,
2724 4589 3144 4667 assignarunt.

428 4712 782 4762 statuerunt
844 4713 906 4760 et
968 4702 1427 4760 commiserunt
1495 4699 1762 4760 Nicolao
1810 4711 1871 4760 et
1923 4700 2109 4760 Petro
2173 4699 2510 4777 sepedictis
2577 4710 2640 4759 et
2701 4719 2814 4778 per
2877 4699 3142 4760 eosdem

428 4818 554 4876 suis
599 4815 941 4875 heredibus
990 4813 1427 4888 heredumque
1473 4831 1737 4873 suorum
1785 4813 2260 4872 successoribus
2308 4811 2658 4886 habendas
2718 4812 3031 4873 tenendas
3079 4827 3139 4872 ct

427 4930 559 4988 iure
606 4927 984 4988 hereditario
1047 4937 1359 5006 perpetuo
1421 4925 1860 5005 possidendas
1932 4928 2108 4985 omni
2174 4929 2528 5000 questione,
2589 4927 3016 4986 contencione
3079 4937 3140 4984 et

426 5041 819 5102 dissensione
869 5044 931 5101 in
981 5040 1267 5100 iteranda
1329 5039 1639 5099 divisione
1702 5042 1990 5099 omnium
2042 5041 2518 5116 possessionum
2569 5058 2822 5099 suarum
2895 5041 3141 5106 reiecta,
