3797 5795
490 1575 697 1655 1270,
738 1576 840 1641 11.
886 1575 1089 1658 maja
1131 1576 1161 1641 i
1206 1578 1273 1641 5.
1312 1575 1493 1659 jula.

490 1780 847 1867 Spomt'nje
888 1804 961 1847 se
996 1789 1131 1869 put
1172 1783 1444 1861 Isabele,
1495 1783 1782 1869 kragjz'ce
1841 1785 2152 1870 ugarske,
2202 1784 2261 1847 iz:
2311 1783 2702 1868 Dalmacz'je
2750 1806 2796 1847 u
2843 1785 2931 1847 N
2927 1784 3132 1869 apulj
3179 1784 3212 1849 ι’

1705 1902 1980 1981 natrag.

672 2090 817 2165 Reg.
865 2090 1025 2165 Ang.

676 2194 966 2253 Makarev
1012 2194 1273 2273 Zapiski
1314 2196 1491 2253 XIX.
1539 2199 1619 2264 2„
1658 2196 1873 2273 prilog
1920 2198 1993 2265 3.,
2045 2201 2144 2253 48.

480 2676 694 2749 1270,
736 2679 840 2747 14.
886 2679 1105 2763 maja..

484 2866 863 2932 Izaslam'cz'
921 2875 1123 2955 opata
1190 2870 1564 2958 lopuskoga
1632 2866 1669 2934 ι’
1706 2870 1868 2934 knez
1942 2869 2190 2934 Marz'n
2261 2867 2586 2934 Hrz‘nkov
2652 2867 2822 2933 mire
2889 2890 2960 2933 se
3022 2870 3198 2954 pred

483 2978 769 3043 Ivanom
827 2981 1115 3046 okic'kz'm
1181 2982 1705 3066 Jaroslavovim,
1760 2983 2020 3069 paradi
2071 2984 2377 3068 medjas‘a
2427 2983 2715 3068 posy'eda
2791 2983 3114 3066 Jarovela
3165 2982 3199 3046 i

1686 3097 1990 3182 Pounja.

666 3281 1019 3366 Capitulum
1052 3288 1491 3371 Zagrabiensis
1520 3287 1803 3350 ecclesie.
1835 3287 2158 3352 Omnibus
2188 3307 2452 3367 presens
2481 3291 2788 3368 scriptum
2813 3291 3190 3368 inspecturis

483 3396 752 3459 salutem
798 3402 860 3462 in
905 3400 1193 3463 domino.
1238 3399 1349 3462 Ad
1394 3405 1833 3464 universorum
1880 3403 2185 3463 noticiam
2233 3401 2458 3462 harum
2502 3404 2663 3463 serie
2709 3401 3006 3463 volumus
3047 3422 3186 3483 per-

488 3511 727 3572 venire:
773 3513 949 3594 quod
996 3516 1323 3577 constituti
1370 3517 1433 3576 in
1468 3525 1685 3577 nostra
1730 3517 2060 3596 presencia
2105 3515 2189 3576 ab
2243 3533 2370 3576 una
2417 3525 2596 3595 parte
2641 3515 2833 3576 frater
2879 3515 3183 3578 Matheus

482 3621 687 3686 abbas
748 3626 1014 3689 ecclesie
1081 3627 1485 3708 Toplicensis
1567 3639 1630 3690 et
1694 3627 1887 3690 frater
1973 3625 2378 3704 GuillermuS,
2455 3627 2813 3690 cellerarius
2896 3629 3185 3691 eiusdem

480 3733 624 3811 loci,
665 3757 777 3817 pro
836 3759 906 3802 se
967 3752 1032 3802 et
1093 3741 1389 3803 fratribus
1449 3741 1619 3802 dicte
1679 3740 1946 3803 ecclesie
2007 3743 2313 3803 universis
2373 3751 2435 3802 et
2495 3742 2580 3802 ab
2639 3741 2837 3804 altera
2883 3741 3187 3816 Marium,

482 3845 643 3910 filius
700 3855 949 3916 comitis
1012 3853 1245 3916 Hirink
1301 3873 1423 3935 pro
1467 3873 1537 3916 se
1582 3864 1645 3916 et
1691 3853 1989 3916 fratribus
2049 3857 2193 3928 suis
2241 3855 2430 3916 Petro
2489 3853 2726 3917 scilicet
2770 3865 2835 3917 et
2873 3854 3186 3935 Johanne,

482 3977 904 4028 asseruerunt:
952 3967 1132 4047 quod
1178 3969 1295 4046 ipsi
1341 3967 1425 4029 de
1469 3969 1900 4029 controversia
1946 3979 2011 4029 et
2057 3978 2234 4029 mota
2297 3969 2633 4045 questione
2695 3970 2858 4029 inter
2901 3971 3074 4048 ipsos
3119 3980 3183 4030 et

482 4070 769 4155 dampnis
812 4099 890 4140 ac
934 4080 1280 4141 lesionibus
1325 4099 1451 4159 que
1496 4079 1853 4142 inciderunt
1903 4082 1966 4141 in
2012 4080 2240 4142 eadem
2287 4098 2478 4159 super
2525 4079 2828 4142 limitibus
2875 4092 3180 4142 terrarum

468 4182 751 4267 Jarowel,
799 4211 927 4271 que
973 4202 1067 4254 est
1116 4192 1344 4255 Marini
1390 4204 1455 4254 et
1500 4193 1764 4255 fratrum
1813 4213 2077 4256 suorum
2122 4204 2186 4255 et
2236 4193 2554 4268 Powonia,
2598 4210 2727 4272 que
2772 4204 2869 4255 est
2913 4193 3182 4268 abbatiS‚

480 4312 836 4367 vocatarum
888 4315 953 4367 et
1000 4303 1084 4366 de
1128 4305 1265 4367 aliis
1310 4307 1616 4367 universis
1684 4307 2234 4379 contencionibus‚
2280 4324 2407 4384 que
2453 4308 2614 4367 inter
2659 4305 2923 4367 easdem
2969 4319 3182 4385 partes

472 4409 755 4497 adusque
803 4429 1263 4498 precesserunt,
1309 4419 1742 4480 mediantibus
1802 4419 2070 4493 arbitris,
2115 4419 2354 4480 scilicet
2408 4417 2704 4499 Johanne
2764 4420 3004 4480 comite
3049 4419 3179 4482 filio

480 4520 688 4592 Irizlaii
754 4551 841 4592 ex
906 4542 1090 4612 parte
1148 4533 1415 4594 ecclesie
1476 4544 1542 4594 et
1602 4531 1833 4614 Egidio
1894 4531 2026 4593 filio
2092 4531 2370 4594 Berizlaii
2433 4551 2518 4592 ex
2579 4541 2760 4612 parte
2823 4531 3054 4594 Marini
3113 4543 3179 4594 et

478 4634 731 4705 fratrum
776 4663 1043 4707 suorum
1088 4645 1323 4720 electis,
1367 4645 1588 4709 Torda
1634 4647 1842 4707 eciam
1888 4655 1952 4706 et
1999 4645 2328 4706 Poorseno
2389 4643 2772 4707 officialibus
2817 4644 3068 4706 abbatis
3113 4648 3176 4706 in

468 4751 744 4839 collegas
803 4757 1042 4820 arbitrii
1104 4760 1463 4839 assumptis,
1509 4760 1594 4822 ad
1640 4757 2057 4820 concordiam
2104 4767 2482 4838 perpetuam
2543 4768 2691 4819 sunt
2737 4757 3046 4837 perducti,
3092 4757 3178 4820 ad

474 4881 660 4946 quam
706 4871 1173 4933 observandam
1223 4871 1665 4934 inviolabiliter
1704 4891 1773 4932 se
1806 4869 2187 4953 obligarunt,
2233 4870 2484 4933 sublata
2515 4882 2578 4933 et
2609 4882 2858 4932 remota
2903 4871 3177 4932 cuiusvis

471 4983 813 5061 questionis
859 4985 1141 5060 materia,
1172 4995 1353 5046 tante
1396 4987 1572 5065 pacis
1618 4983 1935 5054 firmitate,
1965 4985 2146 5065 quod
2193 4995 2417 5045 neutra
2462 4986 2748 5064 parcium
2797 5002 2987 5063 super
3034 5001 3175 5062 pre-

470 5097 666 5158 missis
709 5116 794 5159 ex
840 5115 1013 5159 nunc
1078 5097 1309 5180 agendi
1380 5097 1611 5160 habeat
1680 5095 2053 5159 facultatem
2123 5095 2553 5158 mediantibus
2611 5099 2800 5158 metis
2860 5106 3168 5158 terrarum
