3797 5795
1596 386 2006 450 —275—

444 575 575 637 fieri
637 575 761 636 hoc
821 577 1149 656 publicum
1210 580 1720 652 instrumentum,
1768 578 1867 639 vel
1929 579 2227 641 uolumus
2287 580 2400 640 has
2463 579 2702 641 litteras
2764 580 2944 662 sigilli
2995 601 3148 642 con-

444 698 673 750 uentus
740 693 935 750 nostri
1003 691 1355 752 munimine
1421 692 1721 752 roborari.
1771 691 2014 754 Datum
2083 693 2258 772 apud
2304 693 2553 755 Vrbem
2602 704 2884 755 ueterem
2941 693 3148 756 idibus

438 802 817 878 decembris
861 822 1035 864 anno
1083 804 1327 865 domini
1376 805 1713 866 millesimo
1761 805 2205 867 ducentesimo
2252 809 2656 888 sexagesimo
2702 810 2907 882 terti0‚
2939 810 3148 886 ponti-

438 913 665 976 ficatus
712 915 955 976 domini
1004 917 1251 980 Vrbani
1299 936 1467 997 pape
1514 921 1737 996 quarti,
1782 937 1956 979 anno
2005 919 2206 979 tertio,

626 1107 929 1182 Original
968 1129 1009 1166 u
1047 1109 1309 1184 gubern.
1376 1110 1599 1169 arkivu
1649 1132 1688 1168 u
1736 1111 1972 1180 Zadru‚
2037 1113 2176 1169 odio
2235 1122 2598 1172 samostana
2652 1133 2736 1172 π).
2789 1111 3016 1170 Nikole
3062 1113 3148 1170 br.

443 1215 545 1268 40.
592 1247 678 1255 —
726 1215 960 1272 Pelata
1008 1235 1207 1272 nema.

1704 1507 1900 1590 770.

439 1678 641 1759 1263,
686 1677 791 1744 21.
839 1678 1249 1748 decembre·
1297 1681 1357 1747 U
1402 1681 1863 1748 Cittavochii.

452 1867 683 1932 Urban
733 1869 779 1931 J
790 1867 859 1932 V.
902 1877 1083 1956 papa
1134 1871 1537 1958 potvrafjuje
1596 1871 1764 1936 Beli
1823 1873 2108 1958 hercegru
2177 1873 2563 1937 krvatskom
2625 1875 2790 1937 neke
2847 1875 3148 1960 gradem

1556 2008 1603 2048 u
1662 1985 2020 2071 Ugarskoj.

616 2173 917 2236 Urbanus
984 2177 1323 2255 episcopus
1390 2195 1607 2238 servus
1674 2197 2000 2238 servorum
2063 2179 2166 2239 dei
2237 2178 2473 2240 dilecto
2539 2178 2669 2239 filio
2740 2179 2934 2238 nobili
3014 2181 3146 2240 viro

437 2287 589 2349 Bela
651 2288 793 2349 duci
856 2287 1195 2351 Sclavonie
1261 2290 1529 2351 salutem
1593 2300 1656 2351 et
1733 2291 2154 2370 apostolicam
2217 2292 2750 2353 benedictionem.
2813 2291 2934 2352 Pro
2996 2291 3145 2354 fidei

434 2403 674 2462 meritis
721 2419 847 2479 qua
892 2421 1007 2481 per
1054 2401 1281 2466 Christi
1330 2403 1585 2464 rutilare
1630 2407 1897 2485 gratiam
1945 2403 2402 2483 comprobariS,
2463 2413 2528 2466 te
2575 2404 2843 2464 libenter
2887 2405 3147 2484 speciali

432 2512 651 2574 favore
712 2517 1158 2594 prosequimur
1204 2526 1267 2576 et
1316 2535 1441 2594 que
1510 2517 1621 2576 tibi
1685 2519 2176 2596 prosperitatem
2245 2517 2524 2578 adiciant
2589 2516 2927 2579 liberaliter
2991 2517 3150 2579 elar-

431 2629 657 2707 gimur,
704 2626 887 2688 firma
948 2629 1322 2691 credulitate
1382 2641 1693 2704 tenenteS‚
1755 2630 1935 2709 quod
1983 2630 2246 2709 quando
2292 2633 2563 2712 gratiam
2609 2631 3014 2712 grandiorem
3061 2631 3146 2690 ab

430 2741 785 2817 apostolica
853 2741 1007 2802 sede
1052 2745 1426 2822 perceperiS,
1488 2752 1669 2804 tanto
1715 2745 1772 2804 ei
1818 2743 2184 2804 ferventiori
2245 2743 2458 2804 studio
2505 2755 2570 2804 te
2617 2753 2940 2823 oportuno
2985 2753 3146 2804 tem-

430 2867 591 2931 pore
644 2853 929 2915 studebis
990 2854 1295 2916 devotum
1343 2875 1457 2936 per
1502 2855 1803 2918 essectum
1868 2858 2079 2936 operis
2140 2856 2458 2917 exhibere.
2522 2854 2694 2919 Sane
2751 2857 2976 2935 petitio
3035 2865 3143 2917 tua

430 2967 619 3027 nobis
673 2968 956 3029 exhibita
1016 2968 1407 3043 continebat,
1468 2969 1644 3049 quod
1692 2972 2050 3031 carissimus
2096 2973 2156 3031 in
2209 2968 2460 3034 Christo
2506 2970 2671 3031 filius
2733 2981 2948 3029 noster
2994 2969 3146 3031 Bela

429 3098 547 3140 rex
597 3080 877 3163 Ungarie
922 3082 1175 3143 illustris
1220 3095 1401 3161 pater
1452 3096 1615 3157 tuus,
1660 3082 1996 3165 diligenter
2039 3082 2398 3159 attendenS,
2444 3084 2622 3163 quod
2669 3082 2750 3143 de
2797 3082 3016 3153 Nitria,
3062 3083 3146 3144 de

430 3193 731 3267 Posoni0‚
776 3194 859 3256 de
906 3194 1163 3257 Musum
1234 3206 1297 3256 et
1362 3196 1445 3257 de
1506 3194 1847 3275 SupruniO,
1911 3204 2116 3257 castra
2185 3198 2362 3278 regni
2429 3196 2708 3276 Ungarie
2753 3199 2813 3256 in
2862 3194 3142 3256 confinio

426 3310 562 3369 eius
608 3310 745 3382 sita,
790 3308 1001 3370 eidem
1049 3327 1267 3391 regn0‚
1322 3310 1372 3369 si
1419 3328 1512 3381 ea,
1574 3308 1750 3385 quod
1819 3309 2002 3382 absit,
2061 3309 2145 3370 ad
2206 3309 2423 3369 hostes
2483 3310 2883 3388 pervenirent
2933 3310 3140 3387 ipsius

424 3422 642 3502 gravia
690 3420 1022 3501 dispendia
1070 3424 1476 3483 imminerent
1508 3432 1571 3483 et
1604 3422 1783 3501 quod
1828 3422 2058 3484 eadem
2105 3434 2310 3483 castra
2357 3442 2471 3501 per
2517 3432 2581 3483 te
2619 3422 2830 3483 utilius
2875 3431 3140 3501 possent

424 3552 624 3613 quam
686 3553 798 3613 per
858 3535 1051 3596 alium
1113 3534 1467 3617 gubernari,
1513 3556 1587 3597 ea
1634 3536 1747 3597 tibi
1802 3538 1974 3617 regia
2043 3534 2418 3596 liberalitate
2478 3536 2758 3608 donavit,
2824 3545 3014 3615 prout
3077 3536 3138 3595 in

424 3646 795 3727 patentibus
839 3648 1058 3710 litteris
1120 3648 1269 3709 dicti
1334 3651 1498 3731 regis
1558 3649 1865 3710 consectis
1929 3648 2167 3710 exinde
2212 3648 2460 3728 plenius
2523 3648 2750 3727 dicitur
2811 3649 3138 3709 contineri.

426 3760 566 3821 Nos
629 3762 845 3839 itaque
904 3764 1025 3822 tuis
1085 3773 1149 3823 et
1204 3762 1429 3841 prefati
1496 3765 1659 3844 regis
1726 3762 2295 3841 supplicationibus
2361 3761 2659 3836 inclinati,
2721 3761 3136 3822 donationem

420 3872 808 3950 huiusmodi,
852 3876 1011 3936 sicut
1058 3876 1323 3955 provide
1370 3878 1536 3937 facta
1568 3886 1681 3951 est,
1726 3886 1932 3937 ratam
1965 3886 2028 3937 et
2061 3874 2311 3936 firmam
2359 3874 2685 3948 habenteS,
2731 3893 2874 3949 eam
2921 3883 3138 3935 aucto-

421 3990 614 4048 ritate
653 3988 1004 4066 apostolica
1050 3970 1507 4051 confirmamus
1551 3998 1613 4051 et
1661 3992 1971 4069 presentis
2002 3990 2212 4067 scripti
2256 3989 2612 4067 patrocinio
2644 3988 3136 4049 communimus,

424 4099 595 4162 Nulli
645 4118 799 4183 ergo
859 4115 976 4163 etc.
1038 4114 1254 4163 nostre
1313 4103 1816 4164 confirmationis
1884 4114 2005 4163 ete.
2073 4100 2312 4162 Datum
2362 4100 2535 4179 apud
2589 4100 2806 4163 Urben
2855 4110 3136 4160 veterem

420 4212 563 4276 XII.
612 4212 733 4275 kal.
782 4216 1059 4289 ianuarii,
1104 4212 1513 4293 pontificatus
1560 4217 1753 4275 nostri
1802 4233 1975 4275 anno
2024 4217 2226 4274 tertio,

603 4424 869 4482 Theiner
913 4424 1079 4483 Mon.
1123 4426 1336 4499 Hung.
1384 4426 1436 4483 J.
1486 4445 1584 4483 no,
1636 4428 1763 4482 471.
1808 4432 1917 4483 str.
1967 4427 2312 4481 254—255.
2362 4424 2428 4482 Iz
2476 4444 2599 4498 reg.
2660 4425 2814 4497 areg.
2867 4442 2967 4480 an.
3015 4422 3133 4480 Ill.

417 4539 506 4605 ep.
556 4534 705 4586 1418
750 4539 867 4587 tom
916 4530 1037 4588 III.
1085 4532 1223 4589 270.
1274 4562 1357 4571 --
1408 4530 1595 4605 Feje'r
1654 4530 1795 4587 Cod.
1844 4530 1993 4605 dipl.
2056 4530 2186 4588 VII.
2241 4533 2294 4598 5,
2347 4531 2484 4585 339.
2535 4564 2620 4571 -
2683 4529 2929 4586 Wenzel
2987 4528 3129 4585 cod.

413 4634 649 4711 Arpad.
688 4634 813 4694 III.
854 4635 952 4693 63.
986 4667 1068 4675 -
1103 4634 1380 4706 Palacky
1428 4635 1614 4691 Reise
1663 4636 1759 4689 39.
1810 4654 1905 4691 no,
1953 4636 2096 4692 293.
2133 4668 2212 4675 -
2249 4633 2532 4690 Potthast
2573 4635 2722 4707 lt’eg.
2758 4633 2988 4709 pontif.
3043 4632 3128 4689 Il.

416 4759 511 4797 no,
563 4744 781 4797 18748.
