3797 5795
1953 337 2030 344 —
2099 300 2365 365 174-

801 494 1107 555 Tartaros
1151 504 1405 554 seruato
1452 505 1815 555 nostrorum
1864 492 2349 575 coruencium(!)
2397 494 2617 555 funera
2655 514 2832 555 more
2879 494 3172 555 Rachelis
3215 494 3483 575 iugulem

802 607 1285 688 plangebamuS,
1348 617 1529 685 pater
1611 606 1873 667 tandem
1937 606 2356 668 ineffabilium
2419 608 2992 669 misericordiarum
3077 618 3140 667 et
3206 606 3486 668 dominus

801 724 904 800 pie
948 721 1431 793 consolacioniS,
1477 722 1583 798 qui
1631 730 1898 781 cunctos
1943 723 2008 779 in
2057 739 2138 781 se.
2169 731 2497 798 sperantes
2559 731 2852 799 tempore
2899 720 3329 781 tribulacionis
3375 739 3484 781 non

801 834 1029 895 desinit
1076 834 1451 913 opitulando
1498 834 1845 907 subleuare,
1896 834 2086 893 nobis
2119 834 2243 893 iarn
2278 833 2486 894 helisis
2517 845 2583 895 et
2615 835 2792 913 quasi
2839 834 3162 913 precipitis
3209 836 3486 894 virtutem

797 967 911 1010 sue
956 946 1185 1009 dextre
1231 949 1519 1028 porigere
1566 947 1862 1029 dignatus
1907 958 2032 1007 est:
2083 947 2387 1024 quoniam
2419 948 2502 1007 ad
2537 946 2998 1026 repulcendum
3047 965 3166 1006 nos
3211 962 3276 1005 et
3321 964 3488 1006 coro-

798 1060 1157 1123 borandum
1230 1060 1284 1121 F
1286 1059 1591 1121 eldricum
1662 1070 1724 1121 et
1798 1058 2320 1119 Bartholomeum
2395 1060 2667 1120 illustros
2683 1058 2746 1139 (Ι)
2817 1070 2880 1119 et
2949 1070 3243 1119 strenuos
3335 1061 3488 1119 uiros

797 1175 1043 1236 nobiles
1089 1174 1171 1234 de
1218 1172 1444 1255 Vegla,
1488 1173 1615 1233 alta
1661 1193 1745 1234 ex
1788 1174 2085 1251 prosapia
2131 1173 2304 1233 vrbis
2343 1172 2638 1233 Romane
2683 1183 3052 1233 senatorum
3101 1182 3296 1245 ortOS,
3340 1181 3486 1232 tam-

796 1306 991 1367 quam
1038 1287 1303 1369 angelos
1347 1288 1771 1366 proteccionis
1814 1305 1852 1346 e
1896 1303 2044 1346 arce
2105 1285 2401 1364 polorum
2465 1288 2650 1360 misit,
2696 1286 2805 1364 qui
2851 1286 3038 1346 nobis
3082 1303 3228 1346 cum
3278 1303 3486 1345 eorum

796 1400 1121 1481 parentela
1168 1410 1232 1461 et
1300 1400 1679 1461 familiarum
1750 1409 2008 1461 caterua
2074 1400 2384 1480 armigera
2453 1400 2514 1458 in
2585 1417 2779 1478 opem
2841 1409 2905 1458 et
2966 1409 3183 1459 nostre
3225 1416 3488 1477 persone

792 1514 1243 1575 saluberimam
1290 1512 1557 1574 tutelam
1604 1512 1978 1573 adherendo
2039 1531 2154 1591 per
2214 1530 2434 1573 eorum
2483 1522 2740 1575 strenua
2785 1513 3134 1573 certamina
3179 1510 3485 1590 quosdam

793 1626 1096 1688 ductores
1142 1627 1425 1705 ipsorum
1471 1625 1889 1687 Tartarorum
1951 1642 2384 1705 sequacesque
2444 1642 2667 1686 eorum
2717 1623 2851 1684 dire
2897 1626 3072 1685 necis
3115 1624 3487 1684 exterminio

792 1743 1002 1801 necari
1047 1751 1109 1800 et
1157 1738 1473 1820 quosdam
1534 1749 1760 1818 captos
1804 1739 1993 1799 nobis
2037 1734 2298 1819 osere(!)‚
2346 1738 2447 1797 vbi
2509 1739 2714 1799 eciam
2760 1737 2982 1799 crebra
3027 1732 3385 1819 stigm(at)a
3431 1746 3488 1797 et

788 1854 1007 1935 grauia
1052 1853 1359 1914 sustulere
1406 1864 1469 1913 et
1516 1851 1755 1914 multos
1799 1870 1883 1912 ex
1929 1868 2154 1912 eorum
2222 1852 2382 1911 caris
2441 1852 2776 1929 proximos
2835 1861 2899 1910 et
2943 1848 3284 1911 familiares
3345 1851 3463 1910 ami

790 1976 927 2027 tere
944 1964 1047 2045 (1);
1106 1984 1427 2045 supraque
1472 1965 1774 2027 omnibus
1839 1966 2190 2044 prenaratis
2252 1966 2580 2044 copiosam
2643 1966 3056 2043 pecuniarum
3103 1964 3388 2042 ipsorum
3432 1964 3486 2023 in

790 2098 948 2139 auro
994 2081 1198 2139 eciam
1258 2088 1323 2139 et
1384 2088 1651 2159 argento
1712 2097 1790 2140 ac
1851 2078 2041 2138 rebus
2099 2078 2401 2155 preciosis
2462 2080 2884 2156 quantitatem
2930 2076 3015 2137 ad
3059 2078 3278 2158 viginti
3329 2075 3487 2135 milia

787 2209 1145 2252 marcarum
1190 2209 1259 2251 se
1304 2190 1766 2251 extendentem
1813 2191 2000 2252 nobis
2047 2209 2166 2269 pro
2227 2190 2595 2252 asumendis
2654 2190 3075 2269 stipendiariis
3119 2198 3183 2250 et
3231 2188 3487 2268 expedi-

786 2304 1081 2365 cionibus
1124 2306 1309 2365 variis
1353 2304 1529 2365 osere
1574 2303 1936 2365 maluerunt
1997 2303 2348 2386 diligenter.
2417 2301 2710 2382 Quorum
2775 2304 2864 2365 ob
2925 2303 3221 2364 meritum
3284 2302 3488 2364 donec

788 2416 1003 2478 laciori
1051 2420 1142 2478 eis
1186 2416 1643 2496 prouideamus
1691 2417 2118 2478 retribucione
2178 2420 2350 2495 ipsos
2417 2416 2471 2477 F
2473 2416 2782 2477 eldricum
2843 2426 2906 2479 et
2967 2414 3486 2478 Bartholomeum

791 2548 1098 2591 eorumve
1160 2530 1427 2591 heredes
1487 2541 1552 2591 et
1610 2548 2008 2591 successores
2083 2531 2411 2591 vniuersos
2484 2530 2568 2590 de
2629 2529 2894 2590 consilio
2955 2528 3220 2591 domine
3297 2528 3489 2591 Marie

786 2644 1109 2705 carissime
1127 2641 1192 2723 (l)
1240 2645 1552 2705 consortis
1582 2652 1799 2705 nostre
1829 2645 2134 2704 vniuersis
2179 2643 2416 2704 iuribus
2444 2644 2686 2723 graciis,
2731 2642 3079 2703 honoribus
3108 2654 3174 2703 et
3213 2643 3486 2722 solemp-

787 2756 961 2816 nium
1009 2755 1372 2817 libertatum
1420 2755 1751 2817 illustrium
1812 2757 2159 2836 primatum
2221 2758 2396 2837 regni
2454 2757 2648 2816 nostri
2701 2755 3025 2837 Hungarie
3069 2756 3484 2837 prerogatiuis

784 2870 1123 2949 participes
1192 2879 1254 2930 et
1323 2868 1764 2950 (com)munes
1823 2870 2208 2930 instituimus
2267 2878 2333 2930 et
2391 2868 2656 2930 facimus
2717 2879 2911 2948 atque
2955 2870 3016 2929 in
3065 2869 3481 2942 consorcium,

784 2993 1108 3044 cateruam
1156 2997 1220 3044 et
1268 3002 1603 3045 numerum
1669 2983 1959 3044 locamus
2021 2981 2364 3062 locumque
2424 2985 2514 3043 eis
2575 2985 2856 3061 ipsorum
2913 2983 2974 3042 in
3021 2981 3242 3042 medio
3289 2983 3480 3042 nostri

783 3096 1039 3156 misterii
1058 3093 1121 3178 (Ι)
1170 3099 1231 3157 in
1280 3097 1546 3158 consilio
1606 3098 1994 3159 conferimus
2055 3096 2426 3173 eisdemque
2487 3097 2742 3173 insuper
2787 3094 2953 3155 hanc
2996 3094 3303 3156 libertatis
3346 3114 3480 3174 pre-

774 3210 1132 3288 rogatiuam
1197 3221 1261 3268 et
1323 3211 1600 3290 graciam
1664 3209 2007 3287 specialem
2073 3209 2349 3291 benigne
2411 3208 2712 3289 largimus
2757 3210 2816 3267 in
2867 3211 3360 3286 sempiternum;
3412 3221 3476 3269 ut

779 3319 987 3381 nullus
1017 3325 1187 3382 curie
1220 3333 1283 3381 et
1316 3324 1487 3403 regni
1537 3325 1731 3381 nostri
1767 3322 2044 3382 iudicum
2079 3332 2144 3381 et
2175 3323 2652 3382 iusticiariorum
2706 3340 2914 3399 neque
2960 3323 3148 3381 ceteri
3199 3323 3476 3400 quipiam

780 3430 995 3494 laciori
1042 3433 1266 3495 saltem
1315 3433 1559 3494 honore
1610 3433 1942 3514 fulgenteS,
1985 3446 2094 3494 aut
2157 3433 2463 3516 dignitate
2509 3435 2682 3512 ipsos
2727 3436 2786 3493 in
2835 3435 3141 3513 personiS,
3184 3434 3372 3495 rebus
3414 3444 3476 3494 et

774 3547 1280 3619 possessionibus
1341 3565 1561 3606 eorum
1626 3564 1797 3606 nunc
1857 3547 2086 3607 habitis
2148 3558 2212 3607 et
2271 3548 2336 3608 in
2397 3547 2677 3608 futurum
2735 3547 3125 3626 ubicumque
3169 3549 3230 3607 in
3277 3564 3477 3628 regno

774 3673 996 3718 nostro
1056 3677 1170 3738 per
1231 3661 1404 3737 ipsos
1464 3658 2083 3738 quomodocumque
2130 3660 2493 3737 aquirendis
2539 3659 2642 3720 uel
2689 3659 3002 3720 habendis
3049 3659 3323 3720 iudicare
3361 3671 3476 3719 aut

768 3768 831 3827 in
882 3782 1233 3850 conspectu
1264 3773 1356 3831 sui
1391 3771 1597 3831 iudicii
1633 3771 1937 3832 aduersus
1968 3790 2413 3852 quoscumque
2444 3769 2704 3855 astori(l)
2738 3783 2802 3834 et
2833 3769 3236 3854 compa(rar)i
3269 3771 3476 3832 facere

770 3896 990 3958 posset
1022 3903 1233 3964 neque
1280 3883 1531 3959 debeat,
1578 3885 1844 3962 dempta
1888 3885 2302 3945 solummodo
2348 3889 2603 3964 propria
2634 3886 2860 3968 regalis
2905 3885 3290 3946 celsitudinis
3329 3902 3475 3962 per-

763 4012 944 4072 sona,
1011 4017 1138 4076 que
1199 4000 1371 4076 ipsos
1429 4009 1577 4058 ante
1639 4008 2056 4077 conspectum
2119 3996 2448 4059 tribunalis
2491 4000 2586 4058 sui
2631 3999 2838 4058 iudicii
2903 4017 3274 4078 comparere
3294 3995 3352 4078 (Ι)
3403 4007 3471 4056 et

766 4108 1044 4171 iudicare
1092 4110 1343 4172 debeat.
1406 4111 1759 4189 Prescripta
1820 4120 2034 4172 autem
2099 4111 2344 4193 singula
2388 4130 2502 4190 per
2549 4128 2667 4172 nos
2711 4113 2863 4190 ipsis
2906 4131 3025 4191 pro
3071 4113 3260 4172 tantis
3301 4119 3474 4170 oete-

764 4220 977 4300 risque
1053 4241 1247 4301 quam
1316 4224 1599 4303 pluribus
1682 4223 2090 4285 famulatibus
2159 4243 2514 4302 eorumque
2575 4224 2974 4304 presentibus
3043 4225 3287 4303 inprimi
3347 4240 3470 4302 per

760 4338 984 4397 omnia
1032 4335 1121 4396 ob
1167 4355 1390 4397 eorum
1437 4339 1690 4416 copiam
1739 4337 1972 4408 obstat,
2017 4336 2367 4398 clementer
2411 4337 2657 4398 indulta
2703 4339 3027 4399 vniuersos
3073 4353 3468 4398 successores

761 4459 1020 4510 nostros
1064 4447 1277 4509 felices
1324 4449 1653 4531 Hungarie
1712 4467 1897 4532 reges
1958 4452 2024 4510 in
2089 4447 2340 4512 Christo
2400 4468 2549 4532 rege
2621 4451 3011 4529 sempiterno
3057 4449 3464 4510 deuotissime

758 4556 1191 4633 obsecramus
1256 4581 1337 4623 ne
1396 4564 1840 4623 comminuant
1901 4581 2019 4623 nec
2081 4562 2562 4643 transgrediant,
2607 4565 2917 4643 quinymo
2962 4571 3100 4622 rata
3146 4573 3350 4623 tenere
3391 4569 3460 4620 et

754 4685 1027 4753 accepta
1095 4675 1435 4736 obseruare
1489 4674 1836 4757 dignentur
1894 4675 2111 4756 vigore
2171 4676 2482 4754 presentis
2543 4685 2758 4736 nostre
2817 4678 3064 4757 pagine.
3131 4675 3221 4737 Vt
3280 4675 3460 4756 igitur

754 4789 1251 4866 prescriptarum
1310 4788 1760 4850 liberalitatum
1822 4798 1889 4848 et
1947 4789 2301 4870 graciarum
2363 4790 2765 4870 prerogatiua
2810 4799 3119 4868 perpetua
3167 4788 3456 4850 firmitate

754 4897 1125 4974 solidentur,
1169 4911 1495 4980 presentes
1539 4901 1976 4962 concessimus
2037 4901 2280 4962 eisdem
2327 4900 2594 4981 duplicis
2638 4900 2816 4983 sigilli
2868 4902 3066 4961 nostri
3115 4901 3454 4961 munimine

756 5010 1105 5075 roboratas.
1139 5011 1379 5075 Datum
1412 5029 1525 5094 per
1556 5032 1784 5076 manus
1816 5013 2070 5074 discreti
2103 5015 2214 5075 viri
2245 5014 2526 5096 magistri
2557 5013 2834 5076 Farcasii
2868 5011 3174 5075 Albensis
3197 5013 3450 5076 ecclesie
