3797 5795
1811 379 2221 442 -314—

662 576 727 626 et
771 567 960 627 aliam
1011 566 1422 629 medietatem
1456 567 1648 628 habet
1681 568 1983 630 dominus
2016 569 2366 630 Romanus,
2410 571 2571 630 Item
2602 571 2913 631 medietas
2944 589 3061 649 pro
3093 569 3371 629 indiuiso

663 679 746 740 de
793 691 956 740 terra
1017 698 1140 758 que
1186 692 1281 740 est
1329 698 1475 741 cum
1539 683 1775 742 comite
1837 681 2090 744 Marino
2152 684 2362 762 posita
2424 683 2507 744 ad
2554 683 2825 758 Diuulle,
2872 703 2997 762 que
3059 682 3373 743 medietas

663 804 760 853 est
827 813 942 853 sex
1013 805 1476 855 ueretenorum.
1544 794 1626 856 Et
1702 807 1866 856 tersa
1936 799 2145 875 posita
2213 796 2298 857 ad
2366 797 2603 871 Turci‚¹
2667 816 2793 876 que
2845 809 2941 857 est
3001 795 3133 856 duo
3182 813 3362 856 uere-

664 918 960 967 tenorum
1007 926 1210 985 prope
1255 917 1487 970 terram
1535 905 1778 969 domini
1828 907 2203 971 Marisclaue
2249 910 2519 971 Thome.
2554 908 2634 971 Et
2682 909 2993 970 medietas
3040 922 3203 969 terre
3248 928 3371 987 pro

663 1018 934 1080 indiuiso
981 1022 1187 1099 posite
1219 1020 1301 1080 ad
1333 1019 1750 1100 Schernipoli‚
1784 1041 1910 1100 que
1941 1035 2105 1083 tetra
2138 1035 2231 1084 est
2264 1042 2412 1083 cum
2452 1023 2590 1084 Elia
2636 1021 2867 1086 Cebbri
2904 1023 2987 1083 de
3019 1020 3373 1094 Chasarize‚

665 1151 792 1211 que
855 1132 1163 1193 medietas
1226 1147 1320 1194 est
1385 1135 1574 1194 trium
1638 1145 2103 1195 ueretenorum.
2154 1136 2317 1197 Item
2378 1139 2663 1214 pastinus
2724 1136 2805 1196 ad
2870 1137 3113 1206 Reciza‚
3174 1153 3369 1213 quem

663 1256 838 1307 tenet
883 1245 1044 1307 filius
1090 1246 1364 1310 Stanosii
1412 1266 1612 1326 prope
1658 1249 1914 1308 uineam
1962 1247 2187 1308 Nicole
2252 1248 2563 1322 Kalende‚
2633 1251 2737 1327 qui
2786 1261 2881 1309 est
2929 1248 3147 1329 uiginti
3196 1265 3373 1308 uere-

663 1369 976 1420 tenorum.
1009 1360 1092 1421 Et
1131 1359 1288 1420 alius
1333 1362 1638 1439 pastinuS‚
1683 1379 1877 1440 quem
1926 1371 2101 1422 tenet
2148 1359 2497 1443 Dragosius
2543 1381 2690 1422 cum
2739 1359 3079 1440 Qualenne
3123 1363 3367 1440 positus

662 1472 748 1533 ad
794 1474 1020 1534 Reciza
1065 1493 1266 1552 prope
1312 1475 1568 1534 uineam
1615 1473 1763 1534 dicti
1815 1473 2039 1535 Nicole
2069 1485 2133 1535 et
2164 1486 2259 1535 est
2306 1473 2725 1556 quadraginta
2774 1484 3237 1535 ueretenorum.
3286 1473 3369 1533 Et

661 1584 823 1646 alius
867 1586 1168 1663 pastinus,
1202 1605 1395 1664 quem
1441 1597 1614 1648 tenet
1661 1585 2010 1658 Marintius‚
2057 1589 2299 1666 positus
2331 1587 2415 1648 ad
2448 1587 2823 1648 Locchouin
2869 1605 3074 1665 prope
3116 1588 3369 1646 uineam

663 1696 852 1760 Cerni
902 1696 1185 1770 Colocte‚
1217 1701 1324 1777 qui
1370 1712 1464 1760 est
1509 1701 1730 1780 uiginti
1777 1711 2241 1761 ueretenorum.
2292 1701 2372 1760 Et
2418 1701 2575 1760 alius
2620 1702 2921 1778 pastinUS,
2955 1717 3149 1778 quem
3196 1707 3373 1758 tenet

661 1810 1063 1892 Dragossiu5‚
1106 1814 1352 1889 positus
1397 1811 1620 1872 subtus
1667 1825 1955 1873 sanctam
2002 1812 2271 1874 Mariam
2321 1813 2403 1872 de
2449 1813 2735 1891 Spiliano
2781 1831 2986 1891 prope
3032 1815 3199 1873 uiam
3254 1830 3369 1890 pu—

663 1923 899 1985 blicam
933 1935 996 1985 et
1043 1938 1135 1986 est
1183 1925 1461 1985 sedecim
1512 1938 1978 1986 ueretenorum.
2028 1927 2185 1986 Item
2230 1928 2415 1987 uinea
2446 1926 2530 1986 ad
2566 1926 2845 2005 Loquize
2876 1944 3081 2004 prope
3114 1927 3365 1984 uincam

661 2035 804 2098 Elie
836 2035 1066 2099 Cebbri
1114 2035 1196 2098 de
1244 2037 1540 2099 Kasarize
1571 2048 1634 2099 et
1666 2049 1762 2100 est
1810 2057 2047 2099 nouem
2096 2049 2559 2100 ueretenorum.
2613 2039 2771 2098 Item
2806 2039 2993 2098 uinea
3024 2037 3105 2098 de
3137 2039 3369 2097 monti-

659 2151 810 2210 culo
841 2169 1044 2229 prope
1089 2151 1344 2211 uineam
1390 2153 1640 2211 comitis
1688 2151 1912 2213 Marini
1962 2163 2025 2212 et
2057 2163 2150 2211 est
2184 2153 2401 2234 uiginti
2434 2161 2897 2212 ueretenorum.
2944 2150 3101 2210 Item
3134 2149 3375 2209 domus

657 2266 728 2323 in
761 2261 1072 2344 Tragurio
1119 2283 1320 2342 prope
1368 2264 1637 2324 domum
1683 2267 1902 2325 uxoris
1948 2261 2205 2346 Georgii
2254 2265 2336 2325 de
2382 2262 2614 2345 Cegha.
2674 2264 2833 2324 Item
2880 2263 3057 2324 locus
3095 2265 3226 2324 siue
3258 2282 3369 2340 pa-

657 2377 907 2436 ratinea
977 2379 1039 2436 in
1107 2375 1419 2457 Tragurio
1488 2396 1690 2456 prope
1753 2378 2019 2438 domum
2073 2376 2323 2440 Crome.
2397 2378 2555 2438 Item
2604 2377 2879 2437 ducente
2927 2387 2989 2436 et
3036 2379 3363 2456 octoffi'nta

657 2491 967 2568 pecudeS.
1041 2489 1185 2568 Que
1233 2489 1492 2568 quidem
1543 2492 1758 2551 omnia
1804 2493 2020 2570 precio
2068 2491 2238 2550 mille
2284 2502 2347 2551 et
2393 2501 2841 2550 sexcentarum
2890 2489 3187 2549 librarum
3236 2489 3369 2549 Ve-

658 2613 954 2664 netarum
1025 2603 1449 2681 paruularum‚
1475 2609 1480 2616 '
1509 2603 1685 2678 quod
1754 2607 2033 2682 precium
2106 2615 2313 2663 totum
2376 2602 2757 2664 confitemur
2818 2612 2883 2663 et
2943 2611 3373 2681 protestamur

659 2733 804 2775 esse
851 2735 887 2774 a
935 2715 1120 2776 uobis
1180 2716 1575 2794 emptoribus
1635 2717 1801 2776 bene
1861 2729 1924 2777 et
1992 2719 2232 2798 integre
2278 2715 2557 2777 solutum
2606 2726 2668 2776 et
2714 2725 3117 2777 numeratum
3165 2725 3228 2775 et
3274 2734 3373 2774 re-

659 2837 924 2907 ceptum
986 2838 1178 2907 atque
1224 2847 1603 2888 conversum
1651 2831 1712 2888 in
1760 2829 2096 2890 utilitatem
2144 2829 2457 2890 dictorum
2508 2828 2833 2911 guardiani
2884 2840 2946 2889 et
2992 2829 3255 2889 fratrum
3304 2837 3370 2888 et

660 2940 816 3001 dicti
863 2942 1004 3015 loci,
1049 2941 1402 3002 secundum
1455 2953 1742 3002 tenorem
1791 2943 2103 3003 dictarum
2153 2944 2499 3004 litterarum
2549 2941 2793 3002 domini
2832 2960 3013 3020 pape.
3064 2941 3142 3001 Et
3176 2942 3238 3000 in
3274 2941 3371 3000 his

663 3054 965 3113 omnibus
1023 3056 1471 3114 renunciamus
1531 3058 1707 3115 omni
1769 3058 2131 3134 exceptioni
2196 3074 2325 3115 non
2391 3058 2698 3116 numerati
2764 3066 2827 3114 et
2890 3074 3019 3114 non
3066 3054 3249 3113 soluti
3300 3064 3367 3113 et

666 3184 796 3226 non
845 3166 1039 3226 habiti
1103 3167 1292 3245 precii
1363 3166 1532 3241 dicti,
1593 3186 1668 3227 ac
1729 3186 1858 3227 non
1924 3167 2107 3229 huius
2167 3170 2457 3229 conuersi
2504 3170 2567 3227 in
2616 3167 2950 3228 utilitatem
2996 3166 3373 3245 predictam,

665 3279 1094 3359 omnibusque
1153 3279 1288 3339 aliis
1347 3280 1594 3340 auxiliis
1655 3290 1719 3340 et
1779 3280 2016 3341 iuribus
2080 3281 2291 3361 legum
2338 3291 2400 3341 et
2457 3280 2860 3340 decretorum
2908 3290 2972 3340 et
3017 3278 3367 3339 conditioni

665 3410 752 3450 ex
797 3392 936 3473 lege
983 3403 1046 3452 et
1092 3394 1226 3452 sine
1287 3410 1476 3452 causa
1523 3403 1586 3453 et
1633 3395 1692 3452 in
1743 3393 1915 3453 sacto
1962 3406 2024 3453 et
2072 3395 2372 3454 omnibus
2430 3393 2566 3453 aliis
2628 3394 3112 3471 quibuscunque
3182 3392 3373 3451 nobis

666 3522 784 3582 pro
828 3505 979 3582 ipsis
1023 3504 1376 3585 guardiano
1423 3517 1486 3565 et
1532 3505 1826 3566 fratribus
1871 3507 2022 3566 dicti
2071 3507 2189 3566 loci
2238 3518 2302 3566 et
2350 3508 2498 3585 ipsis
2565 3506 2917 3587 guardiano
2964 3517 3028 3565 et
3075 3504 3371 3565 fratribus

665 3627 730 3676 et
775 3616 920 3678 loco
969 3617 1142 3678 dicto
1191 3620 1708 3697 competentibus
1755 3631 1816 3680 et
1864 3622 2317 3697 competituris.
2369 3619 2546 3698 Quas
2593 3639 2693 3681 res
2738 3638 2965 3679 omnes
2998 3630 3059 3678 et
3092 3618 3373 3699 singulas

666 3732 927 3790 nomine
989 3733 1270 3791 uirorum
1334 3742 1700 3810 emptorum
1761 3735 2224 3807 constituimus,
2269 3753 2387 3793 uos
2432 3735 2718 3812 precario
2766 3732 3112 3812 possidere,
3160 3731 3372 3791 donec

667 3846 1136 3918 possessionem
1197 3862 1418 3905 earum
1488 3848 1864 3906 intraueritis
1911 3846 2328 3924 corporalem,
2376 3849 2437 3906 in
2486 3866 2681 3923 quam
2729 3845 3005 3905 intrandi
3052 3844 3371 3905 licentiam

664 3966 727 4014 et
797 3967 1182 4034 potestatem
1255 3957 1439 4017 uobis
1508 3959 1955 4019 omnimodam
2026 3970 2241 4020 nostra
2316 3962 2691 4019 auctoritate
2760 3958 3112 4030 tribuimus,
3180 3967 3373 4035 atque

665 4066 894 4130 damus
957 4080 1020 4129 et
1083 4072 1276 4131 etiam
1349 4069 1593 4145 damus,
1657 4072 2089 4145 concedimuS‚
2149 4084 2345 4151 atque
2414 4071 2701 4132 cedimus
2745 4071 2932 4130 uobis
3000 4089 3195 4130 omne
3265 4072 3376 4137 iuS,

662 4198 1062 4260 omnemque
1121 4186 1441 4244 actionem
1506 4184 1740 4244 realem
1806 4196 1870 4245 et
1932 4185 2355 4263 personalem,
2401 4185 2621 4245 utilem
2668 4184 2768 4244 uel
2816 4184 3123 4244 directam
3191 4181 3379 4242 dictis

659 4295 1018 4371 guardiano
1064 4306 1126 4357 et
1173 4296 1470 4357 fratribus
1531 4309 1592 4357 et
1655 4298 1802 4357 loco
1871 4298 2047 4358 dicto
2095 4308 2157 4357 et
2204 4298 2391 4357 nobis
2436 4318 2554 4377 pro
2602 4300 2691 4358 eis
2734 4299 2799 4356 in
2846 4296 3031 4357 dictis
3076 4295 3379 4355 omnibus

658 4414 726 4464 et
774 4409 1034 4490 singulis
1097 4420 1595 4488 competentem,
1641 4410 1743 4470 uel
1803 4412 2315 4489 competituram,
2363 4430 2481 4471 uos
2526 4428 2753 4470 omnes
2819 4418 3265 4488 procuratores
3312 4410 3375 4467 in

659 4536 800 4581 rem
849 4532 1124 4581 uestram
1173 4522 1642 4597 constituendO,
1675 4534 1742 4583 ut
1775 4524 2029 4602 possitis
2073 4522 2376 4583 adversus
2423 4541 2899 4602 quemcumque
2938 4521 3375 4602 possidentem

658 4644 748 4691 ex
799 4634 982 4695 dictis
1027 4635 1215 4695 rebus
1248 4646 1312 4696 et
1342 4636 1850 4714 possessionibus
1897 4638 2186 4714 experiri,
2235 4654 2442 4717 agere,
2488 4648 2723 4715 petere,
2769 4638 3029 4717 exigere
3062 4646 3125 4695 et
3156 4636 3375 4695 omnia

662 4754 728 4802 et
777 4746 1022 4827 singula
1069 4766 1323 4826 queque
1371 4748 1595 4821 facere,
1655 4767 1780 4827 que
1828 4751 2181 4809 necessaria
2227 4761 2290 4808 et
2338 4749 2647 4827 expedire
2708 4748 3110 4810 uidebuntur.
3158 4746 3373 4826 Quam

663 4859 930 4933 quidem
991 4860 1423 4921 venditionem
1474 4874 1536 4922 et
1583 4864 1801 4922 omnia
1861 4872 1925 4921 et
1987 4861 2232 4943 singula
2297 4863 2720 4941 suprascripta
2781 4864 3215 4940 promittimus
3260 4880 3377 4939 per

847 5042 860 5069 ¹
898 5040 1015 5093 lma
1052 5041 1179 5093 biti:
1219 5042 1400 5095 Tarci.
