3797 5795
1916 353 2181 417 —658
2246 387 2327 395 —

765 531 885 586 829.
923 534 1079 591 1265.
1117 536 1216 591 24.
1255 536 1397 591 1111111.
1434 537 1726 591 Rolandus
1763 540 1945 592 banus
1970 556 2071 607 per
2096 540 2399 593 Kracinum
2426 542 2692 595 comitem
2732 540 3079 595 Crisiensem
3120 546 3305 592 terras

975 622 1345 691 iobagionum
1383 626 1552 678 castri
1591 626 1833 679 RovisCe
1869 626 2073 682 limitat
2146 667 3277 684 .................
3370 631 3457 679 337

764 752 884 807 830.
922 754 1080 812 1265.
1117 754 1166 809 6.
1206 756 1333 811 111111.
1367 756 1614 813 iaderae.
1665 758 1938 812 Iudicium
1979 760 2285 829 Jaderense
2321 761 2584 814 Andreae
2621 758 2734 812 filio
2775 756 2975 813 Creste
3013 758 3085 811 de
3124 755 3305 811 Coto-

973 858 1160 913 pagna
1197 844 1451 911 domum,
1489 851 1552 897 ut
1586 848 2117 914 compensationem
2174 848 2466 917 impensae
2518 846 2790 915 pecuniae
2836 847 2893 898 in
2932 859 3303 899 communem

974 929 1276 983 utilitatem
1316 930 1559 984 familiae
1595 933 1884 987 adiudicat
1938 972 3279 989 ....................
3372 936 3457 985 330

759 1059 884 1113 831.
922 1061 1080 1118 1265.
1119 1061 1200 1116 11.
1237 1062 1360 1118 111111.
1410 1062 1633 1119 Porusll.
1685 1063 1951 1118 Clemens
1986 1066 2075 1119 IV.
2132 1082 2283 1135 papa
2329 1065 2695 1120 Columbano
2745 1065 3025 1133 episcopo
3073 1062 3299 1133 Tragu-

973 1150 1166 1215 riensi‚
1201 1157 1262 1202 ut
1299 1152 1596 1217 concedat,
1633 1158 1695 1203 ut
1720 1151 1920 1205 fratres
1944 1153 2161 1206 ordinis
2184 1154 2643 1207 Praedicatorum
2681 1152 2915 1220 pacifice
2955 1151 3301 1220 possideant

973 1235 1252 1303 capellam
1289 1238 1358 1289 iis
1392 1237 1648 1307 Tragurii
1687 1238 1959 1293 donatam
2004 1276 3278 1296 ...................
3372 1242 3459 1289 341

760 1365 884 1420 832.
921 1368 1080 1425 1265.
1115 1368 1210 1423 23.
1246 1368 1370 1423 111111.
1426 1368 1649 1424 Perusil.
1703 1370 1970 1424 Clemens
2005 1371 2099 1424 IV.
2153 1387 2301 1439 papa
2336 1371 2766 1439 archiepiscopo
2803 1369 3200 1433 Antibarensi‚
3238 1373 3301 1419 ut

973 1456 1220 1525 inquirat
1259 1472 1348 1509 res
1384 1456 1603 1524 expulsi
1661 1458 1919 1525 episcopi
1957 1459 2029 1511 de
2065 1457 2347 1527 Trebinje‚
2397 1474 2569 1526 quem
2606 1457 3069 1525 archiepiscopus
3108 1455 3302 1523 Ragu-

975 1544 1132 1595 sinus
1168 1544 1381 1596 adiuvit
1416 1550 1474 1596 et
1511 1545 1762 1611 protexit
1792 1580 3275 1598 ......................
3368 1546 3455 1593 342

763 1678 884 1727 833.
922 1674 1081 1735 1265.
1114 1673 1168 1728 8.
1206 1674 1437 1741 nuntiati.
1491 1672 1717 1741 Spalatl.
1774 1675 2079 1730 Gervasius
2129 1675 2388 1730 Grubesa
2437 1676 2622 1743 pretio
2672 1674 2864 1745 viginti
2902 1674 3163 1742 quinque
3198 1672 3305 1723 lib-

973 1776 1160 1813 rarum
1217 1761 1568 1828 paratineam
1624 1777 1784 1815 suam
1839 1778 1969 1816 cum
2023 1762 2203 1815 tribus
2263 1762 2553 1831 particulis
2606 1768 2789 1814 terrae
2824 1760 3083 1814 Thomae
3120 1757 3302 1812 archi-

973 1848 1200 1901 diaconi
1238 1846 1589 1915 Spalatensis
1626 1855 1942 1902 commutat
2004 1885 3279 1904 ...................
3370 1850 3457 1899 343

761 1978 883 2033 834.
921 1980 1080 2035 1265.
1120 1978 1200 2033 10.
1238 1979 1472 2046 annuisti.
1525 1978 1916 2033 Columbanus
1970 1981 2279 2048 episcopus
2337 1980 2736 2051 Traguriensis
2794 1979 2993 2032 fratres
3048 1978 3303 2031 Minores

972 2064 1230 2136 Tragurii
1268 2065 1515 2119 collocat
1586 2104 3275 2122 .........................
3366 2068 3453 2117 344

761 2193 883 2249 835.
920 2196 1079 2251 1265.
1113 2196 1206 2251 26.
1243 2197 1472 2264 annunti.
1508 2197 1752 2252 ladorao.
1807 2199 2065 2251 Andreas
2101 2199 2337 2267 eiusque
2383 2198 2582 2251 fratres
2630 2197 2726 2250 filii
2776 2195 2974 2250 Creste
3012 2196 3085 2249 de
3124 2194 3301 2248 Coto-

973 2298 1160 2353 pagna
1198 2284 1599 2351 patrimonium
1639 2285 1900 2337 dividunt
1929 2321 3275 2339 ....................
3364 2284 3451 2333 345

760 2412 879 2465 836.
919 2412 1078 2471 1265.
1137 2414 1266 2468 anto
1321 2414 1456 2469 diem
1511 2415 1594 2471 13.
1646 2415 1907 2470 octobris.
1960 2416 2095 2470 Bela
2141 2432 2243 2469 rex
2290 2416 2615 2487 Hungariae
2672 2422 2730 2467 et
2778 2414 3045 2469 Croatiae
3092 2410 3303 2463 instru-

973 2507 1226 2552 mentum
1263 2500 1471 2553 emittit
1519 2518 1636 2570 quo
1683 2509 1940 2569 testatur,
1994 2504 2204 2555 banum
2260 2502 2583 2556 Rolandum
2642 2518 2802 2555 suam
2860 2499 3295 2569 possessionem

973 2586 1116 2639 Novi
1156 2587 1330 2640 Dvori
1367 2594 1626 2641 vocatam
1664 2605 1792 2642 cum
1831 2590 2294 2657 possessionibus
2343 2589 2571 2643 comitis
2619 2590 2855 2657 eiusque
2893 2586 2990 2639 filii
3032 2586 3296 2656 Gregorii

971 2690 1118 2741 quae
1154 2675 1211 2726 in
1247 2674 1546 2728 Sirnonica
1582 2682 1639 2727 et
1676 2676 1951 2743 Stopnica
1987 2678 2129 2730 sitae
2165 2684 2312 2743 sunt,
2359 2677 2801 2730 commutavisse
2832 2712 3271 2729 .......
3362 2675 3443 2723 347

759 2804 882 2859 837.
920 2806 1078 2861 1265.
1115 2806 1242 2860 anto
1279 2808 1414 2862 diem
1455 2807 1536 2862 13.
1572 2807 1828 2862 octobris.
1864 2808 1998 2861 Bela
2037 2825 2137 2862 rex
2172 2810 2495 2879 Hungariae
2532 2814 2590 2860 et
2628 2806 2890 2861 Croatiae
2929 2811 3164 2873 petente
3202 2818 3295 2856 co-

971 2893 1109 2946 mite
1145 2893 1272 2946 Ruh
1307 2902 1485 2948 terras
1521 2896 1644 2949 eius
1680 2894 1739 2948 in
1776 2905 1966 2950 castro
2004 2896 2171 2951 Garic
2208 2897 2345 2950 sitas
2380 2895 2590 2950 limitat
2621 2932 3270 2951 ..........
3360 2892 3444 2942 348

759 3019 882 3076 838.
920 3024 1079 3080 1265.
1122 3025 1249 3082 anto
1295 3025 1432 3080 1110111
1473 3025 1556 3081 13.
1591 3026 1850 3083 octobris,
1887 3026 2021 3080 Bela
2056 3043 2159 3079 rex
2198 3025 2518 3096 Hungariae
2543 3033 2601 3078 et
2628 3025 2892 3080 Croatiae
2930 3023 3128 3078 comiti
3170 3020 3297 3074 Ruh

969 3109 1185 3164 litteras
1221 3110 1597 3181 privilegiales
1634 3113 1865 3180 capituli
1904 3099 2229 3166 Cazmensis
2264 3113 2561 3166 confirmat
2626 3147 3271 3166 ..........
3360 3108 3445 3159 351

760 3221 880 3275 839.
921 3224 1078 3280 1265.
1114 3223 1199 3280 13.
1233 3224 1492 3280 octobris,
1530 3226 1582 3280 111
1620 3222 1896 3294 νίὂοσηῠ.
1934 3225 2069 3280 Bela
2105 3243 2207 3280 rex
2242 3227 2566 3298 Hungariae
2602 3233 2658 3278 et
2697 3224 2961 3279 Croatiae
2999 3237 3185 3291 papae
3223 3221 3293 3272 de

968 3311 1140 3364 rebus
1175 3311 1543 3379 episcopatus
1580 3312 1973 3382 Zagrabiensis
2011 3313 2209 3366 scribit
2306 3347 3303 3368 ...............
3359 3307 3443 3357 352

759 3419 880 3474 840.
919 3422 1074 3478 1265.
1115 3423 1198 3478 15.
1233 3423 1492 3480 octobrio.
1531 3425 1794 3492 Ranusao.
1830 3426 2028 3495 Legati
2067 3425 2166 3494 qui
2202 3427 2347 3479 inter
2370 3426 2667 3494 Spalatum
2694 3432 2750 3478 et
2775 3424 3063 3493 Ragusam
3092 3436 3291 3490 pacem

967 3509 1336 3562 reconcilient
1372 3512 1671 3565 mittuntur
1713 3547 3124 3568 .....................
3254 3547 3267 3558 .
3357 3507 3440 3556 353

757 3619 879 3672 841.
917 3621 1075 3677 1265.
1110 3621 1203 3677 20.
1243 3607 1559 3680 novembris.
1614 3623 1837 3681 Pofflsli.
1890 3625 2155 3680 Clemens
2204 3627 2294 3680 IV.
2345 3627 2704 3680 monasteriis
2754 3624 2839 3678 St.
2882 3623 3087 3678 Clarae
3127 3621 3295 3689 privi-

967 3707 1114 3778 legia
1149 3712 1774 3778 excommunicationiS,
1813 3713 2206 3780 suspensionis
2242 3720 2301 3766 et
2336 3714 2619 3766 interdicti
2656 3712 2927 3766 concedit
2974 3747 3269 3764 .....
3358 3705 3440 3756 354

755 3817 876 3872 842.
914 3820 1062 3877 1265.
1109 3823 1207 3878 25.
1243 3823 1562 3880 novembrio.
1599 3825 1917 3893 2391311136.
1973 3826 2267 3880 Rolandus
2321 3827 2503 3880 banus
2552 3825 2942 3879 venditionem
2992 3822 3291 3876 cuiusdam

965 3915 1146 3960 terrae
1181 3924 1374 3963 coram
1399 3909 1659 3964 Tiburtio
1697 3911 1911 3965 comite
1947 3913 2305 3982 Zagrabiensi
2343 3929 2444 3981 per
2471 3913 2776 3977 Vukotam,
2801 3909 3197 3963 Vukoslavum
3238 3913 3295 3958 et

965 3992 1165 4047 Obrad
1200 3995 1394 4049 comiti
1435 3995 1746 4052 Miroslavo
1784 4004 1848 4062 (3.
1891 4003 2060 4062 1260.)
2098 4015 2163 4053 ac
2203 4001 2643 4070 resignatIOnem
2683 4013 2879 4052 coram
2904 3995 3160 4050 Martino
3199 4009 3290 4047 co-

965 4079 1102 4132 mite
1137 4082 1495 4150 Zagrabiensi
1533 4100 1635 4151 per
1674 4086 1959 4141 Vukotam
2000 4103 2169 4153 super
2208 4095 2355 4140 terra
2403 4087 2561 4139 iuxta
2611 4085 2826 4139 Hrasce
2862 4085 3051 4138 eidem
3090 4080 3287 4135 comiti

962 4167 1237 4220 Miroslav
1271 4168 1342 4237 (a.
1381 4173 1531 4223 1265.
1571 4187 1688 4240 apr.
1729 4175 1834 4234 25.)
1871 4172 2064 4240 factas,
2101 4172 2403 4227 transumit
2478 4207 3265 4226 ............
3354 4163 3438 4216 356

751 4275 872 4331 843.
911 4279 1072 4336 1265.
1104 4279 1353 4337 iaderae.
1415 4283 1611 4336 Dobre
1659 4285 1796 4338 civis
1845 4285 2197 4352 Spalatensis
2232 4287 2513 4341 Damiano
2553 4285 2803 4354 plebano
2840 4285 2922 4338 St.
2962 4283 3113 4337 Petri
3155 4297 3289 4335 con·

961 4365 1144 4420 firmat
1181 4384 1244 4419 se
1280 4371 1351 4422 ab
1389 4369 1488 4423 illo
1524 4379 1752 4424 centum
1791 4373 1991 4443 viginti
2028 4371 2200 4427 libras
2238 4373 2526 4443 accepisse
2572 4409 3261 4430 ...........
3350 4365 3435 4416 357

749 4473 871 4528 844.
911 4478 1069 4535 1265.
1130 4479 1453 4548 Capitulum
1513 4484 1789 4538 ecclesiae
1851 4472 2175 4540 Cazmensis
2226 4495 2405 4540 terras
2455 4489 2513 4540 in
2562 4493 2751 4541 castro
2802 4484 2974 4540 Garic
3026 4484 3283 4537 venditas
3351 4563 3435 4616 358

963 4562 1166 4618 limitat
1229 4608 1727 4625 ........
1759 4621 1770 4630 .
1784 4609 3265 4630 ......................

749 4671 870 4727 845.
909 4676 1066 4732 1265.
1105 4660 1345 4733 human.
1383 4679 1590 4735 Coram
1626 4684 1879 4750 capitulo
1916 4686 2191 4740 ecclesiae
2228 4673 2555 4740 Cazmensis
2610 4686 2849 4755 Gjurko‚
2908 4684 3185 4739 Nicolans
3232 4689 3285 4734 et

962 4762 1055 4814 alii
1092 4764 1166 4815 de
1201 4781 1408 4834 genere
1445 4753 1641 4821 Canov
1675 4785 1836 4824 suam
1872 4778 2081 4826 terram
2130 4787 2277 4840 quae
2324 4773 2538 4826 Vratna
2576 4773 2781 4826 dicitur
2818 4769 3032 4824 Krisko
3074 4777 3133 4824 et
3171 4769 3285 4824 Ste-

963 4847 1153 4914 phano
1189 4849 1315 4903 filiis
1347 4852 1618 4920 Johannis
1655 4856 1852 4926 viginti
1892 4859 2097 4921 marcis
2134 4859 2388 4924 vendunt
2478 4896 3263 4915 ............
3348 4853 3431 4904 360

751 4955 872 5011 846.
909 4959 1066 5017 1265.
1103 4943 1344 5019 balmae.
1394 4965 1718 5035 Capitulum
1755 4971 2031 5028 ecclesiae
2068 4957 2391 5026 Cazmensis
2427 4974 2796 5026 donationem
2838 4972 3011 5026 Belae
3049 4973 3202 5044 regis
3236 4987 3281 5024 3.

967 5050 1116 5100 1261.
1155 5050 1350 5104 Kureo
1382 5053 1488 5104 civi
1526 5053 1949 5109 Varasdiniensi
1986 5058 2191 5112 factam
2229 5060 2528 5112 transumit
2612 5097 3258 5116 ..........
3344 5055 3425 5106 361
