3797 5795
1576 369 1956 432 ——467-

431 546 761 622 meridiem
810 571 874 620 et
918 563 1091 621 venit
1136 560 1221 620 ad
1266 559 1491 620 siluam
1554 579 1678 639 que
1742 560 1968 620 dicitur
2031 559 2188 633 Bok‚
2254 560 2404 621 inde
2465 561 2751 621 similiter
2811 562 2894 622 ad
2955 566 3142 622 meri-

432 673 605 734 diem
668 673 885 734 eundo
946 673 1119 734 vadit
1164 685 1227 734 et
1274 675 1445 734 venit
1493 673 1577 733 ad
1626 673 1958 751 quoddam
2023 673 2294 751 Kalyzta
2343 692 2535 752 quem
2584 675 2804 735 transit
2851 686 2916 736 et
2961 675 3134 736 vadit

430 805 685 866 semper
748 806 959 848 versus
1021 786 1351 846 meridiem
1412 797 1477 846 et
1536 788 1827 865 peruenit
1888 786 1972 846 ad
2037 803 2272 864 aquam
2323 783 2590 858 Cernek,
2651 788 2756 847 vbi
2826 791 2998 848 venit
3066 789 3151 849 ad

433 901 741 960 arborem
786 887 892 960 twl
940 898 1100 978 vyrk
1151 909 1603 978 nuncupatam,
1667 899 1815 960 inde
1861 901 2052 959 currit
2113 917 2332 960 versus
2400 900 2804 961 occidentem
2853 901 2934 961 ad
2983 902 3152 962 clau-

440 1031 664 1074 suram
711 1015 904 1092 ipsius
948 1032 1113 1093 aque
1158 1013 1263 1072 vbi
1308 1015 1513 1091 pisces
1574 1015 1927 1091 capiuntur,
1989 1011 2139 1072 inde
2199 1031 2316 1090 per
2359 1012 2634 1073 eandem
2695 1032 2932 1091 aquam
2979 1016 3148 1074 simi-

430 1127 571 1188 liter
601 1127 685 1187 ad
716 1126 1119 1187 occidentem
1168 1125 1384 1187 eundo
1432 1128 1603 1186 venit
1652 1126 1755 1184 vbi
1806 1125 2036 1186 fluuius
2093 1125 2303 1202 Luqui
2351 1125 2558 1186 dictus
2603 1126 2772 1186 cadit
2807 1128 2870 1185 in
2910 1145 3148 1206 aquam

428 1237 781 1314 Chernoeh,
826 1239 975 1300 inde
1020 1239 1191 1299 vadit
1222 1257 1337 1318 per
1380 1241 1587 1318 ipsum
1624 1235 1885 1320 Luky(!)
1925 1237 2190 1299 fluuium
2223 1257 2444 1299 versus
2475 1239 2842 1318 aquilonem
2875 1251 2938 1300 et
2972 1243 3146 1301 venit

428 1353 515 1412 ad
562 1352 792 1425 locum,
836 1353 940 1412 vbi
989 1351 1215 1412 fluuius
1288 1351 1658 1429 Wrboycha
1713 1351 1921 1411 dictus
1986 1353 2260 1432 iungitur
2309 1351 2641 1412 antedicto
2695 1351 2886 1430 Luky
2931 1351 3147 1426 fluui0,

430 1466 581 1526 inde
623 1484 737 1544 per
782 1464 1059 1526 eundem
1132 1463 1505 1542 Wrboycha
1567 1463 1832 1526 fluuium
1894 1463 2172 1524 declinat
2219 1475 2282 1524 et
2327 1466 2499 1524 venit
2552 1465 2636 1525 ad
2688 1483 2990 1544 campum
3038 1467 3143 1546 qui

432 1579 659 1639 dicitur
700 1579 1009 1640 Treztena
1042 1577 1190 1656 pole
1220 1587 1283 1638 et
1316 1577 1597 1637 eundem
1630 1595 1934 1656 campum
1968 1577 2359 1638 transeundo
2409 1577 2586 1637 uadit
2635 1597 2890 1657 semper
2933 1597 3149 1639 versus

427 1691 817 1771 aquilonem,
876 1690 1086 1751 donec
1146 1691 1315 1750 venit
1360 1690 1443 1750 ad
1493 1689 1809 1750 Dubeuch
1840 1689 2094 1768 pataka,
2143 1690 2295 1750 inde
2341 1709 2454 1768 per
2517 1690 2801 1751 eundem
2866 1690 3146 1752 Duboch

425 1803 635 1884 >potok
678 1804 951 1864 declinat
999 1803 1206 1864 adhuc
1252 1821 1465 1863 versus
1509 1803 1896 1882 aquilonem,
1943 1803 2154 1862 donec
2201 1805 2372 1863 venit
2417 1803 2500 1863 ad
2539 1803 2766 1889 'locum
2814 1804 2918 1864 vbi
2970 1804 3142 1865 cadit

432 1915 840 1997 Zcopchenik
872 1915 1077 1996 potok
1123 1917 1185 1976 in
1231 1916 1509 1977 eundem
1562 1915 1839 1976 Duboch
1888 1915 2172 1990 fluuium,
2236 1916 2384 1976 inde
2429 1935 2542 1995 per
2594 1919 2802 1995 ipsum
2867 1916 3144 1978 Duboch

434 2031 695 2092 fluuium
742 2049 957 2091 versus
1016 2028 1383 2109 aquilonem
1438 2029 1652 2089 eundo
1702 2029 1894 2101 uadit,
1957 2029 2169 2089 donec
2219 2031 2388 2089 venit
2436 2030 2520 2090 ad
2567 2033 2854 2108 superius
2902 2030 3146 2091 dictam

432 2145 731 2205 arborem
762 2146 895 2223 piri,
938 2142 1230 2203 videlicet
1275 2143 1358 2202 ad
1403 2143 1679 2221 priorem
1728 2154 1968 2202 metam
2017 2155 2080 2202 et
2129 2143 2212 2201 ibi
2269 2145 2655 2203 terminatur.
2705 2143 2774 2202 In
2821 2145 2997 2204 cuius
3047 2145 3144 2204 rei

434 2260 811 2318 memoriam
878 2255 1373 2335 firmitatemque
1432 2267 1807 2333 perpetuam
1870 2255 1956 2314 ad
2002 2255 2392 2316 instanciam
2439 2265 2502 2315 et
2548 2258 2936 2334 peticionem
3003 2275 3148 2335 pre-

429 2370 604 2430 dicte
650 2370 911 2430 domine
970 2369 1185 2430 relicte
1252 2369 1415 2429 Posa
1460 2377 1524 2427 et
1570 2367 1843 2428 filiorum
1906 2387 2170 2428 suorum
2218 2371 2282 2428 in
2330 2367 2513 2429 huius
2558 2371 2646 2429 rei
2696 2372 3142 2430 testimonium

432 2493 761 2562 presentes
804 2483 1041 2543 litteras
1101 2493 1349 2542 nostras
1416 2480 1627 2541 eidem
1699 2477 2014 2561 Gregorio
2082 2480 2388 2559 Kenezyo
2453 2484 2886 2543 concessimus
2954 2483 3139 2564 sigilli

438 2599 633 2656 nostri
688 2597 1039 2656 munimine
1098 2595 1445 2655 roboratas
1508 2593 1750 2654 Datum
1819 2595 1884 2653 in
1952 2594 2156 2674 vigilia
2219 2594 2358 2655 festi
2424 2595 2897 2669 PenthecosteS‚
2971 2615 3146 2656 anno

431 2709 677 2769 domini
728 2709 858 2770 M0.
909 2705 1081 2771 CC0.
1128 2709 1531 2788 sexagesimo
1579 2720 1831 2766 octau0.

612 2904 677 2961 [Ζ
716 2903 1014 2979 ρνᾔερἰα
1060 2902 1221 2975 istog
1260 2900 1507 2976 kaptola
1553 2901 1639 2956 od
1669 2920 1736 2973 g.
1773 2904 1937 2954 1317.
1989 2903 2083 2958 20.
2121 2900 2481 2976 septemb1a‚
2530 2901 2686 2959 kako
2724 2923 2813 2975 ga
2850 2904 3138 2978 potvrdio

435 3008 611 3083 kralj
664 3007 860 3065 Karlo
900 3028 960 3080 g.
1007 3009 1171 3063 1317.
1226 3008 1322 3062 22.
1384 3004 1723 3071 dec-embra,
1773 3024 1813 3059 a
1855 3006 2146 3079 prepisao
2193 3004 2486 3061 bosanskz'
2526 3006 2739 3082 kaptol
2768 3009 2910 3080 god.
2957 3009 3134 3065 1400.

437 3116 525 3168 12.
558 3112 897 3189 februara.
948 3108 1231 3168 Izvornik
1264 3108 1637 3185 poslijedaje
1692 3128 1779 3163 na
1818 3109 2194 3183 pergameni
2225 3130 2264 3165 u
2295 3108 2388 3164 kr.
2441 3109 2766 3183 ugarskom
2814 3112 3142 3167 driavnom

434 3216 659 3274 arkivu
706 3236 744 3274 u
790 3216 1179 3290 Budimpeffti
1242 3214 1332 3270 M.
1406 3212 1473 3270 O.
1529 3212 1609 3268 D.
1676 3212 1745 3269 L.
1814 3215 1914 3267 33.
1930 3215 2052 3265 721.
2133 3214 2320 3269 Stara
2382 3214 2715 3285 stjrfnatura
2778 3215 2858 3272 JV.
2927 3216 2999 3271 R.
3067 3216 3137 3271 A.

418 3324 595 3399 fasc.
646 3323 817 3380 1502.
866 3340 961 3377 κο.
1015 3322 1104 3378 16.

623 3426 865 3483 PVenzel
913 3424 1052 3482 cod.
1105 3423 1251 3498 dipl.
1299 3420 1443 3496 Arp.
1489 3429 1641 3479 cont.
1690 3422 1801 3480 Xl.
1857 3425 2120 3479 577—8.
2169 3457 2254 3464 —
2305 3422 2678 3498 Kukuljevic‘
2716 3444 2810 3481 no.
2868 3426 3002 3482 952.

1689 3732 1881 3813 933.

432 3880 634 3958 1268,
682 3878 740 3943 5.
780 3879 987 3960 juna.
1034 3877 1093 3942 u
1138 3874 1434 3942 viterbi.

435 4069 761 4131 Klement
801 4067 931 4129 IV.
976 4074 1154 4151 papa
1209 4064 1606 4149 zabranjuje
1667 4064 1947 4149 gradt'tt'
2001 4071 2348 4128 samostan
2405 4064 2822 4149 prosjac‘ecfz'lc
2891 4066 3136 4128 redova

1386 4201 1431 4241 u
1480 4178 1715 4241 malim
1764 4199 2186 4241 raamaczma.

606 4371 905 4437 Clemens
950 4374 1287 4451 episcopus
1332 4389 1549 4432 seruus
1612 4390 1986 4431 seruuorum
2035 4370 2138 4431 dei
2186 4370 2432 4431 dilectis
2477 4370 2617 4431 filiis
2667 4418 2677 4429 .
2727 4418 2737 4428 .
2787 4418 2800 4430 .
2855 4370 3132 4451 generali

423 4500 493 4547 et
538 4486 673 4547 aliis
736 4488 1033 4546 ministris
1076 4504 1153 4545 ac
1198 4484 1490 4544 fratribus
1550 4483 1787 4543 ordinis
1856 4482 2179 4560 Minorum
2248 4483 2520 4545 salutem
2587 4493 2650 4543 et
2716 4482 3138 4560 apostolicam

432 4599 966 4661 benedictionem.
1032 4596 1199 4676 Quia
1243 4597 1620 4676 plerumque
1668 4598 1729 4655 in
1778 4596 2132 4656 futurorum
2202 4596 2536 4656 euentibus
2584 4598 2672 4655 sic
2719 4595 2979 4656 humani
3027 4595 3138 4655 fal-

428 4714 573 4773 litur
616 4710 997 4773 incertitudo
1043 4709 1269 4781 iudicii,
1314 4720 1401 4783 ut,
1431 4708 1609 4789 quod
1640 4708 1809 4783 utile,
1855 4710 2218 4768 coniectura
2269 4708 2634 4781 uerisimilis,
2683 4709 2880 4767 immo
2929 4710 3128 4768 eciam

437 4836 681 4887 attenta
713 4824 1033 4885 interdum
1062 4821 1498 4883 consideracio
1543 4821 1876 4900 pollicetur
1909 4839 2040 4880 non
2072 4820 2278 4881 solum
2314 4822 2548 4895 inutile,
2580 4830 2674 4881 set
2705 4821 3138 4900 dampnosum

430 4940 687 5018 reperiri
734 4940 1064 5018 contingat
1109 4954 1570 5016 nonumquam,
1617 4934 1792 5013 quod
1839 4934 2132 4994 consulte
2179 4936 2486 5007 statuitur,
2517 4933 2936 5013 postmodum
2987 4952 3139 4993 con-

432 5052 655 5116 sultius
701 5055 1065 5112 inmutatus.
1143 5048 1291 5109 Hoc
1338 5050 1576 5128 quippe
1625 5048 1967 5107 necessitas
2027 5047 2338 5124 presentis
2383 5047 2762 5124 prouisionis
2808 5046 3138 5107 euidenter

3017 5195 3050 5229 *
