3797 5795
1574 405 1984 467 —367—

424 596 605 668 libus,
650 597 1097 656 excellentiam
1144 606 1321 656 tuam
1365 614 1480 673 per
1525 597 1959 674 aspersionem
2023 598 2344 677 sanguinis
2405 599 2492 656 tui
2561 607 2622 656 et
2687 599 2974 656 omnium
3038 616 3132 657 re-

423 709 779 788 demptoris
826 709 1254 788 multiplicatis
1299 709 1593 788 precibus
1639 707 2069 781 obsecratum,
2115 709 2177 768 in
2225 710 2664 769 remissionem
2731 709 2844 770 tibi
2905 727 3131 788 pecca-

428 823 673 882 minum
724 823 1145 903 iniungenteS,
1193 833 1508 900 quatenus
1555 833 1663 882 tua
1710 840 1882 882 nunc
1929 821 2155 882 saltem
2203 821 2560 902 indignatio
2610 824 3024 901 conquiescat
3071 832 3134 882 et

416 935 699 995 eundem
749 937 1123 1015 episcopum
1196 936 1545 996 admittens
1612 935 1695 996 ad
1768 937 2040 1016 gratiam
2109 953 2316 995 rerum
2389 935 2869 1014 episcopalium,
2936 945 3130 1015 atque

420 1051 645 1108 iurium
693 1050 1163 1128 possessionem
1212 1049 1423 1110 eidem
1470 1049 1732 1109 liberam
1781 1065 1930 1108 cum
1977 1047 2285 1108 fructibus
2331 1048 2525 1108 facias
2587 1050 2906 1129 assignari,
2951 1058 3019 1108 ut
3065 1060 3129 1108 et

417 1162 635 1221 anime
681 1174 789 1221 tue
836 1163 1131 1223 consulas
1177 1174 1240 1223 et
1286 1162 1624 1241 provideas
1670 1174 1734 1222 et
1778 1161 2002 1222 sedem
2050 1161 2489 1241 apostolicam,
2555 1179 2748 1237 quam
2812 1163 2874 1221 in
2921 1162 3128 1221 omni-

420 1274 542 1334 bus
588 1274 859 1335 habuisti
906 1278 1277 1354 propiciam,
1326 1294 1456 1336 non
1504 1275 1815 1336 ossendaS.
1880 1275 2054 1337 Scire
2115 1274 2379 1352 quidem
2444 1285 2506 1334 te
2575 1274 2888 1347 volumuS,
2949 1272 3128 1353 quod

418 1387 583 1447 illius
628 1388 989 1448 inherentes
1036 1390 1339 1470 vestigiiS,
1384 1400 1697 1468 quantum
1760 1391 1995 1449 scimus
2060 1398 2123 1448 et
2183 1405 2540 1466 possumus
2602 1389 2706 1464 qui
2774 1385 3129 1446 defendens

416 1499 687 1560 christos
740 1519 907 1575 suos,
955 1521 1083 1561 non
1132 1502 1379 1577 reliquit
1426 1503 1515 1562 eis
1561 1520 1793 1561 nocere
1841 1501 2190 1573 hominem,
2228 1503 2430 1560 immo
2463 1519 2644 1581 reges
2675 1500 2978 1578 corripuit
3008 1517 3127 1577 pro

418 1612 696 1686 eisdem;
758 1617 1053 1674 omittere
1116 1633 1246 1674 non
1294 1617 1662 1694 poterimuS,
1708 1616 1861 1694 quin
1911 1633 2168 1674 causam
2215 1614 2529 1692 pauperis,
2577 1615 2682 1690 qui
2729 1612 2982 1672 relictus
3027 1622 3120 1671 est

419 1725 707 1798 domin0,
752 1745 1233 1805 prosequamur,
1266 1747 1383 1788 nec
1430 1739 1493 1788 te
1539 1727 1752 1787 turbet
1797 1727 2158 1805 aliquorum
2206 1728 2528 1807 suggestio
2578 1725 2968 1798 clericorum,
3000 1726 3126 1805 qui,

415 1849 609 1917 prout
654 1839 897 1913 dicitur,
944 1843 1387 1919 episcopatum
1448 1843 1661 1920 potius
1722 1859 1917 1920 quam
1981 1843 2352 1919 episcopum
2418 1841 2824 1919 insequentes
2885 1838 2968 1898 ad
3031 1839 3117 1897 vi-

414 1953 623 2012 ventis
668 1956 1137 2013 successionem
1184 1955 1481 2032 aspirant,
1528 1973 1725 2032 quam
1770 1953 2062 2033 profecto
2111 1954 2297 2013 nobis
2364 1952 2722 2013 viventibus
2788 1971 2902 2030 per
2960 1951 3125 2011 hanc

418 2067 607 2138 viam,
654 2067 751 2126 vel
800 2068 1004 2126 verius
1050 2065 1289 2128 invium
1338 2085 1470 2127 non
1517 2065 1865 2127 habebunt.
1912 2067 2154 2128 Datum
2203 2067 2437 2127 Perusii
2472 2065 2610 2126 XII.
2643 2063 2765 2124 kal.
2813 2064 3125 2137 februarii,

414 2178 827 2256 pontificatus
873 2183 1069 2240 nostri
1118 2199 1291 2240 anno
1339 2180 1381 2240 I.

601 2371 862 2428 The-incr
906 2373 1075 2431 illan.
1140 2374 1351 2446 Hung.
1400 2373 1451 2430 l.
1502 2392 1598 2430 n0.
1652 2375 1776 2427 515.
1823 2380 1932 2428 str.
1987 2374 2346 2430 281.—282.
2397 2371 2462 2429 [ε
2510 2391 2635 2444 reg.
2685 2371 2841 2443 orig.
2905 2389 3006 2426 an.
3073 2369 3121 2426 l.

408 2479 527 2547 fot.
578 2479 675 2532 24.
726 2509 811 2518 —
856 2477 1145 2534 illartene
1200 2477 1256 2533 Τ
1246 2477 1491 2534 hesaur.
1544 2477 1817 2534 anecdot.
1869 2476 1954 2534 Il.
2003 2497 2096 2534 κο.
2135 2478 2272 2532 223.
2309 2508 2395 2517 —
2429 2475 2712 2532 Potthast
2751 2476 2902 2549 Reg.
2950 2481 3118 2550 pont.

417 2601 513 2636 no,
566 2583 797 2636 19.525.
848 2615 927 2623 —-
978 2581 1353 2656 Kukub'evic'
1394 2582 1543 2655 Reg.
1590 2601 1684 2637 no.
1743 2585 1885 2639 904.

1677 2871 1864 2951 850.

412 3031 614 3109 1266,
664 3032 726 3095 3.
772 3030 1139 3096 februm-a.
1191 3030 1249 3094 U
1296 3028 1602 3112 Spljetu.

416 3218 718 3281 sz'nca
780 3228 944 3283 aena
1006 3221 1203 3283 ⁴Mzhe
1268 3220 1495 3283 Proda
1542 3220 1701 3303 daje
1759 3218 1984 3302 svojoj
2027 3218 2276 3281 matari
2316 3217 2495 3281 Prvz'
2549 3218 2792 3301 zemlj-u·
2852 3240 2898 3280 u
2951 3217 3116 3279 Gra-

1634 3329 1910 3394 dim'ku.

591 3524 658 3584 In
709 3528 970 3586 nomine
1032 3527 1277 3586 domini
1333 3524 1481 3604 Jesu
1544 3523 1771 3587 Christi
1836 3544 2044 3585 amen.
2107 3523 2306 3585 Anno
2353 3545 2388 3584 a
2437 3526 2768 3584 natiuitate
2829 3521 3114 3583 eiusdem

417 3636 754 3697 millesimo
801 3638 1244 3699 ducentesimo
1291 3642 1693 3719 sexagesimo
1756 3650 1962 3710 sext0,
2011 3638 2330 3699 indicione
2397 3656 2584 3707 nona,
2647 3636 2750 3697 die
2798 3637 2978 3697 tertia
3027 3637 3116 3694 in-

415 3762 621 3811 trante
670 3752 981 3825 februarii,
1026 3762 1333 3831 regnante
1394 3751 1661 3812 domino
1710 3762 1930 3812 nostro
1979 3751 2128 3811 Bela
2175 3752 2576 3811 serenissimo
2625 3768 2773 3831 rege
2822 3749 3118 3830 Ungarie,

414 3865 811 3943 temporibus
857 3864 1099 3924 domini
1152 3866 1399 3945 Rogei·ii
1450 3864 1822 3924 venerabilis
1886 3864 2278 3941 §palmensis
2346 3864 2820 3942 archiepiscopi,
2867 3861 3113 3922 domini

418 3976 691 4037 Rolandi
726 3977 977 4037 illustris
1012 3973 1261 4060 [tocius]
1297 3976 1635 4038 Sclauonie
1670 3978 1813 4036 bani
1850 3988 1911 4036 et
1946 3979 2196 4036 comitis
2229 3976 2643 4055 SpalatefiSiS,
2665 3974 2876 4036 Miche
2903 3974 3118 4047 Madii,

416 4090 619 4151 Dobri
664 4089 937 4165 Duscice
977 4101 1041 4150 et
1090 4090 1407 4151 Kamurcii
1447 4090 1609 4150 Petri
1658 4090 1957 4149 iudicum.
2043 4089 2356 4150 Dimincia
2403 4089 2528 4149 filia
2575 4088 2905 4168 quondam
2953 4088 3114 4148 Boni

409 4203 683 4263 scutiferi
733 4204 951 4263 dicens
998 4214 1059 4262 et
1107 4202 1420 4263 confitens
1474 4222 1691 4263 coram
1742 4221 1846 4262 me
1896 4204 2144 4262 notario
2209 4214 2272 4262 et
2334 4204 2528 4262 ctiam
2593 4202 2863 4262 testibus
2927 4200 3114 4260 infra-

412 4318 658 4395 scriptis
704 4316 787 4375 ad
834 4316 952 4377 hec
997 4315 1349 4394 specialiter
1395 4317 1780 4385 conuocatiS,
1831 4334 1900 4375 se
1946 4315 2116 4388 dare,
2147 4318 2343 4377 teneri
2393 4327 2587 4394 atque
2634 4315 2870 4374 debere
2931 4314 3115 4373 matri

410 4449 526 4490 sue
571 4430 773 4489 Perue
817 4429 1006 4489 libras
1052 4429 1279 4489 decem
1326 4428 1733 4489 denariorum
1782 4448 2148 4507 paruorum,
2197 4431 2502 4507 quoniam
2536 4430 2668 4507 ipsa
2716 4428 2917 4488 Perua
2965 4445 3115 4485 con—

410 4556 693 4603 senserat
739 4542 1049 4615 diuisioni,
1094 4562 1289 4621 quam
1337 4544 1471 4620 ipsa
1518 4541 1834 4602 Dimincia
1882 4542 1966 4602 de
2013 4542 2198 4602 bonis
2243 4544 2436 4621 ipsius
2484 4542 2682 4602 Perue
2737 4560 2847 4601 sue
2895 4541 3114 4601 matris

408 4668 477 4716 et
524 4656 685 4715 Boni
730 4656 1003 4717 scutiferi
1052 4655 1381 4734 quondam
1429 4658 1523 4715 sui
1569 4658 1763 4734 patris
1812 4656 2045 4715 fecerat
2104 4674 2250 4715 cum
2299 4675 2514 4715 sorore
2561 4674 2671 4715 sua
2735 4654 2953 4715 Dabra
2997 4672 3114 4731 pro

409 4769 739 4829 solucione
769 4779 834 4828 et
865 4767 1289 4828 satisdacione
1321 4770 1599 4845 ipsarum
1633 4767 1860 4827 decem
1896 4767 2194 4827 librarum
2233 4778 2426 4846 atque
2457 4788 2574 4846 pro
2608 4776 3115 4829 sustentamento

414 4884 552 4942 uice
598 4882 791 4975 ipsius
836 4880 1051 4940 Perue.
1100 4880 1285 4941 Dicta
1320 4879 1637 4941 Dimincia
1683 4880 1766 4941 de
1812 4898 2130 4940 consensu
2171 4892 2235 4940 et
2275 4881 2604 4941 uoluntate
2636 4880 2847 4941 Miche
2879 4878 3114 4941 Proddi

410 4995 507 5052 sui
556 4996 661 5053 viri
725 4995 1036 5072 presentis
1102 5003 1165 5055 et
1226 4996 1692 5053 consencientis
1759 4993 2142 5054 uendicione
2210 4996 2450 5072 precisa
2518 4994 2820 5074 predictis
2887 4992 3111 5053 decem

415 5108 585 5167 libris
630 5106 806 5167 dedit
853 5118 915 5167 et
962 5106 1218 5167 tradidit
1267 5110 1397 5166 iure
1444 5109 1703 5186 proprio
1750 5116 1811 5165 et
1860 5110 1924 5166 in
1973 5120 2350 5185 perpetuum
2387 5109 2509 5167 iam
2544 5108 2711 5167 dicte
2760 5109 2957 5167 Perue
3003 5125 3114 5166 sue
