3797 5795
692 563 1193 626 Globlacamaca
1225 561 1310 644 (l),
1355 563 1592 623 deinde
1637 563 1809 623 vadit
1855 582 2081 642 parurn
2114 563 2198 623 ad
2230 574 2478 641 partem
2526 559 2901 622 orientalem
2936 573 2999 620 et
3033 560 3114 619 ibi
3160 577 3387 638 perue-

692 680 864 738 nient
910 677 994 738 ad
1041 678 1253 738 locum
1318 679 1423 754 qui
1485 677 1652 757 wigo
1720 676 1948 736 dicitur
2016 673 2275 753 Curym,
2342 674 2576 735 deinde
2643 672 2816 734 vadit
2862 671 2946 732 ad
2992 673 3375 732 territorium

694 791 985 862 Volcute,
1031 791 1134 850 vbi
1185 790 1464 851 Volcuta
1526 801 1589 850 et
1635 792 1973 871 generacio
2028 808 2139 849 sua
2187 788 2578 849 demiserunt
2623 787 3085 868 quinquaginta
3130 799 3389 845 vereten

689 903 806 963 illis
852 903 934 964 de
979 922 1203 964 eorum
1248 905 1552 981 porcione
1597 921 1714 981 pro
1775 902 2191 974 concambio;
2254 901 2369 961 sed
2417 903 2565 978 quia
2618 900 2932 960 dimensio
2979 899 3099 972 illa,
3144 898 3383 958 scilicet

689 1018 1149 1096 quinquaginta
1197 1027 1469 1089 vereten,
1513 1016 1630 1075 sub
1677 1014 1820 1075 villa
1867 1014 2143 1094 suppleri
2192 1033 2321 1074 non
2369 1025 2733 1092 potuerunt,
2776 1011 3197 1091 postmodum
3242 1030 3389 1088 sup-

689 1127 1022 1207 pleuerunt
1067 1147 1176 1189 eas
1219 1141 1369 1189 ante
1401 1129 1613 1188 villam
1644 1128 1919 1189 filiorum
1952 1127 2183 1200 Endre‚
2214 1127 2356 1188 filiis
2388 1126 2604 1188 Endre
2650 1126 3053 1198 memoratis;
3098 1137 3384 1204 preterea

689 1241 862 1301 idem
909 1241 1169 1302 Leucha
1213 1242 1551 1320 pristaldus
1598 1253 1830 1302 terram
1893 1260 2115 1302 eorum
2178 1239 2621 1301 hereditariam
2668 1239 2953 1300 similiter
2997 1240 3380 1298 existentem

689 1355 778 1414 cis
821 1353 1086 1415 fluuium
1118 1353 1297 1416 Odra
1330 1355 1544 1414 diuisit
1576 1357 1637 1414 in
1671 1354 1830 1415 duas
1861 1367 2095 1433 parteS,
2126 1372 2394 1434 quarum
2428 1371 2551 1413 vna
2583 1371 2729 1430 pars
2774 1372 2857 1413 ex
2901 1361 3085 1431 parte
3130 1351 3389 1410 orientis

694 1466 972 1528 Volcute
1033 1478 1097 1527 et
1157 1485 1270 1528 sue
1329 1469 1754 1548 generacioni,
1813 1467 1934 1528 alia
1994 1477 2210 1528 autem
2259 1486 2405 1545 pars
2451 1486 2535 1526 ex
2578 1477 2760 1544 parte
2806 1464 3152 1525 occidentis
3196 1464 3386 1523 cessit

693 1579 995 1640 Miruzlao
1039 1592 1102 1640 et
1149 1579 1288 1641 filiis
1334 1580 1550 1640 Endre
1611 1581 1946 1642 antedictis
2008 1591 2071 1640 et
2130 1582 2219 1639 sic
2280 1590 2545 1657 Vtraque
2608 1598 2755 1658 pars
2814 1577 3057 1638 amodo
3118 1579 3180 1636 in
3226 1594 3386 1654 pace

687 1711 877 1771 super
922 1693 1092 1752 facto
1139 1701 1451 1753 metarum
1497 1712 1751 1754 suarum
1799 1692 1993 1752 debet
2039 1711 2431 1770 permanere.
2475 1691 2557 1752 Et
2591 1691 2769 1770 quod
2800 1690 3104 1770 deinceps
3135 1691 3385 1768 questio

687 1808 850 1866 inter
915 1807 1087 1884 ipsos
1157 1825 1285 1865 non
1355 1808 1553 1883 possit
1623 1808 1884 1878 moueri,
1953 1806 2190 1866 litteras
2259 1816 2507 1866 nostras
2569 1807 2816 1883 Vtrique
2876 1806 3035 1883 parti
3084 1803 3385 1863 duximus

685 1918 1149 1981 concedendas.
1213 1917 1454 1979 Datum
1516 1921 1577 1978 in
1642 1916 1860 1987 Crisi0,
1906 1921 1969 1978 in
2017 1918 2181 1979 festo
2232 1918 2406 1979 Luce
2452 1919 2872 1999 ewangeliste,
2918 1935 3091 1977 anno
3137 1915 3382 1975 domini

689 2029 806 2092 ΜΟ.
827 2030 914 2096 C⁰
931 2030 1000 2096 C.
1025 2031 1112 2092 L⁰
1159 2043 1363 2091 sextO.

860 2226 926 2283 Iz
970 2225 1365 2298 ortginalnog
1399 2225 1701 2300 prg‘jepisa
1733 2224 1993 2298 lzercega
2026 2225 2229 2283 Ivana
2262 2225 2542 2282 Korvina
2588 2225 2672 2280 od
2701 2225 2847 2298 god.
2881 2225 3054 2279 1495.
3106 2224 3201 2279 25.
3233 2221 3383 2296 jula

686 2349 769 2386 na
811 2331 1176 2405 pergameni
1219 2349 1259 2385 u
1303 2328 1393 2386 ler.
1441 2349 1620 2403 ugar.
1669 2331 1999 2386 drz'avnom
2056 2329 2281 2386 arkivu
2341 2350 2380 2386 u
2444 2330 2866 2405 Budimpes‘ti:
2910 2329 2998 2385 M.
3061 2327 3129 2385 Ο.
3180 2327 3263 2384 l).
3316 2325 3385 2382 L.

692 2436 931 2491 32.887.
983 2434 1172 2490 stara
1218 2435 1549 2507 seg-natura
1595 2435 1676 2491 JV.
1712 2435 1788 2495 R.
1822 2435 1892 2491 Α.
1922 2437 2099 2510 fasc.
2149 2437 2281 2490 137.
2334 2454 2427 2490 no,
2481 2438 2531 2490 5.

865 2538 1220 2595 Laszowski
1266 2538 1462 2614 Spom.
1519 2539 1574 2596 T
1567 2539 1843 2615 uropolja
1891 2539 1942 2597 I.
1994 2541 2231 2593 11—13.
2284 2573 2367 2579 ——
2412 2538 2789 2614 Kukugjevic‘
2824 2540 2974 2612 Reg.
3026 2537 3112 2594 br.
3156 2541 3293 2592 707.

1949 2997 2135 3076 559.

689 3202 887 3278 1256,
938 3204 1042 3267 10.
1089 3202 1514 3269 novembra.

693 3394 860 3455 Bela
893 3392 1081 3476 kralj
1107 3392 1397 3477 ugarski
1420 3392 1454 3454 ι’
1477 3393 1796 3455 lzrvatskz'
1820 3394 2177 3479 odredjuje
2209 3394 2453 3457 razvod
2482 3393 2703 3473 medja
2730 3392 2959 3475 medju
2984 3391 3381 3477 §omogjkz‘m

827 3513 1156 3588 Zupanom
1204 3504 1238 3567 ι’
1278 3504 1772 3569 Berz‘slavovz'm
1819 3506 2177 3584 sz'novima,
2222 3504 2664 3591 podam'cz'ma
2700 3506 2925 3591 gradu
2975 3504 3248 3568 Gamla.

861 3696 1061 3777 (ss)ela
1095 3698 1195 3758 dei
1237 3702 1446 3780 gracia
1481 3698 1825 3781 Hungarie,
1857 3700 2205 3773 Dalmacie,
2238 3699 2517 3765 Croacie.
2550 3701 2771 3771 Rame,
2817 3698 3053 3772 Seruie,
3100 3698 3381 3771 Gallicie,

687 3810 1091 3884 Lodornerie,
1125 3809 1564 3891 Comanieque
1594 3833 1707 3873 rex
1742 3814 2045 3874 vniuersis
2076 3825 2400 3892 presentes
2432 3814 2642 3874 literas
2690 3814 3061 3891 inspecturis
3107 3812 3378 3872 salutem

684 3926 746 3984 in
795 3944 875 3983 eo
922 3926 1029 4003 qui
1075 3936 1171 3985 est
1217 3926 1384 3986 salus
1431 3929 1736 3987 omniurn.
1800 3926 2011 3989 Officii
2076 3928 2271 3986 nostri
2332 3927 2619 3987 debitum
2686 3945 2804 3986 nos
2849 3934 3181 3986 ammonet
3228 3926 3381 3984 invi-

682 4036 876 4117 gilare
936 4037 1232 4098 remediis
1293 4040 1741 4113 subiectorum,
1802 4042 1951 4119 quia
2013 4039 2167 4100 dum
2232 4058 2453 4101 eorum
2516 4042 2874 4100 excutimus
2921 4039 3177 4109 honera,
3223 4038 3378 4097 dum

683 4149 980 4209 scandala
1029 4169 1450 4223 remouemuS,
1501 4172 1618 4212 nos
1680 4154 1742 4212 in
1805 4155 2083 4231 ipsorum
2141 4154 2353 4232 quiete
2399 4154 2781 4231 quiescimus
2827 4164 2891 4211 et
2937 4154 3110 4229 pacis
3156 4169 3381 4212 eorum

680 4262 1032 4323 commodo
1063 4264 1466 4343 gratulamur.
1505 4265 1776 4326 Proinde
1808 4265 1890 4325 ad
1923 4267 2360 4327 vniuersorum
2386 4267 2685 4326 noticiam
2711 4275 2934 4325 tenore
2972 4264 3377 4342 presencium

682 4375 976 4435 uolumus
1043 4380 1384 4453 pervenire,
1451 4380 1626 4457 quod
1695 4398 1842 4439 cum
1915 4380 2075 4439 inter
2140 4378 2474 4439 Herricum
2535 4380 2839 4439 comitem
2887 4378 3377 4457 Symigiensem,

680 4488 982 4549 dilectum
1046 4500 1109 4549 et
1170 4488 1424 4550 fidelem
1491 4502 1777 4551 nostrum
1841 4505 1904 4551 et
1950 4503 2301 4552 castrenses
2354 4494 2537 4551 castri
2584 4490 3000 4573 Symigiensis
3047 4488 3243 4571 Garig
3289 4510 3373 4549 ex

682 4619 804 4660 una
851 4612 1029 4679 parte
1073 4615 1136 4663 et
1183 4604 1555 4684 iobagiones
1602 4606 1786 4663 castri
1828 4604 2241 4685 Symigiensis
2287 4608 2350 4665 in
2398 4602 2593 4685 Garig
2638 4608 2985 4665 existentes
3031 4624 3113 4665 ex
3160 4602 3377 4675 altera,

680 4714 786 4789 qui
834 4734 871 4773 a
915 4723 1206 4793 tempore
1252 4719 1416 4797 regis
1464 4715 1820 4787 Colomani,
1866 4718 2165 4776 carissimi
2198 4718 2403 4777 fratris
2449 4718 2645 4777 nostri
2678 4718 2873 4779 felicis
2902 4716 3373 4777 recordacionis

676 4836 738 4885 et
784 4837 932 4887 ante
978 4828 1039 4888 in
1089 4827 1282 4909 Garig
1325 4840 1524 4889 terras
1569 4828 2005 4908 possederant,
2065 4848 2254 4907 super
2314 4833 2597 4890 terminis
2642 4840 2949 4890 terrarum
3003 4848 3259 4890 suarum
3312 4832 3373 4889 in

677 4952 958 4999 nostram
1021 4942 1415 5018 presenciam
1478 4944 1728 5021 questio
1789 4952 2155 5016 uerteretur,
2216 4943 2498 5003 volentes
2558 4944 2933 5003 scandalum
2980 4962 3090 5003 seu
3138 4944 3374 5004 discor-

677 5051 846 5112 diam
895 5053 1116 5114 tollere
1161 5055 1243 5113 de
1289 5055 1506 5115 medio
1570 5056 1965 5122 eorumdem,
2028 5074 2107 5115 ne
2169 5057 2232 5114 in
2293 5068 2480 5116 antea
2542 5068 2881 5137 grauentur
2942 5056 3265 5117 laboribus
3312 5066 3373 5117 et
