3797 5795
1548 442 1965 506 -559—

420 630 793 692 Zaladiensis
838 652 875 692 a
920 641 1138 692 tenere
1196 633 1540 693 iuuentutis
1584 652 1695 693 sue
1742 634 1959 695 indole
2025 636 2362 713 primitiua‚
2406 637 2614 714 primo
2661 635 2928 695 domino
2977 638 3109 716 regi

418 742 737 805 karissimo
796 746 958 823 patri
1020 755 1259 819 nostro,
1304 763 1379 805 ac
1424 746 1686 807 demum
1752 747 1939 807 nobis
1984 756 2046 807 et
2091 765 2292 829 regno
2353 757 2573 808 nostro
2619 758 2800 829 grata
2845 760 2908 809 et
2956 766 3109 808 con-

418 858 649 918 tinuata
714 856 1019 918 fidelitate
1086 860 1341 920 seruiuit
1409 857 1723 919 indefesse
1787 870 1851 919 et
1913 858 2234 921 fidelitatis
2299 878 2410 920 sue
2479 860 2830 921 laudabiles
2893 859 3110 921 titulos

423 971 619 1048 operis
660 967 1067 1031 exhibicione
1113 990 1365 1050 semper
1394 972 1562 1031 adeo
1594 972 2012 1051 solempniter
2057 972 2540 1047 demonstrauit,
2565 984 2632 1033 vt
2665 975 2881 1033 omnia
2912 991 3108 1052 opera

428 1084 551 1143 eius
590 1082 669 1143 ad
715 1085 1199 1144 instructionem
1260 1084 1921 1164 reformacionemque
1983 1096 2340 1147 ceterorum
2402 1085 2711 1147 deberent
2756 1084 3112 1164 specialiter

426 1198 717 1257 annotari.
780 1194 950 1274 Quia
995 1206 1211 1257 tamen
1274 1199 1491 1258 omnia
1538 1197 1797 1279 longum
1848 1208 2014 1259 esset
2059 1217 2174 1278 per
2217 1198 2461 1281 singula
2505 1202 2785 1273 recitare,
2830 1197 3109 1278 quedam

425 1308 505 1369 de
545 1310 727 1391 gestis
788 1312 924 1371 eius
984 1322 1047 1371 et
1107 1309 1429 1371 fidelitatis
1496 1312 1788 1385 seruiciis,
1833 1322 1902 1372 ut
1949 1313 2257 1372 memorie
2316 1322 2719 1392 posterorum
2781 1329 3110 1372 commen-

422 1421 657 1497 dentur,
700 1441 1055 1503 eorumque
1116 1424 1422 1503 exemplo
1481 1422 1730 1485 discant
1791 1427 1984 1485 ceteri
2045 1423 2365 1485 fidelitatis
2411 1425 2711 1503 operibus
2757 1424 3111 1485 feruencius

422 1535 708 1611 inherere,
765 1537 1167 1616 presentibus
1226 1537 1528 1598 duximus
1588 1535 1976 1598 annotanda.
2039 1537 2250 1597 Primo
2312 1540 2502 1611 enim,
2566 1556 2712 1598 curn
2781 1539 3110 1615 inopinata

418 1646 818 1709 Tartarorum
882 1648 1226 1719 oelamitaS,
1286 1649 1448 1728 proh
1494 1649 1697 1724 dolor,
1741 1652 2004 1729 pristine
2068 1649 2536 1711 deuastacionis
2583 1669 2714 1711 non
2775 1652 3109 1723 inmemor,

418 1750 700 1839 reliquias
744 1761 967 1840 populi
1014 1764 1213 1822 nostri
1244 1764 1306 1823 in
1340 1780 1451 1823 ore
1482 1761 1671 1843 gladii
1705 1780 2084 1823 consumere
2114 1765 2459 1841 cupienteS,
2505 1781 2772 1843 regnum
2820 1771 3109 1823 nostrum

418 1874 588 1934 adire
630 1874 937 1935 hostiliter
982 1876 1347 1949 voluissent,
1378 1894 1497 1935 nos
1528 1876 1766 1936 molem
1802 1878 1960 1936 tanti
1993 1877 2240 1957 negocii
2287 1876 2564 1937 humeris
2609 1878 2802 1954 ipsius
2845 1874 3112 1953 Ponych

421 1987 565 2047 bani
621 1991 1045 2067 imponentes,
1091 1989 1377 2049 misimus
1438 2008 1588 2049 eum
1634 1991 1697 2050 in
1746 1990 2074 2071 legacione
2133 2000 2351 2050 nostra
2411 1988 2494 2049 ad
2554 2007 2770 2069 regem
2831 2006 2944 2049 seu
2996 1990 3112 2048 im-

416 2110 767 2178 peratorem
843 2101 1278 2175 Tartarorum,
1352 2102 1521 2162 vnde
1588 2102 1762 2162 idem
1828 2102 1976 2163 loco
2049 2102 2407 2163 formidinis
2480 2101 2775 2175 leticiam,
2849 2102 3112 2161 meroris

420 2212 715 2293 gaudium
761 2224 826 2275 et
872 2213 1345 2294 desperacionis
1404 2234 1585 2294 spem
1649 2215 1873 2276 incolis
1933 2218 2106 2296 regni
2155 2216 2352 2276 nostri
2398 2215 2480 2276 de
2525 2234 2639 2275 sua
2685 2216 2816 2274 uita
2859 2232 3112 2273 conser-

422 2326 625 2386 uanda
686 2325 1087 2389 laudabiliter
1146 2331 1509 2407 reportauit.
1570 2328 1655 2389 Et
1701 2346 1849 2388 cum
1911 2328 2294 2403 quibusdam
2356 2330 2540 2389 annis
2585 2330 2648 2387 in
2692 2328 3114 2406 prosperitate

421 2442 680 2518 peractis
725 2439 1019 2502 homines
1064 2444 1239 2523 regni
1288 2444 1483 2502 nostri
1532 2453 1741 2502 metus
1789 2444 1966 2519 quasi
2013 2443 2290 2519 preteriti
2337 2442 2727 2501 inmemores
2757 2440 3114 2501 fruerentur

424 2552 867 2631 tranquillitate
898 2563 1252 2633 peroptata,
1298 2572 1446 2614 ecce
1478 2574 1591 2633 per
1622 2556 2068 2615 incitacionem
2099 2557 2450 2615 vicinorum
2499 2564 2867 2613 nostrorum
2919 2553 3111 2612 iidem

425 2663 659 2725 Tartari
723 2680 903 2727 actus
948 2678 1011 2727 et
1057 2668 1307 2727 animos
1374 2667 1683 2727 habentes
1726 2666 1811 2727 ad
1858 2665 2101 2727 bellum
2167 2675 2556 2745 preparatOS,
2602 2665 2685 2726 de
2755 2684 2978 2726 eorum
3028 2665 3111 2725 ad

427 2794 681 2857 regnum
728 2790 1014 2839 nostrum
1062 2782 1323 2839 introitu
1368 2780 1555 2839 nobis
1600 2778 1912 2858 quasdam
1976 2779 2336 2860 legaciones
2396 2780 2838 2858 premiserunt‚
2882 2778 3113 2858 quibus

435 2889 667 2966 auditiS,
711 2892 988 2954 eundem
1039 2890 1302 2971 Ponych
1333 2891 1573 2954 banum
1606 2892 1689 2953 ad
1721 2892 1986 2954 eosdem
2029 2892 2330 2954 Tartaros
2361 2892 2826 2953 transmisimus
2873 2894 3115 2965 iterat0,

433 3005 533 3063 vbi
588 3008 879 3067 virtutem
944 3007 1276 3067 virtutibus
1335 3005 1745 3080 cumuland0‚
1792 3023 2023 3066 manus
2082 3005 2334 3066 illorum
2397 3015 2620 3066 contra
2681 3023 2802 3064 nos
2861 3006 2988 3064 iam
3035 3004 3118 3064 ad

436 3135 600 3179 arma
667 3121 951 3180 incitatas
1018 3118 1339 3180 fidelitatis
1407 3137 1520 3180 sue
1586 3117 1797 3178 studio
1846 3127 1910 3178 et
1957 3119 2174 3179 innate
2240 3118 2572 3197 probitatis
2642 3119 2898 3199 ingenio
2945 3135 3120 3177 com-

436 3234 680 3308 pescuit,
724 3231 1108 3305 reuocand0,
1153 3231 1487 3293 reddendo
1535 3233 1594 3291 in
1646 3231 1768 3291 hoc
1815 3241 1950 3291 tam
1998 3232 2184 3292 nobis
2231 3251 2425 3310 quam
2473 3233 2702 3291 nostris
2749 3229 3120 3291 hominibus

435 3345 645 3420 quietis
687 3355 905 3425 optate
951 3348 1431 3406 nutrimentum.
1481 3344 1769 3406 Preterea
1817 3363 1963 3404 cum
2013 3343 2315 3404 dominus
2359 3363 2494 3419 rex,
2541 3343 2907 3406 karissimus
2938 3352 3120 3421 pater

438 3467 651 3532 noster,
694 3457 944 3520 illustris
974 3478 1089 3519 rex
1122 3457 1453 3538 Hungarie
1484 3458 1651 3518 clare
1684 3460 2010 3530 memorie,
2058 3457 2334 3539 relegata
2380 3459 2617 3536 pietate
2662 3467 2944 3536 paterna,
2992 3473 3118 3533 qua

436 3565 531 3627 filii
589 3588 715 3630 non
775 3571 1142 3650 repellendi,
1187 3570 1302 3630 sed
1364 3581 1510 3632 sunt
1569 3572 1793 3650 pocius
1854 3570 2262 3645 confouendi,
2324 3569 2730 3649 quorundam
2800 3569 3114 3629 baronum

435 3679 763 3744 infidelium
832 3685 1213 3745 incitacione
1280 3682 1364 3744 ad
1428 3683 1586 3744 fines
1654 3687 1830 3765 regni
1901 3683 2228 3764 Hungarie
2295 3700 2497 3760 vsque
2556 3681 2636 3741 ad
2703 3681 2938 3755 locum,
3007 3682 3112 3759 qui

436 3789 875 3857 Feketeuhalm
938 3797 1183 3872 dicitur,
1228 3816 1346 3857 nos
1407 3797 1742 3857 transferre
1801 3796 2175 3876 cohegisset,
2223 3795 2408 3854 nobis
2470 3797 2530 3854 in
2593 3805 2802 3855 castro
2849 3794 3112 3872 predicti

436 3911 653 3970 montis
682 3909 935 3971 inclusis
965 3923 1029 3971 et
1059 3930 1174 3989 per
1203 3921 1595 3972 armatorum
1630 3909 2102 3971 multitudinem
2135 3909 2514 3970 coharctatis
2545 3919 2608 3968 et
2648 3907 2911 3980 vallatiS,
2943 3907 3112 3967 idem

433 4015 679 4100 Ponych
739 4023 945 4083 banus
1005 4043 1155 4084 cum
1215 4022 1600 4104 quibusdam
1661 4025 1790 4083 suis
1849 4025 2051 4095 sociis
2103 4022 2245 4083 licet
2289 4024 2525 4102 pauciS,
2570 4021 2822 4081 fortune
2867 4020 3116 4079 casibus

432 4147 495 4190 se
535 4139 933 4198 committere
992 4155 1122 4198 non
1184 4136 1555 4210 formidanS,
1600 4145 1733 4196 tam
1794 4155 1909 4215 per
1969 4136 2333 4214 potenciam
2408 4153 2601 4212 quam
2649 4153 2764 4212 per
2808 4135 3112 4193 astuciam

431 4261 599 4308 suam
643 4249 879 4311 deuicit
926 4251 1277 4311 exercitum
1322 4251 1641 4310 baronum
1687 4247 2057 4320 infidelium,
2089 4267 2220 4326 quo
2250 4248 2490 4307 ibidem
2540 4245 2749 4306 vallati
2796 4244 3116 4306 fueramus

431 4367 489 4417 et
531 4361 789 4437 obsessi,
810 4363 1228 4424 restaurando
1274 4363 1461 4424 nobis
1504 4361 1805 4422 fiduciam
1852 4362 1936 4422 de
1981 4364 2156 4442 regni
2202 4359 2633 4441 gubernaculo
2681 4369 2743 4418 et
2791 4360 2919 4418 uita
2965 4377 3116 4419 con-

429 4476 729 4537 seruanda
774 4487 839 4536 et
887 4477 1141 4554 insuper
1201 4479 1555 4537 exercitum
1618 4474 1861 4536 Ernerii
1923 4476 2069 4534 bani
2120 4493 2202 4534 ex
2251 4475 2549 4534 missione
2611 4471 2876 4551 predicti
2922 4474 3117 4550 patris

428 4591 611 4649 nostri
641 4599 867 4650 contra
898 4606 1018 4649 nos
1048 4591 1407 4650 venientem
1456 4588 1819 4662 debellauit,
1862 4586 2250 4648 adducendo
2298 4587 2484 4648 nobis
2529 4588 2736 4665 ipsum
2783 4583 3114 4645 Ernerium

426 4695 654 4762 banum
701 4702 851 4795 dicti
899 4703 1216 4764 exercitus
1260 4705 1667 4782 capitaneum
1713 4702 2123 4780 captiuatum.
2195 4699 2354 4761 Item
2402 4719 2551 4761 cum
2599 4697 2790 4758 iidem
2841 4697 3118 4758 barones

426 4810 703 4877 infideles
748 4817 1037 4877 iniuriam
1088 4817 1306 4876 iniurie
1349 4814 1744 4876 cumulando
1792 4813 2209 4886 induxissent,
2249 4831 2404 4892 ymo
2450 4815 2673 4892 pocius
2718 4809 3118 4892 cohegissent

424 4924 660 4990 dictum
720 4927 1124 4991 karissimum
1185 4939 1429 5007 patrem
1494 4937 1782 4988 nostrum
1846 4939 2071 4988 contra
2135 4946 2251 4988 nos
2311 4929 2662 4988 exercitum
2743 4942 3118 4996 conuocare,

426 5039 589 5102 idem
652 5042 915 5124 Ponych
977 5043 1183 5105 banus
1243 5043 1305 5102 in
1370 5039 1689 5116 conflictu,
1752 5059 1950 5120 quem
1997 5044 2060 5102 in
2113 5041 2390 5121 llsuazeg
2452 5058 2596 5100 curn
2665 5039 2950 5100 exercitu
3011 5037 3118 5097 ha-

420 5153 667 5218 buimus
710 5157 1096 5238 supradictO,
1139 5157 1437 5216 virtutem
1484 5155 1769 5216 exercuit
1816 5153 2200 5216 laudabilem
2249 5172 2463 5213 coram
2512 5163 2728 5213 nostre
2777 5150 3120 5211 maiestatis
