3797 5795
1615 395 1983 458 —41-

445 597 508 644 et
555 587 724 644 venit
771 587 1056 663 superius
1102 588 1279 645 iuxta
1326 598 1556 646 terram
1599 589 1782 647 castri
1816 606 1931 666 per
1962 588 2217 648 frutices
2250 589 2310 648 in
2345 589 2541 650 berch
2588 591 2651 650 in
2698 590 2870 651 illam
2918 592 3145 652 vallem

438 715 564 774 que
608 697 782 758 ducit
827 699 890 758 in
939 716 1239 780 magnam
1289 699 1516 760 vallem
1580 709 1644 759 et
1705 700 1790 758 ibi
1851 700 2072 761 relicto
2118 711 2327 762 castro
2374 704 2591 781 incipit
2640 713 2856 764 tenere
2904 715 3143 766 metam

435 829 578 870 cum
629 811 966 872 Mortunus
1011 811 1142 872 filio
1189 809 1454 875 Chenka
1501 823 1564 873 et
1609 815 1900 894 cognatis
1944 815 2071 874 suis
2102 825 2165 874 et
2197 832 2311 893 per
2342 815 2512 874 illam
2563 834 2865 896 magnam
2912 817 3141 878 vallem

437 921 608 983 vadit
653 925 938 1002 superius
984 943 1198 984 versus
1242 927 1768 1003 septemtrionem
1813 945 2017 1005 usque
2060 926 2145 986 ad
2192 927 2425 1002 locum,
2470 928 2579 988 ubi
2624 931 2757 989 exit
2804 929 2886 990 de
2932 947 3007 990 ea
3053 930 3138 989 ad

438 1054 632 1096 unam
695 1036 922 1097 vallem
984 1038 1068 1098 ad
1117 1049 1355 1099 metam
1403 1039 1485 1098 ad
1532 1039 1826 1099 arborem
1877 1039 2052 1112 tulfa‚
2099 1042 2251 1100 item
2302 1041 2471 1100 venit
2517 1043 2803 1120 superius
2848 1043 2931 1102 ad
2975 1041 3137 1104 duas

438 1161 658 1223 metaS,
723 1168 991 1229 quarum
1053 1170 1180 1212 una
1243 1162 1336 1212 est
1398 1149 1656 1213 Gordus
1712 1163 1776 1212 et
1837 1153 2035 1213 altera
2081 1151 2351 1213 filiorum
2404 1153 2656 1214 Brezval
2706 1157 2767 1214 in
2814 1156 3147 1218 arboribus

436 1263 610 1336 tulsa‚
656 1264 803 1324 inde
849 1265 1018 1326 cadit
1065 1268 1128 1326 in
1177 1267 1404 1326 vallem
1469 1265 1699 1345 Jelsoa‚
1760 1285 1887 1346 que
1950 1266 2122 1326 ducit
2186 1266 2440 1328 inferius
2485 1267 2594 1328 ubi
2663 1279 2759 1329 est
2805 1281 2979 1330 meta
3026 1271 3146 1332 sub

436 1376 663 1437 arbore
707 1379 1017 1460 gertiansa
1065 1390 1130 1440 et
1175 1381 1308 1440 exit
1355 1379 1436 1440 ad
1491 1397 1684 1440 unam
1719 1378 1949 1440 vallem
1982 1398 2109 1459 que
2139 1380 2317 1440 ducit
2348 1381 2431 1440 ad
2466 1394 2704 1442 metam
2752 1383 2871 1442 sub
2916 1384 3145 1444 arbore

368 1465 382 1486 ⁹
438 1488 750 1551 kurtuelsa
817 1503 883 1552 et
952 1493 1038 1552 ibi
1107 1494 1168 1553 in
1237 1511 1363 1552 una
1429 1495 1592 1554 sicea
1655 1493 1816 1553 valle
1885 1495 2019 1553 exit
2085 1493 2167 1553 ad
2213 1493 2405 1554 berch
2458 1513 2656 1573 usque
2700 1495 2785 1555 ad
2833 1499 2999 1556 viam
3046 1497 3129 1557 ad

439 1612 676 1663 metam
725 1605 844 1665 sub
889 1606 1119 1666 arbore
1164 1605 1397 1666 almafa
1459 1617 1522 1666 et
1585 1606 1824 1667 ibidem
1869 1606 2041 1666 cadit
2088 1609 2151 1667 in
2196 1606 2426 1667 vallem
2474 1627 2599 1683 que
2646 1610 2822 1669 iuxta
2868 1609 3138 1670 domum

441 1716 734 1778 chhete
779 1717 955 1778 ducit
1001 1721 1064 1778 in
1111 1720 1378 1781 rivulum
1427 1719 1697 1792 Desche,
1755 1720 1864 1779 ubi
1910 1729 2007 1780 est
2054 1730 2225 1780 meta
2270 1721 2390 1780 sub
2436 1721 2665 1781 arbore
2711 1721 3027 1783 kurtuelsa
3072 1732 3138 1783 et

437 1849 550 1908 per
597 1831 768 1891 illum
819 1832 1090 1892 rivulum
1151 1832 1567 1914 progrediens
1627 1833 1884 1893 inferius
1943 1834 2078 1894 exit
2136 1833 2220 1893 ad
2284 1851 2477 1894 unam
2523 1835 2758 1894 siccam
2804 1835 3033 1896 vallem
3078 1838 3143 1896 in

442 1943 605 2015 loco,
653 1945 760 2004 ubi
805 1957 902 2006 est
947 1956 1120 2006 meta
1148 1945 1270 2006 sub
1300 1946 1530 2006 arbore
1561 1944 1736 2020 tulfa,
1782 1945 1935 2006 inde
1964 1944 2140 2006 vadit
2170 1965 2284 2025 per
2331 1947 2533 2024 ipsam
2579 1946 2811 2007 vallem
2856 1950 3143 2027 superius

437 2075 638 2135 usque
684 2057 767 2118 ad
813 2057 1028 2118 locum
1075 2059 1180 2118 ubi
1250 2059 1382 2119 exit
1452 2062 1512 2118 in
1562 2076 1688 2119 una
1751 2077 1945 2136 parva
2015 2059 2174 2120 valle
2240 2058 2324 2119 ad
2390 2061 2636 2119 vineam
2686 2061 3032 2121 sacerdotis
3077 2063 3137 2120 in

440 2182 746 2243 montem,
778 2171 992 2251 ibique
1021 2173 1190 2232 eadit
1222 2172 1306 2233 ad
1337 2191 1638 2253 magnam
1686 2173 1854 2232 viam
1902 2174 1965 2232 in
2015 2182 2185 2232 meta
2232 2183 2437 2232 terrea
2489 2184 2551 2232 et
2597 2193 2711 2252 per
2756 2173 3137 2255 illamviam

438 2285 500 2341 in
547 2283 737 2343 berch
784 2284 958 2345 vadit
1012 2284 1251 2345 directe
1295 2304 1409 2364 per
1453 2288 1740 2364 spacium
1803 2303 2111 2368 magnum
2173 2304 2389 2346 versus
2449 2288 2761 2346 orientem
2810 2298 2871 2346 et
2920 2289 3141 2346 transit

433 2397 597 2456 viam
647 2398 709 2456 in
755 2397 1025 2459 modum
1071 2401 1272 2460 crucis
1317 2409 1379 2459 et
1427 2399 1667 2458 ibidem
1713 2401 1776 2458 in
1825 2417 1952 2459 una
1999 2409 2169 2458 meta
2216 2399 2335 2458 sub
2381 2400 2608 2459 arbore
2654 2399 2811 2459 tulsa
2860 2399 3030 2459 cadit
3078 2401 3139 2458 in

435 2509 663 2569 vallem
713 2513 973 2572 nomine
1044 2509 1404 2574 Cremenna
1475 2522 1538 2571 et
1605 2531 1719 2590 per
1786 2530 1931 2571 eam
1980 2511 2379 2572 descendens
2424 2513 2559 2572 exit
2605 2511 2687 2571 ad
2738 2521 2975 2572 metam
3022 2511 3141 2571 sub

434 2623 661 2682 arbore
705 2625 1015 2704 gertiansa
1060 2635 1124 2684 et
1169 2626 1342 2686 venit
1387 2625 1472 2684 ad
1518 2643 1818 2706 magnam
1880 2626 2049 2685 viam
2097 2624 2181 2684 ad
2227 2624 2522 2684 arborem
2587 2625 2741 2685 tulfa
2789 2643 2975 2685 cruce
3020 2627 3142 2705 sig-

436 2747 671 2808 natam,
729 2735 848 2796 sub
909 2756 1036 2816 qua
1096 2748 1191 2798 est
1254 2748 1425 2797 meta
1487 2749 1707 2810 terrea,
1775 2736 1927 2797 inde
1988 2757 2101 2816 per
2171 2738 2336 2797 viam
2387 2756 2601 2797 versus
2649 2738 2983 2842 meridiem
3027 2756 3141 2817 per

434 2851 761 2925 antiquam
811 2852 974 2912 viam
1022 2851 1420 2913 descendens
1466 2850 1640 2912 ducit
1688 2853 1750 2911 in
1798 2850 2067 2912 rivulum
2106 2849 2370 2913 Bobuch
2417 2853 2479 2913 in
2529 2860 2701 2911 meta
2746 2851 2867 2911 sub
2912 2851 3140 2912 arbore

436 2963 814 3025 munurousa
860 2975 923 3025 et
970 2985 1084 3043 per
1127 2965 1407 3025 eundem
1455 2965 1626 3025 vadit
1687 2966 1868 3025 iuxta
1928 2974 2161 3025 terram
2209 2966 2394 3025 castri
2442 2964 2525 3023 ad
2556 2966 2832 3043 priorem
2882 2974 3139 3037 metam,

436 3076 540 3135 ubi
574 3077 774 3137 suerat
807 3078 1104 3139 inchoata
1151 3079 1364 3157 ibique
1411 3079 1796 3139 terminatur.
1853 3078 2014 3139 Item
2061 3080 2265 3158 prima
2315 3087 2487 3137 meta
2534 3088 2735 3139 terrea
2783 3078 3137 3139 eorundem

439 3188 690 3250 Martini
737 3200 802 3250 et
849 3188 1109 3272 Georgii
1155 3193 1416 3251 nomine
1448 3189 1859 3253 Seranefelde
1897 3192 2116 3268 incipit
2162 3194 2225 3250 in
2270 3190 2472 3251 rivulo
2520 3190 2830 3251 Bubouch
2874 3210 2913 3251 a
2957 3201 3141 3271 parte

439 3302 831 3364 meridionali
901 3306 964 3364 in
1035 3323 1157 3364 una
1229 3315 1400 3364 meta
1466 3314 1672 3364 terrea
1739 3302 1859 3363 sub
1927 3302 2155 3363 arbore
2222 3304 2378 3376 zilfa‚
2439 3303 2589 3363 inde
2652 3321 2767 3382 per
2811 3304 3137 3382 quandam

433 3414 662 3475 vallem
709 3416 996 3477 ascendit
1045 3420 1108 3477 in
1142 3417 1333 3478 berch
1367 3416 1450 3477 ad
1485 3428 1723 3477 metam
1771 3416 1890 3477 sub
1938 3418 2165 3476 arbore
2212 3416 2366 3476 tulfa
2414 3416 2696 3477 tenendo
2742 3425 2949 3477 metas
2990 3435 3138 3477 cum

437 3526 792 3606 hospitibus
836 3529 920 3589 de
966 3526 1176 3612 Garig,
1237 3530 1388 3591 inde
1432 3550 1546 3609 per
1591 3530 1784 3590 berch
1831 3529 2007 3589 vadit
2053 3529 2136 3589 ad
2184 3532 2349 3589 viam
2398 3540 2459 3589 et
2507 3529 2571 3588 in
2619 3548 2695 3591 ea
2741 3529 2956 3590 eundo
3004 3532 3138 3590 exit

437 3640 520 3699 ad
553 3652 793 3703 metam
836 3652 1104 3704 terream
1137 3663 1326 3722 supra
1358 3654 1550 3722 caput
1581 3646 1767 3704 unius
1799 3642 1991 3717 valliS,
2039 3642 2187 3703 inde
2217 3660 2331 3721 per
2378 3644 2545 3703 viam
2590 3643 2807 3703 eundo
2851 3642 3139 3703 ascendit

435 3754 494 3812 in
545 3753 738 3815 berch
799 3758 862 3815 in
924 3774 1052 3817 una
1119 3766 1292 3817 meta
1351 3776 1540 3836 super
1599 3766 1789 3834 caput
1850 3756 2105 3815 alterius
2152 3755 2348 3829 valiiS,
2395 3756 2608 3835 ibique
2656 3756 2875 3834 incipit
2922 3765 3139 3815 tenere

437 3876 675 3927 metam
722 3869 1340 3931 cum‘castrensibus
1393 3880 1458 3930 et
1517 3868 1804 3929 aseendit
1865 3871 1929 3928 in
1978 3868 2173 3929 berch
2219 3881 2283 3928 et
2331 3868 2549 3929 eundo
2600 3887 2715 3947 per
2761 3869 3027 3950 longum
3076 3871 3136 3928 in

435 3981 531 4039 via
577 3982 864 4058 pervenit
909 3982 993 4041 ad
1039 3982 1332 4043 arborem
1384 3982 1538 4044 tulfa
1587 4000 1820 4063 magna
1874 4000 2061 4042 cruce
2106 3984 2440 4062 signatam,
2486 3981 2605 4041 sub
2651 4001 2779 4060 qua
2825 3992 2919 4042 est
2968 3994 3138 4043 meta

435 4102 654 4167 terrea,
699 4094 848 4154 inde
893 4094 976 4155 ad
1022 4114 1216 4155 unam
1274 4098 1441 4155 viam
1487 4095 1569 4156 ad
1626 4107 1936 4167 montem,
1997 4094 2103 4154 ubi
2168 4106 2263 4154 est
2327 4105 2497 4155 meta
2543 4104 2767 4168 terrea,
2812 4114 2939 4173 que
2986 4113 3137 4155 con-

435 4207 618 4287 tingit
675 4217 913 4267 metam
975 4206 1295 4289 Draguch,
1351 4208 1498 4268 inde
1561 4211 1735 4269 iuxta
1798 4218 2040 4269 metam
2087 4209 2239 4270 dicti
2286 4206 2585 4288 Draguch
2648 4227 2763 4286 per
2826 4206 3023 4267 berch
3069 4210 3131 4267 in

435 4336 737 4400 magnam
786 4321 952 4381 viam
999 4320 1328 4381 descendit
1391 4324 1618 4381 iterum
1681 4340 1896 4382 versus
1960 4322 2292 4382 meridiem
2340 4330 2402 4380 et
2450 4320 2619 4381 cadit
2668 4322 2730 4379 in
2778 4319 3136 4399 predictum

431 4430 700 4493 rivulum
749 4432 1076 4508 Bubouch,
1122 4453 1246 4512 que
1293 4435 1537 4496 reducit
1585 4436 1646 4493 in
1695 4446 1933 4495 metam
2000 4438 2275 4514 priorem
2324 4433 2432 4494 ubi
2482 4434 2595 4494 fuit
2644 4435 2896 4511 incepta
2943 4441 3007 4493 et
3052 4434 3135 4493 ibi

433 4545 699 4606 omnino
762 4548 1152 4608 terminatur.
1223 4548 1382 4609 Item
1450 4550 1654 4627 prima
1725 4557 1896 4609 meta
1966 4558 2130 4608 terre
2190 4566 2411 4608 eorum
2464 4546 2717 4607 Martini
2762 4556 2826 4606 et
2878 4545 3133 4627 Georgii

433 4676 559 4737 que
606 4658 911 4721 deench
957 4672 1356 4740 nuncupatur
1401 4662 1615 4739 incipit
1663 4662 1842 4721 iuxta
1886 4670 2120 4721 terram
2174 4658 2470 4722 Otrochk
2502 4662 2565 4720 in
2598 4658 2751 4720 silva
2798 4660 2860 4719 in
2909 4660 3137 4720 arbore

430 4771 586 4833 tulfa
631 4773 751 4833 sub
800 4792 927 4852 qua
981 4784 1076 4835 est
1123 4785 1312 4848 meta,
1374 4775 1521 4835 inde
1567 4777 1745 4835 iuxta
1791 4784 1956 4834 terra
2002 4773 2324 4853 hospitum
2373 4773 2455 4834 de
2504 4772 2754 4837 Cherna
2801 4792 2947 4834 reca
2992 4792 3137 4852 pro-

429 4885 724 4965 grediens
769 4905 985 4948 versus
1031 4889 1340 4948 orientem
1389 4889 1674 4967 pervenit
1721 4887 1806 4948 ad
1851 4906 2049 4948 unam
2095 4897 2333 4948 metam
2381 4888 2445 4946 in
2491 4889 2591 4946 via
2636 4895 2700 4946 et
2744 4883 3135 4945 transeundo

431 5001 597 5059 viam
657 5018 774 5079 per
833 5001 1067 5061 siccam
1129 5002 1360 5062 vallem
1421 5000 1593 5061 vadit
1655 5002 1717 5061 in
1767 5001 1990 5062 silvam
2037 5013 2100 5061 et
2146 5019 2259 5078 per
2304 5000 2580 5060 eandem
2626 5001 2749 5059 itur
2794 5000 2859 5059 in
2905 4997 3137 5067 locum,

432 5112 536 5172 ubi
583 5114 773 5174 intrat
817 5113 1076 5175 fluvium
1124 5114 1428 5176 deench
1461 5124 1525 5175 et
1555 5115 1640 5173 ibi
1671 5124 1769 5175 est
1801 5122 1973 5174 meta
2005 5112 2125 5172 sub
2156 5112 2384 5172 arbore
2415 5110 2570 5172 tulfa
2604 5122 2664 5171 et
2698 5130 2811 5190 per
2856 5110 3131 5171 eundem
