3797 5795
1475 406 1887 469 —171—

348 599 594 658 terrenis
653 599 1048 675 contemptui
1122 596 1437 658 derelictis
1498 598 1766 658 libenter
1810 596 1966 657 illud
2034 596 2310 675 speciale
2375 594 2722 675 presidium
2794 596 3033 656 fauoris

346 709 780 789 impendimuS‚
827 709 1002 788 quod
1050 711 1140 769 eis
1186 711 1361 789 pacis
1404 720 1468 770 et
1502 712 1727 788 quietis
1772 709 2130 789 producere
2181 711 2448 790 gratiam
2497 711 2863 769 sentiamus.
2908 708 3031 769 Ea-

344 832 605 902 propter‚
649 822 881 883 dilecte
929 824 991 882 in
1036 820 1289 884 Christo
1335 822 1461 883 filie
1505 823 1896 902 presentium
1947 821 2130 882 uobis
2175 824 2553 882 auctoritate
2598 820 3032 894 concedimuS,

346 946 405 996 ut
447 955 483 995 a
529 954 853 1015 quoquam
904 934 1231 997 conueniri
1302 953 1416 1014 per
1478 936 1714 996 litteras
1760 935 2110 1013 apostolice
2155 934 2324 995 sedis
2369 934 2470 995 uel
2517 935 2875 1015 legatorum
2920 943 3030 993 aut

342 1048 766 1129 delegatorum
813 1050 945 1109 eius
992 1067 1123 1107 non
1168 1050 1439 1127 possitiS,
1488 1050 1601 1109 nisi
1666 1048 1890 1109 eedem
1942 1047 2147 1108 littere
2193 1050 2388 1127 ipsius
2432 1048 2599 1107 sedis
2644 1047 2728 1107 de
2775 1046 2894 1106 hac
2938 1049 3032 1107 in-

342 1159 648 1242 dulgentia
698 1171 760 1221 et
809 1161 1033 1221 ordine
1080 1172 1293 1221 uestro
1354 1160 1694 1240 specialem
1759 1171 1823 1222 et
1870 1180 2241 1240 expressam
2288 1161 2551 1222 fecerint
2597 1160 3028 1231 mentionem;

342 1275 679 1335 sententias
725 1292 953 1334 omnes
998 1276 1705 1349 excommunicationiS,
1736 1276 2168 1354 suspensionis
2199 1284 2261 1334 et
2299 1273 2630 1345 interdicti,
2660 1274 2709 1333 si
2759 1290 2918 1349 quas
2963 1274 3027 1331 in

346 1406 450 1445 uos
477 1387 578 1446 uel
611 1386 890 1466 aliquam
925 1397 1205 1447 uestrum
1240 1390 1669 1447 communiter
1698 1387 1801 1448 uel
1833 1388 2108 1447 diuisum
2157 1406 2270 1465 per
2315 1404 2758 1465 quoscumque
2803 1394 3026 1445 contra

338 1498 685 1559 huiusmodi
717 1502 1195 1560 concessionem
1231 1509 1513 1561 nostram
1547 1502 1883 1581 contigerit
1916 1500 2320 1581 promulgari,
2366 1500 2782 1560 decernentes
2825 1499 3028 1559 irritas

333 1620 389 1672 et
432 1614 663 1671 inanes.
714 1610 878 1673 Nulli
926 1631 1081 1694 ergo
1127 1615 1393 1673 omnino
1440 1612 1773 1673 hominum
1822 1612 2007 1673 liceat
2050 1612 2216 1673 hanc
2261 1612 2560 1693 paginam
2609 1623 2826 1672 nostre
2869 1628 3026 1671 con-

332 1726 619 1784 cessionis
666 1736 727 1785 et
774 1727 1242 1786 constitutionis
1288 1725 1642 1807 infringere,
1688 1726 1789 1787 uel
1838 1728 1894 1787 ei
1959 1744 2114 1785 ausu
2175 1728 2510 1787 temerario
2557 1726 2886 1785 contraire.
2955 1720 3024 1785 Si

334 1836 461 1915 quis
503 1850 723 1898 autem
757 1838 881 1899 hoc
912 1848 1295 1917 attemptare
1340 1841 1813 1918 presumpserit,
1857 1838 2364 1921 indignationem
2411 1837 2874 1916 omnipotentis
2919 1834 3022 1897 dei

334 1961 387 2009 et
461 1950 798 2011 beatorum
871 1952 1031 2013 Petri
1102 1963 1166 2012 et
1234 1952 1409 2013 Pauli
1457 1952 1901 2030 apostolorum
1970 1954 2106 2013 eius
2170 1971 2240 2012 se
2307 1951 2556 2012 nouerit
2623 1953 3020 2011 incursurum

330 2060 553 2124 Datum
602 2062 901 2145 Anagnie
948 2063 1087 2125 XII.
1133 2062 1443 2125 kalendas
1490 2064 1635 2139 iulii,
1680 2064 2088 2143 pontificatus
2134 2067 2330 2125 nostri
2377 2082 2548 2124 anno
2593 2073 2796 2124 sext0.

494 2256 800 2331 original
840 2276 881 2313 u
917 2256 1421 2333 gubemg'jalnom
1468 2254 1702 2317 arkivu
1734 2277 1775 2315 u
1805 2258 2040 2329 Zadru‚
2083 2258 2223 2315 odio
2255 2265 2626 2315 samos-tana
2671 2276 2756 2314 sv.
2791 2254 3020 2313 Nikole

324 2359 407 2419 br.
438 2362 533 2415 24.
572 2361 771 2418 Pelat
795 2360 1068 2437 manjka.
1100 2396 1184 2404 —
1218 2362 1586 2420 Savremeni
1615 2362 1886 2440 prtjepis
1915 2382 2000 2420 na
2022 2362 2395 2439 pergameni
2437 2381 2478 2419 u
2514 2360 3018 2437 gubernf‘jalnom

322 2462 532 2521 arkivu
578 2484 622 2521 u
670 2464 901 2535 Zadru,
948 2466 1087 2523 odio
1131 2474 1489 2525 samostana
1535 2486 1620 2524 sv.
1670 2465 1898 2527 Mkole
1942 2465 2030 2524 br.
2069 2469 2175 2533 17„
2225 2465 2482 2541 nadalje
2514 2485 2555 2523 u
2586 2466 2764 2523 istem
2811 2464 3017 2540 oaJelu

322 2568 401 2625 br.
448 2572 540 2625 25.
580 2570 850 2646 pm'jepis
894 2570 951 2626 iz
986 2572 1131 2653 god.
1186 2572 1355 2627 1328.
1406 2590 1439 2627 s
1482 2572 1641 2628 ovim
1688 2572 2018 2628 dodacima
2039 2592 2058 2627 .·

484 2730 635 2793 Hoc
659 2744 755 2794 est
786 2733 1160 2813 exemplum
1208 2733 1610 2813 quarundam
1658 2734 2002 2796 litterarum
2039 2734 2282 2795 domini
2314 2752 2499 2813 pape,
2532 2750 2800 2813 quarum
2832 2744 3018 2793 tenor

323 2844 453 2906 talis
494 2858 611 2907 est.
660 2847 923 2924 (Slg'jedi
964 2848 1231 2922 listina).

482 2983 564 3046 Et
611 3003 735 3066 ego
774 2985 1155 3048 Dominicus
1202 2988 1406 3063 Rictii,
1450 2989 1757 3067 imperiali
1790 2989 2166 3048 auctoritate
2199 2989 2482 3047 notarius
2512 2999 2575 3047 et
2607 2985 3018 3046 cancellarius

312 3094 639 3176 JadrensiS,
687 3098 835 3175 quia
880 3099 1123 3161 dictum
1172 3101 1543 3179 exemplum
1591 3100 1905 3161 dictarum
1969 3101 2313 3161 litterarum
2362 3099 2608 3160 domini
2653 3118 2820 3178 pape
2867 3116 3014 3158 cum

320 3211 596 3292 originali
660 3229 807 3273 cum
856 3215 1161 3294 magistro
1230 3210 1610 3274 Alexandro
1672 3211 1949 3274 condam
1998 3212 2257 3294 Vgolini
2321 3221 2385 3272 et
2446 3210 2698 3273 Marino
2744 3210 2828 3271 de
2872 3208 3018 3273 Sar-

314 3322 468 3383 acho
528 3324 649 3384 sub
706 3327 1147 3404 suprascriptis
1215 3327 1384 3386 notis
1442 3344 1556 3405 per
1617 3325 1909 3386 ordinem
1967 3325 2088 3406 legi
2136 3337 2200 3385 et
2245 3325 2550 3385 ascultaui
2611 3333 2674 3384 et
2743 3324 2808 3384 in
2876 3341 3014 3382 orn-

316 3435 491 3496 nibus
521 3438 917 3498 concordare
948 3439 1179 3512 inueni,
1210 3457 1316 3498 me
1348 3440 1411 3498 in
1443 3447 1671 3499 testem
1720 3437 2060 3517 subscripsi
2091 3448 2153 3498 et
2186 3439 2435 3519 signum
2481 3455 2693 3498 meum
2743 3437 3010 3515 apposui

314 3560 701 3610 consuetum.

478 3699 684 3774 (δέξῃ.
736 3696 972 3776 notar.)

476 3835 615 3919 Ego
664 3837 949 3898 Marinus
1010 3839 1293 3900 Simonis
1352 3839 1435 3902 de
1497 3842 1797 3916 SarachO,
1844 3841 2149 3921 imperiali
2196 3843 2572 3903 auctoritate
2617 3843 2902 3902 notarius
2945 3849 3010 3900 et

314 3946 619 4024 ladrensis
664 3951 921 4026 iuratuS,
958 3953 1109 4031 quia
1138 3951 1381 4014 dictum
1416 3955 1787 4034 exemplum
1823 3955 2132 4016 dictarum
2182 3955 2500 4016 literarum
2549 3954 2794 4015 domini
2842 3972 3010 4033 pape

308 4079 445 4123 cum
492 4063 776 4145 originali
824 4082 973 4125 cum
1018 4066 1387 4144 supradicto
1432 4066 1776 4129 Dominico
1809 4070 2058 4129 notario
2089 4080 2152 4128 et
2185 4068 2581 4146 infrascripto
2630 4064 3010 4127 Alexandro

308 4177 546 4237 notario
592 4196 707 4256 per
751 4177 1045 4240 ordinem
1095 4178 1235 4260 legi,
1280 4181 1625 4242 auscultaui
1660 4193 1721 4242 et
1756 4183 1823 4242 in
1852 4181 2155 4243 omnibus
2200 4181 2591 4243 concordare
2621 4181 2858 4253 inueni,
2905 4195 3012 4239 me

304 4287 367 4348 in
410 4299 633 4352 testem
680 4292 1019 4371 subscripsi
1068 4303 1131 4352 et
1178 4293 1313 4372 sign
1324 4312 1431 4354 um
1480 4312 1695 4354 meum
1742 4296 2008 4373 apposui
2057 4305 2452 4356 consuetum.

472 4431 676 4505 (διὲκ.
729 4433 961 4502 notar.)

480 4571 683 4646 (Stssg-n.
715 4573 940 4634 notar.)
990 4569 1071 4631 Et
1104 4589 1228 4652 ego
1259 4569 1634 4633 Alexander
1672 4573 1954 4634 condam
1987 4571 2248 4654 Vgolini
2285 4571 2367 4632 de
2398 4569 2593 4634 Stella
2641 4569 3012 4630 communis

301 4677 611 4759 Jadrensis
657 4684 943 4744 notarius
1003 4693 1068 4744 et
1129 4655 1541 4746 cancellarius
1602 4705 1863 4764 presens
1907 4685 2282 4764 exemplum
2331 4683 2412 4744 de
2457 4681 2726 4761 publicis
2773 4681 3008 4743 licteris

310 4796 662 4872 apostolicis
722 4805 787 4856 et
854 4796 1266 4878 originalibus
1323 4799 1701 4878 supradictis
1761 4811 1823 4860 et
1886 4818 2018 4860 non
2083 4799 2327 4871 vitiatis,
2374 4815 2504 4857 non
2551 4795 2822 4871 abolitis,
2869 4812 3006 4856 non

309 4905 553 4982 abrasis,
597 4927 719 4970 nec
766 4911 829 4970 in
876 4908 1087 4987 aliqua
1117 4929 1336 4973 earum
1383 4923 1565 4992 parte
1610 4914 1936 4992 suspectis,
1983 4922 2045 4972 vt
2080 4913 2140 4971 in
2190 4913 2340 4989 ipsis
2385 4907 2794 4992 originalibus
2837 4909 3005 4970 veris

307 5029 365 5078 et
394 5021 643 5102 integris
672 5021 866 5082 literis
898 5022 1068 5084 bulla
1100 5022 1403 5102 plumbea
1436 5043 1616 5086 more
1649 5027 1819 5086 curie
1851 5025 2147 5085 Romane
2179 5022 2430 5084 bullatis
2475 5021 2626 5104 ad(!)
2674 5021 2794 5084 filis
2837 5019 3001 5098 calla

309 5141 369 5192 et
410 5135 599 5196 rubea
650 5143 717 5196 et
760 5137 825 5196 in
874 5155 1001 5215 qua
1046 5137 1317 5220 sculta(!)
1364 5151 1544 5200 erant
1591 5139 1676 5199 ab
1724 5157 1842 5198 vna
1890 5149 2072 5219 parte
2117 5137 2250 5197 duo
2295 5140 2503 5216 capita
2547 5149 2610 5199 et
2658 5140 2820 5200 inter
2863 5137 3002 5216 ipsa
