3797 5795
1872 394 2256 458 —554—

724 590 1163 648 vniuersorum
1210 588 1514 648 noticiam
1561 597 1787 647 tenore
1830 587 2232 665 presencium
2278 584 2572 646 volumus
2617 587 2973 665 peruenire,
3001 586 3182 666 quod
3213 584 3444 647 fideles

725 701 926 760 nostri
973 701 1147 762 ciues
1192 700 1275 761 de
1321 698 1625 763 Sibenico
1686 698 1771 761 ad
1833 709 2120 760 nostram
2181 698 2578 777 presenciam
2625 696 3024 773 accedentes,
3068 699 3446 759 obtulerunt

724 812 914 874 nobis
982 812 1381 895 priuilegium
1451 812 1695 873 domini
1766 806 1967 895 B[ele]
2041 812 2204 892 regis
2274 808 2602 892 Hungarie
2683 810 2898 871 inclite
2970 811 3452 873 recordacionis

720 926 919 1006 patris
978 926 1177 985 nostri
1237 921 1548 985 karissimi
1594 944 1784 1004 super
1828 934 2000 985 statu
2046 922 2351 983 libertatis
2395 941 2620 984 eorum
2685 923 3073 998 consectum,
3119 923 3446 986 humiliter

725 1056 847 1099 nos
908 1047 1227 1117 roganteS,
1270 1047 1338 1097 vt
1399 1036 1570 1097 idem
1632 1037 2032 1117 priuilegium
2092 1034 2404 1097 ratificare
2463 1046 2530 1096 et
2591 1046 2812 1097 nostro
2859 1036 3270 1117 dignaremur
3313 1038 3448 1117 pri-

725 1150 960 1231 uilegio
1006 1148 1403 1211 confirmare.
1451 1148 1647 1213 Cuius
1692 1160 1877 1211 tenor
1922 1149 2066 1210 talis
2109 1160 2237 1210 est:

816 1328 823 1335 .
903 1284 1163 1359 (Slijedz’
1204 1283 1422 1339 listina
1467 1281 1676 1358 kralja
1722 1282 1871 1339 Bele
1916 1283 2002 1339 od
2029 1283 2174 1356 god.
2222 1284 2380 1339 1251.
2427 1283 2526 1337 24,
2582 1280 2961 1355 novembra).

904 1413 1042 1474 Nos
1104 1415 1319 1492 itaque
1380 1411 1669 1472 volentes
1728 1409 1994 1471 eosdem
2058 1413 2228 1471 ciues
2291 1409 2374 1470 de
2434 1408 2736 1472 Sibenico
2802 1409 3096 1471 libertate
3156 1411 3449 1489 ipsorum

728 1526 1035 1587 hactenus
1095 1525 1436 1585 obseruata
1481 1534 1546 1583 et
1591 1524 1992 1601 presentibus
2053 1525 2286 1584 inserta
2346 1532 2663 1602 perpetuo
2731 1522 3050 1605 gratulari,
3095 1522 3269 1585 idem
3315 1524 3448 1603 pri-

728 1638 1027 1720 uilegium
1093 1635 1393 1699 carissimi
1455 1637 1651 1715 patris
1711 1638 1910 1696 nostri
1972 1644 2179 1695 ratum
2239 1634 2554 1696 habentes
2600 1645 2665 1697 et
2709 1646 3070 1714 acceptum,
3113 1636 3197 1696 de
3243 1636 3450 1696 verbo

728 1752 813 1812 ad
883 1751 1147 1812 verbum
1214 1749 1615 1829 presentibus
1683 1750 1990 1809 insertum
2057 1747 2364 1808 duximus
2430 1746 2967 1808 confirmandum.
3039 1746 3283 1809 Datum
3330 1766 3451 1827 per
3539 1776 3550 1788 ·

730 1882 960 1925 manus
1004 1864 1288 1945 magistri
1335 1861 1665 1923 Benedicti
1712 1859 2088 1923 Orodiensis
2130 1861 2454 1939 prepositi,
2499 1859 2643 1921 aule
2689 1870 2906 1921 nostre
2949 1861 3452 1923 vicecancellarii

726 1976 941 2037 dilecti
972 1986 1035 2037 et
1066 1975 1273 2037 fidelis
1304 1977 1498 2036 nostri
1532 1993 1707 2035 anno
1737 1974 1820 2034 ab
1851 1974 2298 2035 incarnacione
2345 1972 2589 2032 domini
2636 1970 2903 2037 M⁰CC⁰
2947 1976 3450 2056 septuagesimo,

724 2100 957 2169 quarto
1003 2087 1315 2150 kalendas
1360 2089 1629 2169 augusti,
1673 2089 1848 2169 regni
1895 2097 2114 2147 autern
2161 2086 2360 2145 nostri
2407 2103 2582 2145 anno
2627 2086 2856 2164 primo.

900 2281 969 2338 Iz
1013 2280 1369 2355 ortjginalne
1407 2280 1665 2356 potvrde
1708 2277 1915 2354 kralja
1962 2277 2168 2334 Karla
2200 2278 2285 2334 od
2300 2298 2366 2351 g.
2401 2278 2574 2335 1322.
2613 2286 2864 2335 »octauo
2911 2296 3111 2335 nonas
3141 2277 3442 2335 octobris«

720 2405 761 2443 u
812 2383 1115 2461 knjisnici
1171 2386 1387 2441 narod.
1453 2386 1690 2459 muzey'a
1754 2403 1793 2440 u
1855 2382 2248 2459 Budimpes‘ti
2287 2401 2336 2439 s.
2386 2400 2446 2437 a.
2494 2383 2669 2440 1322.
2727 2382 2937 2462 (bivs‘a
3006 2382 3219 2440 zbirka
3270 2382 3449 2449 Jan-

718 2486 1065 2567 kovic‘eva).
2577 2482 2596 2493 ”

902 2594 1096 2668 Fejer
1147 2593 1287 2651 Cod.
1354 2588 1505 2669 dipl.
1569 2591 1733 2649 VIII.
1799 2594 1878 2661 2.,
1931 2591 2288 2647 349-350,
2337 2620 2422 2631 --
2482 2588 2732 2646 Wenzel
2781 2591 2922 2651 Coti.
2983 2592 3132 2669 dipl.
3207 2591 3449 2668 Arpad.

720 2705 881 2757 cont.
931 2698 1083 2755 XII.
1138 2698 1493 2753 693—694.

2031 3015 2160 3093 11.

722 3172 929 3252 1270,
976 3173 1083 3237 18.
1135 3172 1479 3254 augusta.

1349 3361 1637 3424 Ulomak
1663 3359 1884 3446 sedne
1932 3359 2170 3426 listina
2216 3363 2428 3427 kneza
2491 3362 2829 3448 Vojslava.

903 3578 1045 3661 Ego
1092 3579 1196 3640 dei
1240 3581 1441 3662 gratia
1488 3591 1553 3640 et
1599 3579 1845 3641 domini
1891 3582 2055 3662 regis
2100 3579 2313 3644 Orosii
2360 3601 2581 3644 comes
2629 3581 2973 3644 Voislavus
3019 3581 3333 3643 mandato
3381 3591 3446 3642 et

726 3693 964 3771 scripto
1030 3691 1278 3753 domini
1346 3695 1511 3774 regis
1578 3711 1768 3772 super
1836 3693 2089 3772 placit0,
2158 3695 2338 3774 quod
2407 3704 2746 3756 moverunt
2823 3696 3159 3774 presbyter
3227 3695 3448 3756 Micha

726 3803 1052 3881 Pasqualis
1095 3815 1159 3866 et
1204 3805 1401 3884 Tripe
1446 3804 1751 3866 adversus
1796 3806 2095 3867 Basilium
2153 3805 2473 3889 Dragonis
2520 3808 2602 3870 de
2648 3807 2915 3869 ecclesia
2974 3819 3195 3869 sancte
3241 3807 3446 3870 Lucie

727 3926 790 3976 et
838 3917 955 3978 fuit
998 3921 1311 3979 sententia
1359 3920 1539 4000 regis
1586 3919 1669 3980 Et
1702 3937 1826 4001 ego
1857 3919 2044 3997 pulso
2076 3937 2462 4000 campanam
2505 3931 2570 3982 et
2605 3939 2931 4003 congrego
2977 3920 3228 3983 nobiles
3265 3940 3448 3983 com-

727 4032 938 4091 munis
996 4032 1281 4105 civitatiS,
1328 4041 1395 4092 ut
1442 4034 1777 4092 coniurent
1837 4051 1952 4093 eos
2013 4032 2145 4094 duo
2207 4035 2526 4113 episcopi:
2573 4033 2657 4096 de
2705 4033 2906 4096 Zenta
2953 4033 3328 4114 Neophiton
3379 4043 3444 4095 et

727 4138 1133 4205 Catharensis
1200 4145 1537 4224 episcopus
1606 4144 1861 4220 MariuS,
1923 4156 1992 4206 ut
2039 4145 2273 4221 dicant,
2340 4149 2389 4208 si
2464 4157 2584 4208 etc.
2645 4147 2789 4229 Ego
2849 4147 3154 4209 Voislaus
3219 4147 3445 4208 vocavi

722 4255 957 4317 ambos
1022 4259 1363 4336 episcopos
1431 4257 1827 4337 Neophitum
1889 4269 1953 4319 et
2017 4259 2292 4320 Marium
2354 4270 2417 4321 et
2478 4269 2688 4321 totum
2753 4260 3103 4340 capitulum
3150 4260 3446 4321 ecclesia-

722 4368 953 4430 sticum
1000 4380 1065 4432 et
1110 4370 1359 4431 nobiles
1404 4380 1469 4432 et
1514 4370 1756 4450 probos
1820 4373 2088 4433 civitatis
2133 4380 2196 4433 et
2243 4371 2658 4434 adduxerunt
2716 4373 2962 4456 lignum
3024 4371 3446 4444 dominicum.

721 4481 945 4544 icones
990 4495 1054 4544 et
1098 4482 1395 4562 reliquias
1454 4485 1654 4544 sancti
1717 4484 2086 4563 Tryphonis
2127 4495 2191 4545 et
2237 4505 2323 4546 ex
2368 4497 2678 4566 precepto
2739 4488 2905 4569 regis
2969 4485 3444 4548 maledixerunt

724 4595 1012 4676 episcopi
1058 4607 1177 4658 etc.
1224 4593 1424 4657 Anno
1470 4598 1924 4658 incarnationis
1970 4597 2216 4659 domini
2267 4597 2456 4662 1270.
2504 4601 2742 4661 mensis
2787 4600 3036 4682 augusti
3089 4600 3185 4662 18.
3233 4599 3354 4659 die.

902 4789 1162 4846 Farlati
1218 4788 1390 4862 Illyr.
1450 4808 1716 4848 sacrum.
1778 4790 1871 4849 VI.
1939 4793 2079 4845 442.
2129 4823 2212 4832 -—
2278 4788 2668 4872 Kukuljevid
2719 4793 2871 4867 Reg.
2932 4812 3026 4850 no.
3093 4796 3246 4848 1011.
3295 4791 3449 4868 (ped

720 4894 866 4963 god.
914 4896 1087 4952 1270.
1137 4897 1190 4954 8.
1243 4901 1531 4968 augusta.
1580 4895 1812 4969 Regest
1854 4915 1894 4952 u
1942 4894 2356 4971 Kukuljevic‘a
2392 4897 2799 4972 potpunijije
2845 4916 2998 4972 nego
3043 4896 3096 4954 li
3137 4896 3358 4954 listina
3403 4915 3446 4953 u

729 4996 1018 5066 Farlata,
1069 5007 1125 5055 te
1152 5000 1229 5074 je
1274 4998 1413 5056 tako
1460 4997 1531 5054 K
1522 4997 1837 5074 ukuljevid
1874 5001 2038 5057 imao
2074 5010 2158 5076 po
2203 5002 2340 5075 svoj
2375 5001 2594 5076 prilici
2640 5003 2810 5077 pred
2869 5001 3072 5059 sobam
3115 5000 3238 5059 bul.
3287 5021 3444 5076 rag„

721 5107 986 5179 premda
1036 5104 1245 5180 bih'ezii
1284 5125 1456 5162 samo
1502 5105 1820 5166 Farlata).
