3797 5795
1656 428 1727 438 —
1789 395 2060 458 459—-

502 582 836 640 munimus.
886 580 1058 642 Nulli
1103 602 1256 664 ergo
1302 585 1568 644 omnino
1614 583 1948 646 hominum
1997 586 2182 646 liceat
2229 585 2394 646 hanc
2439 589 2740 668 paginam
2789 597 3004 648 nostre
3052 607 3208 648 con<-

499 691 869 754 firmationis
917 694 1270 777 infringere,
1316 696 1415 757 vel
1461 698 1515 756 ei
1564 715 1721 758 ausu
1766 701 2106 759 temerario
2152 699 2482 760 contraire.
2530 699 2598 762 Si
2645 702 2785 778 quis
2817 710 3034 761 autem
3079 700 3204 762 hoc

498 787 878 885 attemptare
938 811 1407 888 presumpserit,
1466 809 1976 891 indignationem
2047 813 2506 891 omnipotentis
2575 812 2678 874 dei
2740 823 2804 872 et
2868 814 3206 874 beatorum

498 918 663 979 Petri
709 930 772 980 et
818 919 989 981 Pauli
1052 921 1493 1000 apostolorum
1558 926 1689 983 eius
1750 943 1819 984 se
1866 926 2112 984 noverit
2160 927 2575 986 incursurum.
2644 925 2887 986 Datum
2934 926 3206 986 Viterbii

501 1031 613 1093 VI.
658 1031 964 1093 kalendas
1012 1035 1233 1108 martii,
1278 1035 1684 1113 pontificatus
1730 1038 1926 1097 nostri
1975 1056 2146 1097 anno
2195 1049 2440 1115 quarto,

684 1224 981 1298 Oraeginal
1020 1245 1060 1282 u
1106 1225 1329 1284 arkivu
1372 1226 1621 1304 kaptola
1667 1249 1707 1285 u
1761 1230 1819 1286 T
1810 1230 2022 1303 rogim
2071 1233 2156 1287 od
2185 1231 2329 1304 god.
2380 1233 2548 1286 1268.
2601 1230 2686 1287 br.
2745 1233 2842 1286 20.

670 1329 927 1385 Far-lati
983 1330 1155 1401 Illyr.
1217 1351 1465 1388 sacrum
1528 1331 1567 1389 l
1578 1333 1639 1392 V.
1692 1335 1827 1390 353.
1878 1367 1963 1376 ——
2026 1335 2270 1391 Wenzel
2333 1331 2478 1392 Cod.
2541 1336 2688 1410 dipl.
2753 1336 2990 1412 Arpad.
3043 1344 3198 1392 cont.

514 1433 678 1492 VIII.
755 1436 891 1489 205.
942 1467 1027 1476 —
1099 1435 1386 1492 Potthast
1458 1438 1605 1511 Reg.
1674 1440 1902 1514 pontes.
1983 1459 2080 1496 no.
2154 1441 2396 1495 20.275.
2469 1471 2542 1482 —-
2617 1437 2991 1515 Kukub'evic‘
3047 1441 3200 1513 Reg.

500 1559 595 1597 no,
653 1542 791 1596 947.

1761 1935 1960 2016 925.

498 2143 699 2222 1268,
747 2144 811 2206 5.
858 2145 1123 2208 marta.
1171 2143 1231 2208 U
1275 2142 1785 2212 Dubrovniku.

798 2347 1130 2410 Kanonz'k
1176 2347 1413 2412 Rusz'n
1462 2349 1762 2434 z'menuje
1805 2350 1990 2434 svoje
2042 2351 2432 2436 odvjetm‘ke
2479 2353 2614 2415 kod
2655 2353 2912 2438 opc‘z'ne.

672 2558 867 2620 Anno
901 2562 1349 2620 incarnationis
1380 2560 1627 2621 domini
1661 2561 1996 2621 millesimo
2029 2562 2487 2624 ducentesimo
2533 2566 2940 2645 sexagesimo
2977 2575 3212 2626 octavo

500 2691 719 2733 mense
766 2675 988 2745 martii,
1035 2673 1260 2752 quinto
1307 2673 1411 2735 die
1458 2675 1755 2747 intrante,
1812 2693 2031 2734 coram
2082 2676 2268 2736 nobis
2316 2677 2688 2755 subscriptis
2733 2678 3018 2738 testibus,
3064 2677 3212 2758 Ego

498 2785 757 2864 quidem
819 2785 1126 2846 diaconus
1186 2785 1461 2846 Rusinus
1521 2785 1684 2848 filius
1744 2788 2075 2866 quondam
2143 2789 2314 2849 Valii
2387 2788 2697 2850 Balislaue
2744 2800 2806 2849 et
2854 2793 3212 2850 canonicus

495 2897 757 2959 ecclesie
818 2900 1137 2979 Ragusine
1196 2897 1522 2975 confiteor,
1578 2899 1754 2979 quod
1801 2901 2134 2962 uoluntate
2180 2905 2436 2981 propria
2482 2921 2627 2963 mea
2675 2904 2997 2963 constituo
3050 2900 3208 2965 Gre-

495 3014 743 3092 gorium
804 3010 1029 3072 Marini
1094 3012 1361 3073 Petrane
1405 3025 1469 3073 et
1516 3010 1919 3075 Clementem
1985 3013 2184 3075 filium
2250 3016 2582 3094 quondam
2643 3016 2951 3095 Johannis
3004 3015 3211 3078 Derze-

494 3135 843 3205 cognatum
910 3143 1127 3185 meum
1194 3124 1576 3186 sufficientes
1644 3144 1823 3187 meos
1893 3138 2338 3205 procuratores
2406 3129 2552 3189 loco
2621 3140 2684 3189 et
2745 3131 2887 3189 uice
2949 3131 3204 3207 proprie

496 3256 767 3315 persone
837 3256 979 3298 mee
1032 3238 1155 3298 hoc
1221 3248 1413 3316 pacto
1460 3249 1523 3299 et
1570 3240 1831 3314 ratione,
1875 3249 1946 3299 ut
1992 3243 2224 3314 omnia,
2297 3259 2421 3319 que
2482 3241 2746 3319 predicti
2810 3244 2934 3301 mei
2981 3260 3210 3320 procu-

494 3364 735 3411 ratores
794 3370 912 3429 pro
976 3353 1133 3412 meis
1200 3351 1637 3429 questionibus
1695 3362 1758 3412 et
1823 3355 2334 3431 oppositionibus
2384 3356 2691 3415 uniuersis
2738 3373 2885 3414 cum
2933 3354 3210 3414 domino

489 3462 781 3541 Johanne
827 3466 1062 3524 comite
1124 3464 1398 3545 Ragusii,
1445 3464 1754 3525 iudicibus
1799 3476 1863 3525 et
1909 3466 2292 3540 consiliariiS,
2341 3486 2416 3527 ac
2462 3469 2870 3528 uniuersitate
2915 3467 3206 3527 eiusdem

497 3574 929 3637 ordinauerint
974 3587 1038 3636 et
1083 3575 1343 3636 fecerint
1374 3579 1438 3636 in
1469 3575 1653 3637 dictis
1699 3580 1857 3638 meis
1886 3578 2070 3639 factis
2100 3588 2164 3639 et
2195 3579 2838 3641 determinationibus
2884 3580 3209 3653 omnibuS,

497 3707 613 3766 pro
676 3688 864 3749 firmo
930 3707 1185 3767 semper
1226 3700 1291 3749 et
1336 3700 1474 3749 rato
1534 3690 1805 3751 habebo.
1876 3690 1985 3751 Hii
2047 3703 2194 3752 sunt
2261 3703 2482 3753 testes:
2548 3692 2850 3753 Nicolaus
2910 3691 3206 3753 Dabraze

498 3804 734 3862 iuratus
798 3802 1011 3875 iudex,
1079 3802 1342 3863 Basilius
1394 3800 1711 3885 Dragonis
1770 3815 1833 3863 et
1894 3804 2180 3866 Lucarus
2246 3805 2328 3866 de
2391 3806 2599 3867 Fosco
2649 3806 2990 3887 Ragusani,
3052 3823 3199 3865 cum

499 3914 729 3992 quibus
772 3924 837 3975 et
882 3933 1004 3996 ego
1072 3915 1378 3975 diaconus
1446 3915 1657 3977 Micha
1726 3914 1888 3998 Gige
1955 3921 2248 3979 comunis
2318 3922 2554 3979 iuratus
2600 3921 2882 3979 notarius
2929 3920 3205 3996 scriptor

500 4045 640 4086 sum
688 4037 754 4087 et
798 4030 974 4089 testis
1020 4030 1306 4107 partibus
1352 4032 1631 4109 utrisque
1677 4032 2098 4108 presentibus.

600 4202 606 4207 “
674 4220 971 4294 (Signum
1020 4224 1173 4294 not.)

684 4438 982 4512 Ortgz'nal
1020 4458 1060 4495 u
1105 4438 1550 4497 dubrovaffkom
1598 4438 1837 4497 arkivu.
1888 4438 2116 4496 Zbirka
2161 4458 2323 4495 saec.
2373 4439 2555 4497 XIII.
