3797 5795
1889 371 2303 432 —218—

734 559 955 621 sedem
1004 561 1423 641 apostolicam
1456 563 1785 622 uenientes
1816 561 1902 621 ab
1933 560 2163 622 eodem
2211 560 2468 622 uinculo
2515 569 2878 622 mereantur
2902 557 3172 619 absolui.
3209 555 3472 618 Datum

734 672 1004 735 Viterbii
1054 674 1166 736 VI.
1213 672 1522 734 kalendas
1566 674 1793 753 apriliS‚
1837 673 2246 754 pontificatus
2292 677 2488 734 nostri
2536 691 2708 734 anno
2755 673 2984 751 primo,

920 814 1220 889 Ortge'nal
1260 835 1301 872 u
1338 815 1599 890 gubern.
1650 814 1873 872 arkivu
1923 835 1961 872 u
2009 816 2242 883 Zadru‚
2290 815 2428 871 odio
2472 823 2719 872 samost.
2784 832 2872 870 sv-
2921 809 3150 869 Nikole
3200 809 3290 865 br.
3353 811 3462 866 30.

732 918 967 975 Pedata
1030 938 1231 978 nema.
1307 919 1717 994 Ovjerovljem
1774 921 2054 996 prijepis
2097 939 2204 976 ove
2248 919 2387 976 bule
2445 919 2530 976 od
2570 919 2659 976 13.
2692 918 2914 993 jum-'ja
2963 917 3132 971 1338.
3187 935 3228 972 u
3277 915 3474 970 istom

732 1023 937 1099 odjelu
983 1023 1073 1082 br.
1124 1027 1221 1080 29.
1274 1025 1581 1082 Klauzule
1624 1023 1916 1099 svjedoka
1967 1026 1994 1080 i
2036 1033 2257 1083 notaret
2305 1044 2344 1080 u
2391 1031 2596 1080 nutra.

909 1145 1187 1219 (Listina
1224 1156 1386 1222 pape
1442 1145 1694 1203 Urbana
1743 1147 1788 1204 J
1792 1147 1851 1204 V.
1902 1147 1987 1202 od
2027 1147 2122 1202 27.
2173 1154 2378 1202 marta
2434 1147 2630 1210 1262.)

912 1285 1141 1360 Slijedi
1180 1305 1253 1342 za
1301 1286 1408 1342 tim
1430 1307 1449 1341 .-

908 1415 1202 1488 (Signum
1271 1417 1550 1486 notarii.)
1624 1414 1704 1474 Et
1780 1432 1903 1496 ego
1979 1414 2220 1474 Blasius
2295 1413 2622 1475 Michaelis
2692 1413 3012 1474 Leonardi
3084 1411 3166 1472 de
3239 1409 3472 1490 Jadra,

732 1526 1036 1605 imperiali
1087 1528 1463 1586 auctoritate
1512 1529 1794 1588 notarius
1838 1527 2130 1606 publicus
2163 1537 2227 1587 et
2260 1529 2464 1587 scriba
2511 1545 2680 1588 nunc
2727 1525 3057 1587 reuerendi
3089 1527 3152 1585 in
3189 1521 3462 1587 Christo

729 1639 927 1718 patris
972 1639 1217 1699 domini
1264 1638 1530 1713 Nicolai,
1578 1640 1679 1700 dei
1726 1642 1927 1722 gratia
1967 1638 2287 1719 Jadrensis
2335 1640 2790 1719 archiepiscopi
2839 1649 3030 1718 prout
3075 1635 3462 1716 supradicta

731 1753 963 1824 inueni,
1005 1751 1133 1812 uidi
1183 1764 1247 1812 et
1289 1751 1407 1832 legi
1443 1753 1505 1812 in
1538 1753 1914 1831 supradictis
1963 1753 2181 1814 litteris
2224 1753 2592 1831 apostolicis
2637 1771 2766 1812 non
2815 1753 3074 1821 uiciatiS‚
3119 1749 3235 1810 sed
3283 1767 3446 1808 uera

731 1865 901 1925 bulla
963 1864 1267 1943 plumbea
1329 1884 1474 1926 cum
1533 1866 1652 1927 filis
1711 1867 1923 1927 sericis
1991 1870 2197 1927 crocei
2259 1879 2322 1928 et
2383 1868 2553 1927 rubri
2614 1866 2862 1938 coloris,
2927 1877 2996 1926 ut
3056 1865 3308 1925 dictum
3359 1873 3464 1922 est

730 1977 1000 2050 bullatis,
1069 1981 1154 2039 ita
1216 1977 1319 2038 hic
1380 1978 1462 2039 de
1511 1980 1709 2040 uerbo
1772 1980 1854 2040 ad
1916 1981 2204 2053 uerbum,
2251 1980 2335 2040 nil
2404 1979 2651 2040 addens
2713 1980 2814 2040 uel
2877 1981 3173 2039 minuens
3234 1989 3462 2055 preter

728 2101 1039 2170 punctum
1074 2090 1174 2151 uel
1206 2090 1518 2171 sillabam,
1565 2093 1743 2172 quod
1788 2111 2048 2153 sensum
2099 2103 2301 2153 mutet
2336 2092 2438 2153 uel
2468 2092 2666 2152 uariet
2713 2092 3128 2164 intellectum,
3173 2088 3465 2164 fideliter

729 2205 1147 2282 transsumpsi
1192 2217 1255 2264 et
1302 2206 1663 2283 transcripsi
1711 2217 1773 2265 et
1821 2206 1988 2265 facta
2053 2206 2339 2286 diligenti
2401 2204 2742 2265 collatione
2788 2204 2871 2265 de
2918 2205 3198 2282 presenti
3245 2213 3460 2261 trans-

729 2318 966 2394 scripto
1012 2335 1160 2378 cum
1222 2317 1524 2395 predictis
1581 2317 1773 2378 literis
1833 2318 2200 2397 apostolicis
2247 2337 2369 2378 vna
2416 2337 2564 2378 cum
2627 2317 2912 2378 discretis
2959 2319 3106 2376 uiris
3156 2314 3454 2375 videlicet

728 2428 1033 2509 magistro
1100 2426 1500 2504 Alexandr0‚
1568 2429 1831 2492 Siluano
1903 2441 1966 2491 et
2037 2431 2293 2508 Jacob0‚
2364 2432 2670 2509 imperiali
2739 2430 3118 2491 auctoritate
3188 2431 3460 2488 notariis

728 2540 997 2618 publicis
1061 2553 1125 2602 et
1173 2541 1581 2622 Jadrensibus
1640 2545 1852 2604 iuratis
1918 2544 2323 2624 infrascriptis
2379 2547 2441 2605 in
2503 2544 2826 2623 publicam
2891 2542 3168 2602 formam
3230 2540 3454 2621 redegi

727 2652 811 2713 de
857 2653 1165 2714 mandato
1230 2654 1560 2716 reuerendi
1624 2659 1737 2717 uiri
1801 2658 2042 2718 domini
2108 2657 2332 2719 Marini
2396 2659 2651 2737 plebani
2723 2659 2923 2717 sancti
2987 2655 3297 2735 Stephani
3365 2655 3452 2714 de

719 2764 929 2844 Jadra,
975 2768 1181 2827 vicarii
1228 2768 1494 2846 predicti
1542 2769 1785 2830 domini
1836 2770 2082 2831 Nicolai
2127 2770 2446 2850 jadrensis
2491 2771 2970 2849 archicpiscopi,
3019 2770 3130 2849 qui
3177 2769 3448 2828 vicarius

725 2897 907 2939 suam
968 2882 1410 2942 auctoritatem
1474 2881 1618 2943 huic
1678 2893 2082 2963 transumpto
2145 2887 2519 2963 interposuit
2582 2894 2646 2945 et
2711 2884 3041 2945 decretum
3105 2892 3168 2942 et
3234 2883 3447 2961 ipsum

726 2992 873 3052 fecit
905 2995 998 3052 sui
1030 2994 1211 3074 sigilli
1241 2998 1637 3073 appensione
1685 2998 1930 3069 muniri,
1976 3007 2170 3076 atque
2202 3000 2454 3079 signum
2492 3016 2706 3057 meum
2741 3006 3121 3057 consuetum
3173 2996 3445 3073 apposui

726 3106 788 3165 in
835 3107 1271 3166 testimonium
1336 3107 1783 3186 predictorum.
1852 3107 2094 3170 Actum
2155 3108 2346 3190 Jadre
2408 3111 2528 3170 sub
2572 3129 2746 3170 anno
2792 3109 3036 3170 domini
3105 3107 3450 3168 millesimo

726 3220 1173 3279 trecentesimo
1221 3220 1546 3301 trigesimo
1594 3231 1844 3293 octau0‚
1892 3223 2236 3283 indictione
2283 3236 2483 3299 sexta,
2545 3224 2650 3284 die
2695 3221 3156 3284 terciodecimo
3209 3224 3450 3283 mensis

726 3331 895 3401 iunii,
938 3330 1345 3408 pontificatus
1390 3334 1763 3393 sanctissimi
1811 3337 2006 3412 patris
2053 3334 2379 3395 Benedicti
2427 3356 2594 3415 pape
2640 3335 3053 3397 duodecimo

901 3462 1192 3535 (Szg’num
1240 3465 1515 3524 notarii.)
1578 3462 1719 3544 Ego
1784 3467 2003 3539 (drugi
2063 3466 2337 3543 mckopis)
2405 3465 2782 3527 Alexander
2843 3465 3128 3526 condam
3179 3466 3440 3547 Vgolini

726 3571 809 3631 de
853 3570 1068 3646 Stella,
1111 3574 1415 3653 imperiali
1466 3584 1526 3634 et
1574 3578 1841 3636 ciuitatis
1882 3576 2071 3656 Jadre
2116 3580 2492 3639 auctoritate
2539 3581 2840 3651 notarius,
2889 3578 3013 3638 hoc
3059 3578 3434 3656 exemplum

725 3694 1052 3762 sumptum
1102 3704 1294 3745 manu
1340 3687 1677 3765 supradicti
1728 3687 1914 3748 Blasii
1962 3691 2186 3750 notarii
2235 3691 2318 3750 ad
2367 3702 2796 3751 memoratum
2865 3694 3269 3752 autenticum
3315 3709 3440 3751 vna

726 3814 872 3857 cum
922 3796 1319 3875 infrascripto
1368 3802 1669 3880 magistro
1701 3798 1965 3861 Siluano
1998 3804 2246 3861 notario
2280 3814 2342 3863 et
2375 3822 2519 3863 cum
2565 3802 2812 3882 prefato
2845 3804 3058 3865 Blasio
3106 3804 3442 3885 diligenter

726 3918 788 3968 et
836 3902 1104 3969 fideliter
1149 3912 1494 3971 auscultaui
1544 3923 1609 3972 et
1648 3915 1797 3991 quia
1842 3923 2180 3993 Vtrumque
2225 3916 2618 3976 concordare
2665 3919 2898 3989 inueni,
2947 3936 3052 3977 me
3099 3917 3440 3995 subscripsi

724 4030 788 4081 et
836 4040 982 4081 meo
1028 4023 1211 4103 signo
1258 4025 1517 4103 signaui.

899 4154 1191 4227 (ξιξ-ηψπ
1239 4157 1519 4217 notarii.)
1566 4154 1708 4236 Ego
1756 4159 1980 4232 (drugi
2038 4159 2318 4235 rukopt's)
2379 4157 2678 4221 Siluanus
2733 4160 2788 4221 F
2789 4162 3058 4221 rancisci
3109 4161 3194 4221 de
3239 4160 3294 4222 F
3297 4180 3440 4221 oro-

723 4264 867 4335 iulii,
937 4265 1239 4343 imperiali
1326 4284 1402 4325 ac
1462 4268 1731 4327 ciuitatis
1796 4268 1984 4348 jadre
2049 4274 2428 4332 auctoritate
2497 4276 2797 4348 notariuS,
2865 4274 2992 4335 hoc
3061 4274 3436 4352 exemplum

721 4378 1025 4454 scriptum
1072 4396 1263 4438 manu
1314 4378 1497 4439 Blasii
1546 4380 1885 4457 supradicti
1957 4386 2198 4457 notarii,
2245 4385 2328 4444 ad
2375 4398 2803 4446 memoratum
2865 4388 3270 4447 autenticum
3317 4405 3437 4445 vna

724 4506 871 4548 cum
948 4491 1383 4568 suprascriptis
1459 4489 1833 4554 Alexandro
1904 4506 1966 4554 et
2037 4495 2243 4556 Blasio
2313 4499 2571 4557 notariis
2638 4498 2976 4579 diligenter
3039 4510 3104 4559 et
3171 4499 3440 4561 fideliter

720 4600 1022 4661 ascultaui
1085 4614 1147 4660 et
1209 4606 1354 4677 quia
1424 4615 1762 4683 Vtrumque
1828 4608 2220 4669 concordare
2291 4612 2520 4677 inueni,
2591 4630 2694 4671 me
2762 4613 3104 4690 subscripsi
3174 4626 3239 4673 et
3289 4632 3431 4673 meo

718 4714 901 4793 signo
946 4726 1257 4775 consueto
1304 4718 1569 4797 signaui.

894 4836 1185 4909 (Stgnum
1232 4840 1513 4901 notarii.)
1578 4839 1716 4919 Ego
1762 4840 1986 4919 (drugt'
2030 4845 2302 4921 rukopt's)
2359 4844 2638 4924 Jacobus
2684 4846 3022 4925 quondam
3077 4848 3430 4915 ,Bonacursi

720 4945 803 5005 de
848 4945 1135 5019 ForliuiS‚
1194 4950 1499 5025 imperiali
1545 4955 1918 5013 auctoritate
1988 4959 2267 5017 notarius
2313 4970 2376 5017 et
2424 4976 2594 5019 nunc
2634 4957 2960 5038 Jadrensis
3007 4964 3268 5027 iuratus,
3313 4961 3431 5021 hoc

719 5058 1090 5136 exemplum
1135 5071 1461 5138 sumptum
1510 5081 1701 5124 manu
1733 5066 2072 5144 supradicti
2124 5068 2304 5129 Blasii
2357 5072 2582 5130 notarii
2613 5070 2698 5131 ad
2731 5084 3168 5136 memoratum
3219 5090 3428 5137 auten-
