3797 5795
1546 426 1632 436 -
1693 390 1960 455 593-

399 582 778 661 particulam
851 591 1014 642 terre
1091 599 1318 642 eorum
1403 580 1702 643 Scekerie
1771 591 2137 660 nuncupate
2202 601 2241 641 a
2307 593 2489 661 parte
2556 592 2720 643 terre
2786 583 3105 643 dictorum

397 692 654 755 Iwanka
713 695 966 754 comitis
1011 705 1075 753 et
1113 691 1356 773 Jacobi‚
1418 712 1616 773 quam
1683 693 1767 755 ab
1831 694 2075 755 eisdem
2138 704 2329 755 antea
2390 713 2539 755 cum
2602 698 2833 756 nostris
2879 696 3099 757 litteris

396 817 862 887 compararant,
901 809 1110 884 ,metis
1170 806 1580 887 infrascriptis
1649 807 2037 881 distinctam,
2096 808 2367 869 confessi
2433 818 2579 869 sunt
2625 828 2693 871 se
2738 810 3103 873 uendidisse

393 940 514 1001 pro
581 939 820 982 nouem
889 922 1119 981 marcis
1187 919 1593 981 denariorum
1663 920 2183 1002 Zagrabiensium
2259 922 2391 982 iure
2456 932 2771 1001 perpetuo
2840 923 3099 985 Iwanka

395 1034 613 1095 comiti
675 1044 740 1093 et
794 1031 1041 1113 Jacobo
1104 1036 1474 1094 memoratis
1534 1044 1596 1094 et
1660 1036 1862 1113 ipsam
1924 1036 2265 1113 pecuniam
2334 1037 2647 1113 recepisse
2707 1036 2791 1096 ab
2837 1036 3098 1112 eisdem,

395 1146 590 1210 Cuius
633 1156 800 1207 terre
845 1147 1049 1225 prima
1113 1156 1302 1219 meta,
1363 1148 1522 1207 sicut
1569 1157 1781 1225 partes
1826 1146 2015 1207 nobis
2059 1147 2423 1215 retulerunt,
2473 1150 2691 1228 incipit
2739 1150 2824 1210 ab
2868 1134 3099 1211 arbore

391 1261 529 1339 piri,
574 1260 693 1320 sub
741 1278 868 1335 qua
915 1269 1011 1319 est
1057 1270 1230 1319 meta
1277 1270 1482 1320 terrea
1529 1261 1648 1320 sub
1697 1270 1936 1335 monte,
1998 1278 2124 1337 que
2169 1272 2424 1339 separat
2483 1272 2717 1323 terram
2778 1262 3097 1325 dictorum

392 1370 652 1435 Iwanka
697 1382 762 1433 et
800 1370 1026 1452 Jacobi
1071 1392 1106 1431 a
1155 1381 1319 1433 terra
1377 1370 1622 1435 Crisani
1668 1382 1732 1433 et
1775 1372 2033 1433 Thomc
2091 1376 2605 1453 prescriptorum,
2662 1375 2813 1437 inde
2859 1376 3097 1439 directe

390 1485 568 1547 uadit
621 1486 706 1547 ad
768 1486 1138 1563 aquilonem
1200 1495 1266 1545 et
1326 1486 1638 1546 transiens
1701 1504 1814 1565 per
1876 1484 2204 1565 quandam
2264 1506 2499 1566 aquam
2560 1488 2829 1567 Toplica
2890 1490 3096 1570 potok

390 1609 688 1662 uocatam
734 1599 853 1659 sub
901 1608 1144 1673 monte,
1189 1600 1480 1677 peruenit
1526 1599 1609 1659 ad
1659 1608 1902 1659 metam
1950 1608 2219 1659 terream
2270 1610 2332 1660 et
2380 1600 2527 1661 hinc
2571 1602 2930 1679 procedens
2973 1604 3095 1663 sub

386 1712 623 1774 eodem
671 1721 892 1772 monte
935 1730 1051 1791 per
1097 1730 1322 1789 parum
1369 1711 1453 1771 ad
1502 1710 1905 1772 occidentem
1951 1730 2066 1791 per
2113 1712 2442 1790 quandam
2490 1713 2743 1788 uallem,
2802 1716 3093 1777 ascendit

383 1828 614 1887 iterum
674 1843 893 1886 uersus
953 1824 1484 1903 septemtrionem
1530 1824 1614 1885 ad
1664 1835 1972 1897 montem,
2031 1827 2095 1885 in
2144 1844 2271 1904 qua
2317 1825 2483 1886 ualle
2528 1836 2623 1886 est
2669 1828 2860 1888 arbor
2913 1831 3091 1907 pomi

383 1950 556 2001 meta
603 1949 804 1999 terrea
850 1936 1247 1998 circumdata
1295 1947 1359 1998 et
1405 1938 1492 1998 ibi
1539 1938 1778 1999 cadens
1823 1939 1886 1999 in
1934 1939 2232 1999 semitam
2278 1939 2627 2019 quandam,
2673 1940 2849 2001 uadit
2910 1943 3090 2022 quasi

383 2052 468 2113 ad
515 2054 825 2112 orientem
873 2060 937 2112 et
983 2050 1271 2111 ascendit
1317 2052 1380 2111 in
1429 2062 1722 2112 montem
1769 2050 1966 2112 berch
2028 2062 2332 2112 uocatum
2394 2063 2459 2112 et
2505 2054 2567 2112 in
2616 2053 2851 2114 eodem
2896 2056 3090 2116 berch

383 2175 448 2225 et
493 2166 556 2225 in
602 2162 831 2225 eadem
898 2165 1124 2224 semita
1185 2162 1464 2224 declinat
1524 2165 1754 2225 iterum
1819 2182 2039 2225 uersus
2100 2166 2625 2244 septemtrionem
2692 2179 2754 2227 et
2800 2171 3093 2246 peruenit

379 2298 571 2357 supra
618 2276 850 2339 uallem
897 2276 1159 2339 Mortun
1224 2276 1426 2358 welge
1473 2288 1772 2338 uocatam
1818 2276 1904 2338 ad
1950 2276 2245 2337 arborem
2308 2289 2606 2339 castanee
2673 2290 2845 2341 meta
2890 2290 3094 2343 terrea

376 2392 843 2464 circumfusam,
888 2390 1038 2451 inde
1085 2390 1444 2469 procedens
1491 2393 1551 2451 in
1602 2390 1836 2451 eodem
1900 2390 2095 2450 berch
2150 2400 2215 2451 et
2261 2392 2323 2451 in
2372 2390 2601 2452 eadem
2649 2394 2752 2453 uia
2798 2397 3092 2472 peruenit

349 2506 462 2593 ‘ad
509 2505 804 2565 arborem
873 2502 985 2582 tul,
1049 2503 1168 2563 sub
1233 2521 1359 2581 qua
1427 2513 1523 2564 est
1587 2516 1757 2564 meta
1818 2514 2040 2577 terrea,
2085 2504 2169 2564 ab
2216 2503 2365 2564 inde
2432 2503 2644 2565 adhuc
2688 2524 2959 2588 uergens
3003 2507 3089 2567 ad

377 2619 748 2698 aquilonem
810 2620 1102 2697 peruenit
1146 2616 1232 2677 ad
1281 2634 1584 2697 magnam
1653 2628 1912 2690 metam,
1975 2636 2103 2696 que
2148 2626 2399 2694 separat
2444 2617 2528 2677 ab
2574 2619 2847 2679 inuicem
2895 2630 3092 2682 terras

379 2732 697 2792 dictorum
761 2728 1032 2791 filiorum
1078 2730 1354 2804 Thome,
1415 2728 1688 2790 filiorum
1735 2727 2003 2790 Arlandi
2053 2741 2117 2790 et
2164 2730 2549 2809 populorum
2596 2732 2799 2791 castri.
2861 2732 3090 2794 Postea

379 2842 778 2906 descendens
839 2862 951 2923 per
1013 2843 1184 2904 idem
1246 2842 1443 2905 berch
1503 2843 1586 2904 ad
1635 2842 2043 2905 occidentem
2112 2844 2405 2923 peruenit
2472 2842 2558 2905 ad
2622 2843 2899 2920 foueam,
2963 2864 3088 2925 que

377 2970 644 3019 uocatur
692 2956 952 3036 Cupest‚
999 2958 1081 3017 de
1129 2977 1256 3035 qua
1303 2957 1493 3018 souea
1539 2955 1874 3018 descendit
1921 2956 2005 3017 ad
2038 2976 2272 3036 aquam
2321 2956 2608 3036 Toplica,
2640 2959 2703 3018 in
2751 2976 2877 3036 qua
2921 2977 3086 3039 aqua

375 3070 664 3132 ascendit
708 3071 794 3131 ad
841 3068 1175 3131 meridiem
1221 3081 1284 3130 et
1332 3071 1466 3132 exit
1513 3070 1596 3130 de
1651 3073 1788 3149 ipsa
1852 3069 2125 3148 Toplica
2185 3069 2269 3130 ad
2329 3071 2639 3130 orientem
2702 3070 2786 3131 ad
2848 3081 3089 3132 metam

374 3196 666 3258 terream,
734 3183 884 3245 inde
945 3201 1218 3264 pergens
1263 3184 1326 3243 in
1373 3183 1773 3265 longitudine
1835 3183 2019 3243 vnius
2081 3183 2309 3263 ingeris
2371 3181 2542 3243 cadit
2592 3182 2675 3244 ad
2722 3184 2913 3258 uiam,
2975 3186 3085 3246 ubi

372 3310 471 3358 est
517 3309 689 3358 meta
759 3307 998 3370 terrea;
1060 3296 1296 3357 deinde
1357 3298 1653 3378 gradiens
1701 3298 1762 3356 in
1811 3298 1916 3357 uia
1961 3296 2193 3357 eadem
2255 3295 2338 3355 ad
2402 3296 2737 3357 meridiem
2798 3299 3089 3376 peruenit

371 3411 457 3472 ad
503 3421 744 3472 metam
790 3428 1062 3471 terream
1109 3410 1427 3471 dictorum
1490 3408 1747 3470 Iwanka
1793 3418 1857 3469 et
1901 3407 2139 3488 Jacobi‚
2186 3407 2296 3468 ubi
2339 3427 2508 3487 aqua
2554 3407 2853 3472 Scekerie
2898 3411 3088 3471 caditae

370 3525 436 3585 in
469 3543 706 3604 aquam
737 3523 1026 3602 Toplica,
1073 3523 1286 3602 ibique
1319 3525 1708 3584 terminatur.
1741 3521 1963 3585 Astitit
1994 3523 2197 3582 eciam
2224 3519 2553 3601 Johannes
2604 3520 2767 3582 filius
2798 3522 3074 3585 Arlandi

371 3648 856 3698 commetaneus
903 3647 1068 3697 terre
1130 3636 1406 3710 uendite,
1468 3638 1576 3715 qui
1623 3636 1985 3696 vendicioni
2049 3635 2217 3695 facte
2286 3653 2671 3696 consensum
2716 3636 2973 3714 prebuit
3017 3646 3081 3698 et

369 3753 671 3830 permisit.
733 3750 842 3814 Ad
904 3750 1022 3810 hec
1083 3747 1321 3823 Crisan‚
1391 3747 1736 3831 Gregorius
1782 3758 1846 3809 et
1893 3748 2234 3810 Mortunus
2295 3767 2370 3809 ac
2436 3748 2725 3810 Thomas
2792 3752 3079 3828 superius

370 3867 683 3925 nominati
744 3863 1189 3945 obligauerunt
1234 3881 1320 3938 se,
1367 3861 1543 3942 quod
1590 3863 1980 3942 quicumque
2028 3862 2237 3922 dictos
2283 3860 2611 3922 Iwankam
2658 3869 2722 3922 et
2761 3860 3081 3942 Jacobum

367 3997 443 4038 ac
489 3996 711 4038 eorum
758 3977 1023 4038 heredes
1089 3977 1344 4037 racione
1388 3975 1675 4055 predicte
1722 3985 1886 4040 terre
1932 3977 2310 4053 inpeterent,
2372 3976 2489 4053 ipsi
2550 3973 2857 4053 expedire
2901 3984 3077 4035 tene-

368 4091 606 4152 buntur
665 4091 882 4152 labore
949 4091 1208 4169 proprio
1255 4099 1320 4150 et
1365 4108 1668 4167 expensa.
1731 4089 1804 4149 In
1866 4090 2045 4149 cuius
2105 4089 2193 4148 rei
2250 4089 2689 4148 testimonium
2750 4099 3079 4166 presentes

367 4204 452 4266 ad
514 4204 890 4265 instanciam
949 4203 1237 4282 parcium
1307 4202 1697 4263 contulimus
1758 4211 1979 4263 nostro
2044 4201 2250 4282 sigillo
2314 4202 2763 4261 communitas,
2832 4199 3075 4261 Datum

366 4319 562 4378 tercio
609 4316 714 4378 die
758 4326 905 4396 post
950 4317 1182 4377 festum
1232 4315 1622 4376 ascensionis
1677 4314 1943 4388 domini,
1989 4332 2163 4374 anno
2210 4313 2293 4373 ab
2339 4314 2785 4374 incarnacione
2831 4312 3075 4373 domini

367 4427 550 4494 MCC
594 4432 1066 4511 septuagesimo
1112 4431 1340 4508 primo,

523 4621 722 4680 ‚Liber
752 4621 1040 4698 privileg.
1093 4629 1366 4698 eppatus.
1434 4619 1705 4694 Zagrab.
1754 4619 1866 4675 list
1912 4623 2013 4674 44.

535 4726 792 4784 Tkallic'
827 4726 1104 4783 silenum.
1150 4725 1334 4801 episc.
1381 4725 1570 4799 Zagr.
1618 4723 1671 4781 I.
1721 4727 1850 4780 157.
1904 4757 1985 4766 —
2053 4722 2300 4781 Wenzel
2347 4722 2487 4780 Cod.
2535 4722 2687 4799 dipl.
2733 4721 2881 4798 Arp.
2927 4721 3073 4779 XII.

357 4837 448 4890 45.
510 4833 732 4890 donosi
774 4839 991 4905 regest.
1043 4861 1127 4872 -—
1173 4829 1553 4906 Kukuljevic'
1591 4829 1748 4910 Reg.
1798 4847 1898 4887 no.
1947 4831 2121 4886 1035.

444 5231 588 5272 con.
623 5229 788 5271 mpr..
819 5229 881 5272 v.
2898 5203 2980 5266 38

3754 5543 3761 5598 —-
3754 5363 3761 5526 -.-——.-—
3754 5017 3761 5344 -ψ-..Λ-
3758 4983 3760 5008 -Ᾰ
