3797 5795
1860 413 1944 419 ——
2007 375 2134 438 390
2196 413 2276 420 ·—

895 569 1141 643 (Drugi
1184 568 1480 646 rukopis).

890 679 1030 762 Ego
1078 680 1380 742 Nicolaus
1424 680 1509 741 de
1556 681 1753 743 Paulo
1800 680 1998 742 iudex
2039 700 2230 760 super
2273 683 2594 761 premissis
2639 699 2902 742 manum
2947 682 3105 741 misi.

890 793 1032 874 Ego
1080 794 1457 856 Vincentius
1516 794 1781 856 ecclesie
1844 807 2064 856 sancte
2127 793 2325 856 Marie
2390 796 2643 855 maioris
2687 794 2948 855 clericus
2993 804 3056 854 et
3094 791 3432 873 Jadrensis

716 908 999 966 notarius
1044 927 1081 968 a
1128 905 1474 968 Laurentio
1506 918 1571 968 et
1604 906 1940 986 Stephano
1987 907 2300 969 iudicibus
2345 909 2780 987 suprascriptis
2825 907 3098 968 scribere
3135 907 3430 966 nescien-

715 1018 901 1092 tibus,
948 1039 1063 1098 pro
1111 1022 1200 1080 eis
1244 1023 1461 1100 scripsi
1510 1039 1773 1083 manum
1820 1022 2146 1100 propriam
2193 1021 2586 1101 inponendo

888 1131 1031 1214 Ego
1082 1133 1458 1194 Vincentius
1518 1134 1785 1196 ecclesie
1846 1144 2065 1195 sancte
2127 1134 2326 1195 Marie
2389 1137 2642 1196 maioris
2687 1133 2950 1195 clericus
2993 1142 3058 1193 et
3097 1131 3432 1213 Jadrensis

716 1246 999 1306 notarius
1043 1246 1342 1323 predictis
1386 1247 1637 1308 interfui
1682 1259 1960 1329 rogatuS,
2004 1259 2070 1308 vt
2101 1247 2315 1309 audiui
2361 1247 2526 1308 hanc
2569 1257 2811 1308 cartam
2855 1247 3090 1325 scripsi,
3121 1245 3428 1306 roboraui

717 1366 781 1418 et
826 1359 1009 1439 signo
1054 1369 1365 1420 consueto
1408 1362 1670 1441 signaui.

894 1512 914 1572 (
924 1501 1186 1574 Segnum
1234 1511 1385 1566 not.)

901 1691 1199 1764 Ortjginal
1239 1712 1279 1749 u
1325 1692 1549 1750 arkivu
1594 1703 1954 1752 samostana
2001 1714 2085 1751 sv.
2133 1695 2368 1768 Alarije
2414 1715 2454 1751 u
2501 1695 2730 1752 Zadru.

1978 2028 2171 2106 869.

719 2217 921 2296 1266,
969 2217 1074 2284 16.
1122 2220 1468 2300 augusta.
1515 2219 1574 2284 U
1628 2219 1982 2302 Zaqrebu.

716 2410 877 2472 Ban
939 2410 1225 2473 Roland
1275 2408 1620 2494 pre'lzvatio
1686 2407 1939 2472 lz'stz'nu
2006 2409 2337 2493 Stjepana
2383 2409 2579 2482 bana,
2622 2416 2707 2494 po
2756 2408 2946 2493 kojoj
2977 2407 3276 2494 pripada
3325 2407 3424 2470 bi-

1403 2521 1675 2607 skupzjz'
1714 2521 2004 2607 m'nskoj
2041 2523 2280 2606 zemlja
2333 2505 2727 2608 Cetzjglavac.

890 2715 1223 2776 Rolandus
1286 2715 1491 2776 banus
1551 2717 1745 2776 totius
1805 2713 2146 2778 Sclauonie
2205 2717 2508 2776 vniuersis
2569 2725 2930 2794 presentem
2978 2717 3282 2796 paginam
3327 2716 3426 2774 in·

715 2830 1021 2908 specturis
1080 2828 1350 2890 salutem
1397 2831 1461 2888 in
1506 2847 1662 2890 uero
1722 2829 2023 2889 saluatori
2041 2825 2122 2912 (1).
2169 2827 2280 2890 Ad
2326 2830 2765 2890 uniuersorum
2827 2829 3131 2889 noticiam
3193 2827 3424 2888 harum

716 2941 873 3003 serie
934 2943 1226 3021 cupimus
1286 2941 1604 3017 deuenire‚
1652 2942 1828 3021 quod
1888 2960 2036 3003 cum
2097 2962 2211 3021 per
2275 2942 2610 3003 dominum
2673 2952 2960 3003 nostrum
3023 2941 3270 3002 Bellam
3313 2941 3424 3003 dei

715 3058 913 3136 gratia
958 3055 1264 3115 illustrem
1311 3073 1528 3136 regem
1578 3056 1860 3137 Vngarie
1907 3056 2095 3116 nobis
2141 3056 2202 3115 in
2249 3066 2498 3134 partem
2543 3056 2870 3129 extitisset,
2911 3066 2980 3115 ut
3025 3055 3424 3133 ubicumque

714 3168 779 3228 in
824 3170 1132 3229 comitatu
1178 3168 1260 3228 de
1312 3168 1485 3229 Luca
1552 3178 1785 3229 terram
1854 3170 2074 3247 paucis
2133 3169 2576 3250 iobagionibus
2633 3178 2699 3229 et
2742 3167 3206 3229 habitatoribus
3249 3170 3425 3229 exis·

716 3290 959 3341 tentem
999 3284 1184 3341 castri
1232 3284 1515 3342 inuenire
1545 3299 1901 3361 possemus,
1953 3281 2196 3360 absque
2235 3281 2464 3342 nullius
2495 3283 2640 3342 iuris
2668 3280 3016 3360 preiudicio
3047 3281 3424 3341 venerando

714 3396 879 3473 patri
926 3392 1299 3475 Sansonis(1)
1347 3396 1653 3473 episcopo
1686 3392 1876 3471 None
1921 3397 2401 3475 assignaremur‚
2447 3394 2548 3456 uel
2593 3414 2707 3473 per
2751 3394 3080 3455 hominem
3125 3408 3422 3455 nostrum

718 3509 1019 3588 assignari
1066 3508 1435 3580 faceremus
1468 3508 1573 3569 ubi
1606 3526 1751 3569 suas
1782 3508 2066 3568 decimas
2096 3507 2180 3567 de
2210 3506 2443 3568 eodem
2477 3508 2784 3567 comitatu
2814 3506 3167 3567 annualiter
3211 3510 3418 3586 possit

718 3620 927 3680 facere
974 3622 1361 3701 congregari.
1411 3620 1492 3681 Et
1539 3639 1659 3681 nos
1704 3622 2021 3699 preceptis
2067 3638 2178 3681 seu
2227 3619 2545 3681 mandatis
2591 3618 2875 3680 eiusdem
2923 3619 3168 3680 domini
3217 3622 3420 3679 nostri

718 3732 969 3795 illustris
1027 3736 1191 3814 regis
1254 3734 1537 3815 Vngarie
1598 3734 1958 3794 satisfacere
2019 3733 2470 3808 desideranteS,
2515 3742 2586 3793 ut
2631 3744 2924 3795 tenemur
2966 3742 3030 3792 et
3076 3730 3420 3811 Stephano

718 3846 889 3906 bano
958 3844 1127 3906 fideli
1195 3858 1415 3907 nostro
1484 3846 1881 3907 dedissemus
1943 3848 2004 3906 in
2066 3849 2396 3925 preceptiS,
2443 3856 2512 3906 ut
2579 3847 2966 3925 ubicumque
3011 3847 3074 3905 in
3123 3846 3264 3923 ipso
3309 3864 3422 3905 co-

718 3960 945 4019 mitatu
974 3959 1057 4019 de
1088 3958 1267 4020 Luca
1298 3962 1517 4038 paucis
1561 3959 2021 4021 habitatoribus
2053 3959 2155 4019 uel
2185 3978 2456 4020 uacuam
2487 3968 2706 4037 posset
2735 3960 3037 4031 inuenire,
3067 3957 3420 4019 circuendo

720 4072 1004 4150 undique
1050 4083 1112 4133 et
1158 4074 1343 4133 certis
1389 4073 1574 4133 metis
1620 4072 2074 4153 distinguendo
2121 4083 2426 4133 statueret
2473 4090 2584 4132 seu
2627 4073 2977 4152 assignaret
3043 4070 3421 4131 venerando

718 4186 881 4262 patri
942 4183 1217 4247 Sansoni
1279 4187 1583 4263 episcopo
1628 4185 1956 4246 antedicto
2005 4186 2318 4264 nobisque
2363 4204 2476 4264 per
2521 4198 2812 4245 tenorem
2857 4184 3110 4245 litarum
3155 4202 3420 4244 suarum

718 4296 1087 4357 rescriberet
1132 4298 1425 4358 seriatim.
1472 4296 1600 4375 Qui
1631 4296 1998 4377 Stephanus
2041 4298 2244 4360 banus
2291 4299 2685 4371 marittimuS,
2721 4309 2918 4376 ,prout
2950 4298 3012 4356 in
3043 4298 3196 4375 ipsis
3219 4296 3418 4357 literis

718 4410 994 4471 uidimus
1052 4412 1379 4483 contineri,
1441 4410 1766 4488 quandam
1828 4421 2061 4472 terram
2122 4412 2306 4472 castri
2354 4429 2498 4472 cum
2545 4411 2762 4488 paucis
2805 4409 3268 4470 habitatoribus
3315 4428 3420 4469 su·-

722 4523 931 4600 perius
962 4524 1274 4583 nominati
1306 4521 1712 4604 Chetiglauaz
1738 4534 2173 4603 nuncupatam
2207 4543 2425 4585 coram
2457 4518 2958 4603 comentaneis(l)
2992 4532 3056 4583 et
3087 4523 3310 4583 uicinis
3340 4540 3420 4582 ac

717 4634 1042 4713 prestaldo
1086 4633 1439 4717 Ampleo(!)
1487 4639 1707 4697 comiti
1752 4640 1940 4698 certis
1985 4640 2170 4697 metis
2217 4637 2500 4717 undique
2544 4636 2904 4697 distinctam
2943 4636 3160 4695 statuit
3206 4645 3273 4697 et
3317 4654 3420 4697 as-

718 4748 989 4829 signauit
1034 4749 1174 4808 uice
1220 4758 1437 4808 nostra
1482 4751 1609 4809 iam
1657 4749 1830 4810 dicto
1877 4751 2183 4829 episcopo
2230 4748 2502 4811 Sansoni
2551 4751 2682 4809 iure
2725 4758 3038 4827 perpetuo
3099 4749 3420 4808 irreuoca-

717 4859 925 4920 biliter
968 4860 1375 4938 possidenda.
1431 4858 1623 4924 Cuius
1669 4863 1987 4942 siquidem
2036 4872 2206 4939 mete
2251 4862 2559 4941 sepedicti
2587 4860 2894 4941 Stephani
2927 4862 3095 4934 bani,
3139 4862 3302 4921 sicut
3349 4861 3419 4921 in

718 4974 845 5033 suis
904 4975 1263 5033 continetur
1310 4973 1517 5047 literiS‚
1580 4973 1705 5035 hoc
1766 4976 1990 5036 ordine
2055 4975 2496 5057 distinguntur.
2561 4975 2768 5035 Pn‘ma
2828 4983 3000 5034 meta
3061 4974 3282 5053 incipit
3329 4973 3418 5033 ab

719 5088 883 5145 ostio
952 5084 1214 5162 ecclesie
1278 5090 1477 5147 sancti
1548 5086 1824 5169 Georgii,
1872 5088 2020 5149 inde
2079 5088 2285 5149 tendit
2343 5088 2428 5148 ad
2489 5098 2734 5167 partem
2797 5085 3278 5148 meridionalem
3327 5087 3416 5147 ad
