3797 5795
1594 437 1673 446 -
1737 403 2002 466 383-—

441 593 643 671 pitulo
689 603 751 653 et
802 611 1024 653 eorum
1086 593 1553 678 successoribus
1614 592 1946 670 quoddam
2009 595 2391 656 territorium
2444 594 2620 674 quod
2667 595 2895 656 dicitur
2940 598 3139 656 sancti

442 705 673 767 X'italis
734 705 1105 768 habendum
1169 716 1232 765 et
1291 704 1753 783 possidendum
1815 707 1877 768 in
1948 716 2326 785 perpetuum
2373 717 2437 767 et
2484 726 2602 785 pro
2649 726 2761 768 sua
2807 707 3137 769 uoluntate

440 819 637 880 libere
682 829 745 879 et
790 818 1082 879 absolute
1142 818 1584 889 laborandum,
1630 817 2052 896 plantandum
2102 838 2214 898 per
2259 839 2326 880 sc
2373 819 2474 880 uel
2521 839 2636 899 per
2681 819 2840 880 alios
2900 822 3143 900 absque

437 931 959 992 contradiccione
1006 932 1103 992 uel
1152 933 1369 992 banno
1401 951 1484 992 ex
1516 944 1695 1010 parte
1740 933 2150 993 comunitatis
2195 933 2459 1005 emisso;
2500 943 2783 994 ceterum
2830 936 2876 993 si
2926 932 3140 1012 aliquo

442 1057 731 1124 tempore
791 1064 979 1124 super
1038 1045 1269 1106 codem
1332 1048 1645 1107 territorio
1707 1045 1879 1105 dicto
1927 1045 2194 1106 domino
2255 1048 2559 1125 episcopo
2605 1055 2668 1106 et
2715 1046 2993 1125 capitulo
3041 1047 3140 1106 uel

436 1177 661 1218 eorum
723 1159 1189 1219 successoribus
1247 1159 1459 1237 aliqua
1520 1163 1769 1239 questio
1833 1159 1932 1219 uel
1995 1158 2358 1237 calumpnia
2429 1168 2810 1233 moueretur,
2854 1159 3138 1237 predicta

436 1273 799 1331 comunitas
858 1281 1151 1332 teneatur
1209 1272 1543 1333 defensare
1605 1282 1667 1332 ct
1730 1271 2037 1351 expedire
2097 1271 2252 1332 illud
2313 1272 2396 1332 ab
2461 1273 2640 1332 omni
2709 1275 3140 1333 controuersia

438 1403 567 1462 que
612 1386 981 1465 contingere
1024 1396 1259 1463 posset.
1308 1385 1597 1446 Preterea
1667 1384 1930 1464 predicti
1982 1384 2230 1445 nobiles
2274 1404 2391 1462 pro
2438 1403 2506 1444 se
2552 1394 2616 1445 et
2666 1385 2926 1446 nomine
2973 1385 3140 1446 dicte

434 1498 845 1557 comunitatis
886 1496 1241 1578 ligauerunt
1286 1517 1354 1558 se
1400 1498 1517 1558 sub
1568 1498 1822 1558 uinculo
1884 1500 2237 1568 iuramenti,
2299 1497 2478 1577 quod
2540 1499 2689 1558 totis
2736 1497 2973 1558 uiribus
3021 1498 3136 1558 ob-

438 1621 683 1688 ponent
728 1629 795 1670 se
842 1621 907 1670 et
951 1612 1259 1683 resistent,
1305 1613 1351 1671 si
1402 1611 1628 1689 aliquis
1690 1629 1821 1670 non
1884 1630 2000 1689 per
2061 1611 2380 1671 racionem
2430 1611 2544 1670 sed
2590 1630 2704 1690 per
2749 1611 3130 1671 uiolenciam

438 1721 592 1783 illud
660 1725 1037 1784 territorium
1110 1734 1447 1784 conaretur
1506 1744 1542 1783 a
1602 1723 1787 1784 dictis
1856 1723 2124 1784 domino
2193 1725 2499 1802 episcopo
2567 1735 2630 1784 et
2698 1723 2974 1803 capitulo
3036 1725 3136 1785 uel

432 1855 661 1898 eorum
722 1839 1189 1898 successoribus
1251 1837 1511 1898 auferre.
1558 1838 1972 1899 Territorium
2034 1847 2249 1899 autem
2297 1839 2502 1916 ipsum
2554 1839 2638 1898 ita
2684 1839 2810 1898 suis
2857 1839 3138 1898 terminis

438 1949 756 2014 limitatur.
802 1950 1095 2011 uidelicet
1157 1951 1518 2029 incipiendo
1564 1950 1647 2011 ab
1693 1968 1859 2029 aqua
1907 1969 2032 2029 que
2077 1950 2304 2011 dicitur
2355 1950 2708 2026 Resinicha‚
2753 1953 2914 2012 sicut
2961 1951 3135 2012 uadit

439 2065 539 2122 uia
584 2062 837 2140 publica
898 2081 1116 2123 uersus
1175 2063 1551 2144 Tragurium
1614 2081 1817 2142 usque
1878 2064 1962 2124 ad
2024 2062 2294 2125 riuulum
2359 2065 2466 2140 qui
2535 2063 2762 2125 dicitur
2808 2062 3026 2125 Salsus
3072 2075 3135 2124 et

438 2176 600 2236 sicut
667 2175 842 2236 uadit
911 2195 1095 2254 sepes
1140 2195 1286 2236 cum
1348 2179 1483 2256 ripa
1544 2194 1747 2254 usque
1808 2176 1891 2238 ad
1941 2195 2118 2237 mare
2163 2179 2342 2236 iuxta
2384 2176 2740 2255 predictam
2801 2176 3134 2238 ecclesiam

434 2291 635 2348 sancti
700 2287 943 2361 Vitalis‚
992 2299 1303 2366 quantum
1366 2288 1659 2350 uidelicet
1732 2289 1891 2349 infra
1939 2289 2146 2350 dictos
2191 2288 2348 2350 fines
2395 2288 2756 2368 pertinebat
2801 2287 2884 2350 ad
2932 2291 3027 2350 ius
3071 2298 3136 2349 et

428 2403 887 2478 proprietatem
920 2400 1089 2461 dicte
1120 2403 1545 2462 comunitatis.
1582 2399 1779 2480 Quod
1812 2404 2192 2462 territorium
2227 2401 2434 2462 dictus
2465 2402 2764 2463 dominus
2794 2405 3133 2482 episcopus

426 2530 579 2572 cum
640 2531 757 2573 suo
818 2514 1096 2592 capitulo
1158 2514 1460 2574 concordi
1522 2515 1738 2574 animo
1784 2525 2211 2594 acceptantes,
2262 2515 2514 2576 fuerunt
2561 2518 2846 2576 contenti
2891 2534 2971 2576 eo
3018 2535 3136 2595 pro

430 2623 699 2687 decimis
758 2627 1151 2706 supradictis
1198 2627 1395 2688 Facta
1458 2638 1604 2688 sunt
1666 2627 1783 2687 hec
1844 2630 2062 2688 omnia
2124 2646 2340 2688 coram
2404 2628 2580 2688 dicto
2625 2629 2892 2689 domino
2937 2628 3136 2690 archi-

427 2737 707 2798 diacono
755 2741 892 2818 ipso
938 2759 1021 2800 ex
1067 2739 1279 2801 officio
1326 2759 1443 2802 suo
1488 2741 1841 2818 aprobante
1889 2754 1953 2801 et
1999 2759 2182 2801 suam
2243 2744 2694 2802 auctoritatem
2741 2760 2865 2822 qua
2913 2741 3133 2822 sunge-

430 2851 619 2911 batur
682 2851 795 2912 hiis
885 2856 1328 2933 interponente
1396 2865 1459 2915 et
1526 2865 1821 2933 presente
1892 2854 2066 2915 dicto
2140 2854 2406 2915 domino
2468 2854 2704 2917 abbate
2763 2866 2826 2917 et
2889 2853 3130 2916 dictum

427 2967 855 3026 iuramentum
916 2967 1345 3044 prestantibus
1408 2968 1590 3027 dictis
1652 2967 1930 3027 dominis
1993 2967 2232 3029 Duimo
2293 2978 2357 3028 et
2409 2968 2756 3029 Valentino
2823 2968 3133 3029 iudicibus

426 3098 549 3156 pro
595 3098 662 3139 se
709 3090 769 3139 et
816 3098 933 3157 pro
981 3091 1115 3139 tota
1160 3083 1555 3140 comunitate
1597 3080 1678 3141 de
1712 3080 2043 3141 uoluntate
2090 3081 2369 3141 conscilii
2403 3094 2463 3141 et
2497 3082 2764 3143 aliorum
2814 3081 3128 3142 dictorum

426 3194 704 3252 virorum
769 3192 937 3253 dicte
996 3194 1265 3254 ciuitatis
1326 3192 1563 3253 ibidem
1626 3196 2046 3272 presencium,
2091 3196 2152 3255 in
2219 3194 2482 3255 ecclesia
2547 3197 2746 3256 sancti
2795 3194 3130 3255 Laurencii

424 3307 837 3384 episcopatus
897 3304 1180 3387 Tragurii
1248 3309 1310 3365 in
1381 3309 1708 3385 presencia
1774 3306 2040 3367 fratrum
2102 3306 2277 3387 Jesse
2345 3320 2408 3367 et
2453 3306 2734 3368 Simonis
2780 3306 2862 3366 de
2907 3307 3130 3367 ordine

432 3417 927 3488 Predicatorum‚
972 3418 1231 3479 fratrum
1294 3418 1619 3481 Theodori
1682 3432 1745 3479 et
1802 3416 2092 3501 Gregorii
2153 3420 2480 3501 guardiani
2547 3419 2662 3480 loci
2712 3420 3003 3501 Tragurii
3048 3420 3131 3481 de

424 3530 655 3591 ordine
720 3530 1060 3602 Minorum‚
1106 3531 1307 3591 fratris
1368 3530 1627 3593 Oliuerii
1700 3534 1954 3593 monaci
2001 3541 2064 3593 et
2109 3532 2350 3593 domini
2405 3532 2591 3594 Blasii
2637 3533 2984 3593 sacerdotis
3029 3552 3130 3593 ca-

426 3642 661 3721 pellani
725 3644 873 3705 dicti
936 3644 1177 3704 domini
1238 3643 1663 3705 archidiaconi
1712 3658 1775 3705 et
1820 3644 2091 3705 aliorum
2151 3645 2423 3723 plurium
2485 3645 2802 3706 bonorum
2851 3649 3127 3706 virorum

430 3760 683 3816 testium
732 3756 969 3817 ibidem
1017 3758 1434 3835 presencium.

604 3872 893 3945 (Saejgmcm
941 3869 1091 3947 not.)
1136 3870 1275 3951 Ego
1326 3870 1773 3931 Bonauentura
1843 3872 2002 3931 Petri
2055 3874 2208 3931 ciuis
2254 3871 2528 3933 Anconc
2592 3874 2967 3933 auctoritate
3014 3872 3127 3931 do-

424 3984 582 4043 mini
628 4002 793 4061 pape
840 3986 1121 4043 notarius
1166 3994 1229 4043 et
1262 4000 1431 4042 nunc
1462 3986 1743 4044 notarius
1784 3986 2076 4043 comunis
2120 3982 2574 4065 'l'raguriensis,
2609 3985 2724 4046 hiis
2770 3985 3018 4045 interfui
3061 3997 3125 4045 et

418 4105 685 4175 rogatus
730 4116 766 4156 a
814 4096 1099 4175 partibus
1144 4097 1357 4175 scripsi
1408 4107 1470 4156 et
1518 4095 1853 4173 publicaui.

612 4316 907 4389 original
947 4334 984 4371 u
1033 4314 1253 4372 arkivu
1300 4314 1545 4391 kaptola
1594 4334 1632 4371 u
1688 4316 1947 4386 Trogz'ru
1995 4334 2051 4371 a.
2105 4318 2277 4372 1266.
2329 4336 2421 4371 no,
2479 4318 2564 4373 17.
