3797 5795
1919 408 2002 415 —
2066 373 2334 434 454—-

746 574 829 639 po
892 564 1208 622 direktoru
1273 564 1497 622 arkiva
1559 565 2040 639 namjestm‘c‘kog
2104 585 2143 622 u
2211 567 2478 623 Budimu
2545 565 2831 622 Illartz'nu
2899 565 3240 638 Lendvayu
3286 587 3326 622 u
3373 567 3460 622 kr.

758 688 857 742 ug.
908 671 1113 725 drz‘av.
1164 669 1389 726 arkivu
1452 689 1493 726 u
1554 671 1829 726 Budimu.
1874 670 1965 727 M.
2028 669 2098 728 O.
2149 669 2228 725 D.
2281 669 2349 725 L.
2403 690 2495 728 no.
2549 671 2784 728 363st
2851 671 3074 742 (Stura
3135 671 3462 744 signatura

757 773 1138 830 ‚Bedekovz'clz
1168 776 1344 850 fase.
1398 774 1447 831 I.
1500 794 1596 831 no.
1652 771 1740 846 6.)

932 876 1122 953 Feje'r
1165 878 1275 937 IV.
1330 880 1407 950 3.,
1456 880 1591 934 395.
1643 881 1771 935 ima
1830 899 2003 936 samo
2065 878 2345 935 izvadak.
2395 909 2480 920 —-
2544 879 2788 935 IVenzel
2837 878 2976 936 cod.
3027 878 3179 954 dipl.
3229 877 3459 953 Arpad.

757 992 910 1040 cont.
972 983 1137 1042 VIII.
1186 985 1450 1044 170—3,
1502 1018 1587 1027 -
1632 983 2010 1047 Kukulievic‘
2047 985 2196 1057 leeg.
2249 1003 2342 1039 no.
2399 985 2528 1038 941.

758 1425 958 1489 1267.
1006 1421 1067 1488 U
1113 1399 1491 1489 §ibenikm
1924 1410 1933 1419 ’
2024 1300 2192 1380 919

761 1613 935 1676 Ivan
1002 1612 1389 1698 nadbiskup
1453 1611 1773 1698 spljetskz‘
1836 1610 2165 1697 z'straiuje
2211 1612 2244 1674 ι’
2283 1613 2496 1675 kazm'
2555 1612 2770 1675 velz'ke
2830 1613 3170 1698 zloporabe
3213 1623 3464 1698 popova

1925 1725 2317 1790 h'bent'lkzh.

934 1917 1155 1980 Frater
1178 1919 1503 1998 Johannes
1534 1919 1745 1979 divina
1776 1917 2175 1997 providentia
2207 1919 2720 1997 archiepiscopus
2737 1917 3131 1997 Spalatensis
3165 1922 3468 1982 universis

761 2027 985 2092 Christi
1036 2029 1327 2092 fidelibus
1371 2044 1697 2110 presentes
1758 2031 1997 2091 litteras
2043 2033 2414 2109 inspecturis
2461 2029 2733 2092 salutem
2780 2035 2842 2092 in
2889 2051 2968 2092 eo
3015 2035 3122 2111 qui
3173 2043 3274 2093 est
3325 2053 3466 2094 vera

759 2143 943 2204 salus,
1006 2142 1167 2207 Cum
1231 2145 1531 2206 naturalis
1592 2145 1895 2206 industria
1958 2143 2155 2204 feram
2217 2164 2335 2223 pro
2403 2146 2532 2205 suis
2578 2145 2810 2205 fetibus
2855 2143 3066 2205 reddit
3111 2146 3468 2214 sollicitam,

760 2257 963 2318 multo
1010 2260 1211 2338 magis
1256 2259 1551 2336 prelatus
1596 2261 1701 2338 qui
1748 2259 1964 2336 previa
2008 2261 2252 2318 ratione
2285 2269 2348 2317 et
2381 2260 2530 2316 novi
2579 2269 2642 2318 et
2687 2261 2914 2318 veteris
2961 2261 3353 2330 testamenti,
3397 2277 3468 2318 ac

756 2387 1082 2430 canonum
1142 2374 1469 2432 sanctione
1530 2373 1941 2450 premunitus,
1985 2374 2112 2432 suis
2159 2373 2222 2431 in
2271 2369 2527 2433 Christo
2591 2370 2728 2431 filiis
2774 2371 2970 2431 debet
3014 2371 3357 2449 providere
3402 2384 3462 2431 et

756 2484 930 2560 ipsos
994 2483 1077 2541 ab
1138 2501 1349 2544 errore
1412 2484 1495 2544 ad
1556 2487 1723 2545 viam
1785 2486 2001 2546 salutis
2062 2504 2376 2546 revocare.
2444 2483 2614 2544 Hinc
2673 2495 2786 2556 est,
2851 2485 3027 2563 quod
3077 2503 3193 2544 nos
3242 2484 3330 2545 ad
3379 2487 3464 2544 in-

755 2598 1055 2656 stantiam
1103 2606 1166 2656 et
1211 2599 1587 2675 petitionem
1649 2598 2024 2658 venerabilis
2085 2599 2289 2658 fratris
2353 2600 2548 2657 nostri
2599 2594 2982 2659 Columbani
3029 2597 3466 2678 Traguriensis

756 2711 1041 2787 episcopi
1086 2721 1151 2768 et
1194 2729 1279 2769 ex
1324 2710 1539 2771 officio
1586 2721 1804 2770 nostro
1851 2709 2221 2772 Sibenicum
2271 2711 2668 2784 accedenteS,
2692 2713 2840 2790 quia
2887 2711 3167 2771 clamore
3198 2721 3266 2771 et
3298 2710 3466 2770 fama

752 2820 839 2881 de
882 2823 1249 2882 excessibus
1294 2823 1667 2883 clericorum
1713 2824 1952 2884 ibidem
1999 2824 2410 2884 residentium
2443 2824 2527 2884 ad
2559 2843 2742 2884 aures
2775 2833 3021 2884 nostras
3069 2837 3460 2903 pervenerat,

756 2934 1087 3016 diligenter
1132 2955 1351 2997 coram
1396 2937 1659 2998 ecclesie
1719 2920 2088 3011 senioribus,
2145 2938 2436 2999 videlicet
2482 2938 2945 2998 venerabilibus
2991 2937 3290 2999 fratribus
3335 2941 3459 3017 cpi-

754 3067 955 3127 scopo
1000 3050 1401 3130 Traguriensi
1449 3051 1733 3111 eiusdem
1784 3051 1902 3111 loci
1951 3052 2297 3111 diocesano
2344 3064 2407 3110 et
2453 3052 2760 3129 episcopo
2798 3050 3111 3124 Pharensi‚
3159 3070 3284 3111 nec
3335 3070 3462 3111 non

753 3162 941 3224 fratre
989 3163 1441 3224 Bartholomeo
1490 3163 1821 3241 quondam
1869 3166 2176 3243 episcopo
2224 3162 2654 3225 Scardonensi
2701 3177 2763 3224 et
2810 3164 2944 3223 aliis
2993 3164 3308 3237 fratribus,
3357 3165 3456 3225 dei

756 3279 955 3355 gratia
1000 3277 1233 3337 abbate
1264 3280 1460 3336 sancti
1510 3276 1752 3339 Stefani
1800 3278 1882 3336 de
1929 3278 2194 3355 Spalato
2241 3290 2304 3337 et
2343 3277 2848 3337 Prcdicatoribus
2883 3288 2945 3337 et
2981 3277 3344 3339 Minoribus
3390 3296 3464 3337 ac

754 3387 907 3462 aliis,
951 3390 1098 3464 quia
1137 3388 1380 3449 clamor
1418 3388 1722 3449 innu‘ebat
1768 3400 1831 3450 et
1863 3390 2218 3450 diffamatio
2253 3390 2717 3459 manifestabat,
2758 3393 3088 3451 veritatem
3123 3391 3456 3473 diligenter

755 3498 1019 3561 fecimus
1080 3504 1451 3579 perscrutari
1499 3512 1563 3561 et
1609 3504 1754 3580 quia
1814 3505 1900 3563 rei
1969 3503 2276 3580 poscebat
2339 3503 2627 3582 qualitaS,
2674 3506 2982 3563 canonica
3053 3503 3462 3565 distinctione

753 3612 973 3691 culpas
1032 3614 1518 3675 misericorditer
1575 3617 1939 3693 punivimus
1999 3615 2526 3693 delinquentium.
2595 3615 2662 3675 ln
2711 3618 2928 3695 primis
2973 3616 3462 3695 archipresbiter

752 3725 1038 3786 eiusdem
1101 3728 1222 3787 loci
1281 3746 1399 3805 pro
1459 3747 1556 3801 e0,
1604 3726 1781 3806 quod
1844 3727 2039 3808 longo
2104 3738 2394 3806 tempore
2441 3731 2642 3789 tenuit
2688 3730 3114 3789 concubinam
3185 3741 3253 3790 et
3317 3732 3459 3807 quia

752 3856 884 3899 non
960 3840 1215 3900 evitavit
1289 3843 1813 3901 excomunicatos
1890 3862 2006 3920 per
2083 3843 2415 3903 dominum
2487 3844 2858 3921 episcopum
2932 3862 3114 3902 suum
3187 3853 3254 3903 et
3316 3846 3456 3921 quia

747 3954 1043 4013 sustinuit
1088 3953 1351 4013 clericos
1397 3955 1459 4012 in
1504 3956 1695 4014 sacris
1742 3955 2072 4038 ordinibus
2116 3958 2498 4015 constitutos
2544 3955 2920 4015 contrahere
2977 3958 3452 4015 matrimonium

747 4073 813 4122 et
862 4067 1007 4143 quia
1070 4065 1339 4127 contulit
1397 4067 1747 4145 quamdam
1812 4069 2165 4141 ecclesiam,
2229 4086 2359 4128 non
2423 4070 2724 4147 requisito
2770 4069 3077 4145 episcopo
3123 4087 3262 4142 su0,
3309 4085 3451 4127 cum

746 4180 986 4239 comite
1046 4178 1299 4239 cuidam
1363 4180 1683 4241 monacho
1753 4199 1916 4261 vago
1963 4192 2028 4242 et
2075 4183 2222 4260 quia
2269 4184 2602 4260 antiquam
2648 4192 2710 4241 et
2757 4180 3144 4241 laudabilem
3193 4198 3454 4241 consue-

746 4290 1039 4353 tudinem
1087 4291 1169 4351 de
1216 4294 1449 4370 nuptiis
1509 4310 1642 4353 non
1692 4296 1964 4353 servavit
2009 4307 2073 4355 et
2118 4296 2266 4373 quia
2313 4294 2471 4366 illos,
2518 4297 2622 4370 qui
2671 4293 2957 4355 incidunt
3003 4296 3065 4354 in
3113 4310 3452 4361 canonem,

744 4420 867 4478 pro
912 4405 1317 4466 absolutione
1377 4405 1460 4467 ad
1521 4410 1897 4485 episcopum
1946 4409 2034 4468 ire
2082 4426 2214 4467 non
2261 4408 2590 4486 compulit,
2634 4409 2794 4467 sicut
2854 4406 3203 4467 retulerunt
3263 4406 3444 4467 nobis

744 4514 928 4579 iurati
975 4517 1385 4597 quamplures
1428 4529 1623 4579 testes
1667 4520 1881 4580 idonei
1930 4539 2148 4580 coram
2198 4521 2397 4580 tribus
2436 4522 2748 4599 episcopis
2796 4530 2857 4580 et
2905 4538 3126 4580 coram
3165 4519 3456 4579 fratribus

744 4626 1256 4691 Predicatoribus
1287 4642 1349 4691 et
1381 4630 1754 4703 Minoribus
1800 4634 2104 4693 ieiunabit
2151 4652 2266 4711 per
2311 4648 2439 4694 tres
2484 4652 2688 4695 annos
2733 4652 2962 4695 omnes
3016 4644 3230 4694 sextas
3275 4632 3455 4693 serias

745 4739 811 4799 in
856 4762 1022 4821 pane
1069 4754 1132 4803 et
1178 4762 1344 4823 aqua
1390 4754 1455 4805 et
1498 4744 1946 4823 suspendimus
2008 4748 2215 4825 ipsum
2277 4748 2359 4806 ab
2423 4746 2720 4807 omnibus
2781 4746 3105 4807 beneficiis
3164 4748 3289 4806 suis
3337 4764 3443 4823 per

749 4873 987 4916 annum
1032 4858 1117 4917 ab
1163 4856 1374 4917 officio
1421 4868 1485 4918 et
1530 4858 1980 4936 suspendimus
2038 4860 2318 4920 eundem
2388 4878 2590 4939 usque
2636 4859 2718 4919 ad
2767 4859 3006 4938 pascha
3053 4859 3348 4919 inclusive
3393 4869 3451 4917 et

748 4970 1130 5048 precipimus
1160 4971 1295 5043 sibi,
1344 4972 1519 5049 quod
1566 4974 1643 5031 sit
1691 4971 2003 5034 obediens
2049 4974 2316 5034 domino
2362 4976 2668 5052 episcopo
2713 4972 3136 5053 Traguriensi.
3185 4970 3292 5034 Ad
3337 4970 3452 5029 hec

749 5080 948 5142 abbas
992 5086 1192 5144 sancti
1241 5082 1484 5145 Nicolai
1533 5097 1595 5145 et
1643 5085 1844 5145 abbas
1890 5098 2110 5147 sancte
2158 5086 2358 5147 Marie
2405 5085 2487 5146 de
2535 5084 2751 5157 insula,
2779 5088 2926 5165 quia
2973 5102 3193 5146 carnes
3235 5101 3450 5143 come-
