3797 5795
1550 377 1811 440 —321
1878 414 1965 422 —

1666 670 1857 749 810.

401 860 605 924 1264.
655 860 715 925 U
759 859 1046 944 Poffieqi.

400 1050 589 1112 Pred
626 1049 951 1126 pozeffkz‘m
998 1051 1333 1134 kaptolom
1378 1052 1796 1138 zamjenjuje
1850 1051 2105 1137 Matzja
2153 1053 2240 1114 od
2276 1053 2589 1136 plemena
2636 1052 2812 1114 bana
2847 1050 3098 1114 Bort‘o‘a

398 1163 645 1248 zemlju
706 1163 902 1247 svoju
974 1163 1300 1246 Podvrs'je
1358 1187 1434 1228 za
1492 1166 1737 1249 zemlju
1808 1165 2064 1228 EVz'kole
2125 1164 2286 1228 sina
2353 1164 2818 1240 Dezz‘slavova,
2880 1185 3104 1227 zvanu

1614 1279 1893 1342 Provcfa.

1510 1473 1563 1530 Α
1608 1475 1669 1530 B
1720 1475 1772 1532 C
1812 1474 1875 1530 D
1923 1475 1994 1530 E.

578 1580 941 1660 Capitulum
1004 1583 1267 1644 ecclesie
1314 1585 1483 1645 beati
1532 1585 1693 1645 Petri
1742 1585 1825 1646 de
1872 1585 2120 1666 Posaga
2181 1587 2490 1646 uniuersis
2538 1583 2764 1648 Christi
2814 1584 3110 1645 fidelibus

401 1706 533 1755 tam
580 1696 983 1774 presentibus
1026 1715 1221 1776 quam
1269 1697 1489 1757 futuris
1532 1698 1803 1758 salutem
1837 1708 1900 1758 et
1940 1716 2168 1776 pacem
2209 1701 2272 1757 in
2321 1698 2589 1758 domino
2636 1699 3112 1776 sempiternam.

402 1805 600 1868 Gesta
662 1809 1113 1886 temporalium
1181 1808 1428 1871 litterali
1497 1813 1806 1871 memorie
1872 1811 2081 1872 solent
2151 1810 2610 1875 commendari.
2659 1828 2740 1870 ne
2801 1829 3103 1889 processu

398 1931 764 1999 temporum
810 1932 981 1982 certa
1026 1925 1271 2000 possint
1317 1922 1524 1983 dubiis
1569 1925 1966 1984 commutari.
2018 1922 2461 1984 Uniuersitatis
2507 1933 2710 1983 vestre
2758 1922 3102 1983 deuocioni

398 2045 623 2095 tenore
666 2037 1067 2113 presencium
1114 2035 1419 2096 duximus
1465 2035 1935 2111 insinuandum,
1982 2035 2160 2116 quod
2193 2035 2562 2114 Nycholaus
2595 2035 2756 2096 filius
2789 2035 3112 2114 Dezyzlay

399 2148 485 2207 ab
530 2166 655 2207 una
701 2158 882 2226 parte
926 2163 989 2208 et
1036 2147 1335 2226 Mathyas
1380 2149 1571 2210 frater
1628 2149 1889 2228 Zauyde
1937 2149 2020 2210 de
2065 2167 2300 2230 genere
2365 2147 2617 2226 Borych
2665 2151 2813 2209 bani
2859 2151 2941 2209 ab
2992 2150 3112 2210 alia

401 2262 725 2322 constituti
791 2280 1009 2321 coram
1068 2262 1253 2321 nobis
1299 2261 1425 2322 tale
1471 2263 1924 2342 concambium
1972 2264 2136 2322 inter
2195 2281 2264 2322 se
2309 2261 2708 2341 protulerunt
2771 2262 3116 2336 ordinasse,

401 2374 579 2452 quod
624 2374 905 2453 prefatus
974 2373 1271 2451 Mathyas
1331 2373 1519 2436 frater
1580 2375 1841 2452 Zauyde
1910 2375 2238 2454 quandam
2306 2385 2540 2435 terram
2603 2393 2784 2434 suam
2851 2378 3116 2436 nomine

404 2485 664 2547 Podwrs
729 2489 1003 2549 vicinam
1065 2499 1127 2548 ct
1190 2489 1658 2548 conterminam
1723 2498 1886 2548 terre
1951 2487 2252 2548 antedicti
2325 2487 2669 2567 Nycholay
2738 2488 2990 2549 dederit
3054 2499 3118 2549 et

400 2604 686 2662 statuerit
747 2601 957 2661 eidem
1020 2601 1358 2679 Nycholao
1424 2612 1553 2661 tam
1603 2601 1719 2660 sibi
1770 2604 1883 2678 ipsi
1928 2620 2124 2680 quam
2170 2603 2296 2661 suis
2343 2601 2813 2662 successoribus
2859 2603 2922 2662 in
2969 2621 3108 2680 per-

400 2724 666 2791 petuum
713 2714 1187 2791 possidendam.
1238 2713 1595 2775 Memorata
1628 2724 1840 2774 autem
1876 2724 2056 2774 terra.
2077 2715 2336 2775 Podwrs
2382 2715 2614 2774 talibus
2660 2717 2874 2775 existit
2925 2717 3108 2774 metis

404 2828 893 2906 circumscripta,
926 2828 1101 2886 cuius
1132 2830 1336 2905 prima
1370 2837 1541 2887 meta
1584 2830 1801 2906 incipit
1834 2827 1917 2887 ab
1951 2831 2193 2888 oriente
2225 2848 2262 2888 a
2295 2828 2580 2907 quodam
2614 2826 2807 2887 fluuio
2851 2829 3114 2887 nomine

406 2939 623 3000 Hodal
669 2941 845 3000 iuxta
906 2950 1138 3000 terram
1188 2940 1525 3019 Nycholay
1573 2953 1635 3001 et
1682 2941 1858 3001 uadit
1905 2961 2020 3020 per
2067 2960 2260 3002 unam
2326 2959 2626 3022 magnam
2676 2942 2842 3001 viam
2893 2959 3112 3001 uersus

402 3053 807 3113 occidentem
853 3064 918 3113 et
964 3053 1181 3113 incidit
1227 3055 1288 3112 in
1338 3051 1599 3114 fluuium
1634 3056 1893 3113 nomine
1945 3053 2199 3114 Lezkoa
2245 3064 2308 3114 et
2355 3073 2467 3133 per
2513 3054 2792 3113 eundem
2842 3053 3107 3114 fluuium

404 3166 691 3226 aseendit
736 3185 954 3226 uersus
1012 3167 1379 3246 aquilonem
1426 3176 1490 3227 et
1536 3167 1597 3225 in
1646 3185 1914 3227 ascensu
1977 3186 2089 3245 per
2150 3166 2429 3227 eundem
2494 3166 2755 3228 fluuium
2820 3170 3113 3246 peruenit

405 3278 491 3338 ad
538 3278 701 3339 duas
762 3291 967 3339 metas
1012 3280 1095 3339 ad
1145 3279 1477 3358 quoddam
1526 3278 1720 3339 berch
1766 3289 1829 3340 et
1876 3280 1959 3339 ab
2005 3278 2343 3362 hiisdem(!)
2414 3282 2600 3340 metis
2645 3300 2850 3359 prope
2896 3283 3118 3341 transit

404 3410 601 3451 unam
662 3394 829 3452 viam
876 3406 940 3452 et
987 3392 1243 3453 deuenit
1290 3392 1372 3452 ad
1419 3411 1614 3452 unam
1678 3404 1920 3452 metam
1966 3403 2029 3453 et
2077 3394 2160 3453 ab
2220 3393 2324 3453 illa
2387 3404 2559 3453 meta
2625 3393 2957 3454 descendit
3004 3413 3118 3471 per

406 3505 717 3565 directum
766 3505 849 3564 ad
894 3505 1121 3566 vallem
1170 3507 1231 3565 in
1280 3504 1543 3566 fluuium
1607 3507 1867 3565 nomine
1933 3506 2244 3585 quorch
2291 3518 2353 3567 et
2401 3526 2514 3585 per
2575 3508 2782 3585 ipsum
2856 3505 3116 3566 fluuium

404 3618 748 3681 reflectitur
794 3629 857 3679 et
904 3619 1108 3680 tendit
1154 3638 1373 3679 uersus
1420 3622 1731 3679 orientem
1780 3630 1843 3679 et
1889 3618 2106 3679 eundo
2153 3638 2266 3697 per
2298 3618 2474 3680 illum
2520 3619 2798 3679 eundem
2851 3618 3114 3680 fluuium

404 3752 594 3811 supra
644 3735 1043 3792 mansionem
1110 3730 1376 3792 Wolkar
1420 3734 1553 3792 exit
1598 3732 1682 3791 ad
1728 3732 1989 3791 arbores
2035 3731 2306 3792 duorum
2356 3751 2720 3792 cerasorum
2791 3732 3117 3794 declinans

406 3864 626 3906 uersus
674 3844 1003 3906 meridiem
1048 3856 1112 3905 et
1157 3845 1393 3905 exinde
1438 3845 1613 3905 uadit
1660 3846 1743 3906 ad
1790 3863 1989 3905 unum
2036 3845 2228 3905 berch
2275 3846 2338 3905 in
2385 3844 2719 3924 quoddam
2753 3845 3115 3927 virgultum,

408 3960 529 4019 sub
576 3978 705 4034 quo
753 3969 849 4019 est
894 3976 1021 4019 una
1076 3971 1245 4019 meta
1294 3970 1356 4019 et
1416 3958 1650 4019 deinde
1711 3957 2044 4018 descendit
2105 3960 2168 4017 in
2231 3959 2437 4018 riuum
2510 3960 2771 4019 nomine
2833 3956 3115 4018 Doboka

408 4084 473 4133 et
520 4071 823 4151 deinceps
870 4092 982 4150 per
1027 4072 1305 4132 eundem
1353 4074 1559 4131 riuum
1607 4074 1742 4149 ipsa
1786 4083 1950 4132 terra
2001 4071 2260 4131 Podwrs
2307 4082 2403 4131 est
2448 4072 2746 4151 contigua
2779 4082 2841 4131 et
2874 4081 3120 4131 conter-

409 4187 584 4245 mina
633 4197 794 4245 terre
840 4185 1145 4263 sepedicti
1194 4184 1529 4262 Nycholay
1563 4196 1625 4244 et
1658 4187 1747 4244 sic
1780 4185 2167 4244 terminatur.
2215 4184 2271 4243 E
2317 4202 2638 4244 conuerso
2685 4196 2898 4243 autem
2948 4183 3118 4243 idem

410 4298 781 4377 Nycholaus
837 4298 1165 4375 quondam
1226 4308 1457 4358 terram
1520 4316 1701 4358 suam
1766 4299 2026 4357 nomine
2089 4296 2376 4357 Proucha
2437 4298 2708 4357 vicinam
2757 4308 2818 4356 et
2868 4306 3116 4357 conter-

411 4414 653 4473 minam
725 4421 887 4471 terre
964 4409 1201 4471 Mathie
1277 4410 1618 4489 supradicti
1695 4410 1908 4470 eidem
1979 4409 2218 4470 Matliie
2288 4412 2348 4469 in
2421 4410 2881 4470 concambium
2958 4420 3120 4468 terre

410 4535 749 4603 pretaxate
795 4524 958 4584 dixit
988 4544 1056 4584 se
1090 4524 1339 4584 dedisse
1394 4525 1677 4586 similiter
1722 4533 1853 4583 tam
1903 4524 2019 4582 sibi
2067 4524 2183 4601 ipsi
2229 4541 2422 4602 quam
2472 4524 2600 4585 suis
2645 4522 3118 4581 successoribus

412 4640 476 4697 in
523 4647 901 4717 perpetuum
965 4636 1451 4715 possidendam;
1512 4639 1689 4698 cuius
1749 4649 1913 4697 terre
1977 4647 2146 4696 mete
2193 4655 2305 4714 per
2349 4638 2680 4696 circuitum
2745 4646 2892 4695 sunt
2942 4634 3118 4695 tales„

418 4753 622 4811 Prima
691 4760 863 4812 meta
932 4752 1149 4828 incipit
1207 4772 1244 4809 a
1306 4760 1470 4810 terra
1532 4752 1723 4828 ipsius
1793 4749 2034 4811 Mathie
2093 4751 2152 4809 in
2215 4748 2410 4809 fluuio
2484 4748 2770 4808 Proucha
2829 4749 2912 4808 ab
2989 4767 3118 4808 uno

413 4864 623 4925 littore
669 4874 735 4925 et
778 4864 955 4924 uadit
1002 4883 1114 4942 per
1158 4883 1352 4924 unam
1401 4866 1567 4923 viam
1617 4882 1833 4924 uersus
1893 4863 2268 4922 orientalem
2331 4880 2533 4941 usque
2580 4861 2661 4921 ad
2708 4862 2898 4923 aliam
2947 4863 3116 4921 viam

412 4976 702 5059 s(⁸cilic)et
750 4988 1030 5039 veterem
1078 4996 1203 5056 que
1248 4976 1525 5037 declinat
1548 4995 1767 5037 uersus
1816 4975 2148 5036 meridiem
2195 4984 2258 5035 et
2305 4976 2388 5035 ibi
2437 4977 2498 5036 in
2547 4976 3118 5036 commetaneitate

415 5110 563 5151 cum
608 5102 774 5151 terra
824 5090 1062 5152 Mathie
1117 5090 1321 5151 tendit
1367 5090 1449 5150 ad
1496 5108 1693 5150 unum
1756 5100 2022 5167 puteum
2069 5098 2132 5149 et
2179 5088 2415 5148 exinde
2463 5088 2636 5148 uadit
2685 5107 2903 5149 uersus
2955 5090 3119 5147 occi-

509 5224 652 5267 con.
705 5224 863 5264 mm..
910 5224 970 5265 v.
2954 5200 3032 5261 21
