3797 5795
1828 376 2094 439 —418
2157 410 2241 417 —

616 613 623 619 .
678 564 929 638 Krosel,
973 564 1122 625 inde
1170 566 1341 625 uenit
1373 565 1458 626 ad
1490 565 1786 625 arborem
1817 567 1934 644 piri
1975 584 2161 626 cruce
2206 566 2522 647 signatam
2559 577 2622 626 et
2657 575 2829 625 meta
2873 575 3076 626 terrea
3123 569 3392 626 circum-

674 679 899 750 fusam,
945 679 1095 738 inde
1140 678 1225 739 ad
1271 689 1510 738 metam
1558 688 1848 752 terream,
1879 677 2030 739 inde
2061 678 2145 739 ad
2175 678 2474 738 arborem
2519 686 2784 759 gertean
2831 696 3018 738 cruce
3065 681 3384 760 signatam

674 801 739 852 et
789 802 961 851 meta
1022 801 1225 851 terrea
1286 790 1754 864 circumfusam,
1799 791 1884 851 ibi
1931 791 2296 871 relinquens
2355 801 2592 852 terram
2639 789 2911 851 filiorum
2961 790 3193 852 Krosel
3239 792 3393 850 vici-

674 914 862 964 natur
924 915 1086 965 terre
1147 904 1431 964 eiusdem
1501 906 1808 982 emptoris
1867 904 2189 965 ueniendo
2251 904 2334 965 ad
2398 907 2677 983 priorem
2743 913 2985 965 metam
3033 914 3098 964 et
3143 903 3388 964 ibidem

672 1019 1062 1077 terminatur.
1112 1015 1249 1076 Nec
1296 1019 1853 1094 pretermittamuS,
1903 1017 2080 1095 quod
2141 1015 2486 1098 Gregorius
2533 1013 2698 1076 filius
2745 1015 2932 1077 Mark
3002 1018 3255 1076 comitis
3302 1015 3386 1075 de

674 1127 941 1206 Ryuche
992 1129 1315 1202 Wzmech,
1348 1128 1540 1207 Myle,
1577 1129 1872 1207 Moycen,
1905 1129 2226 1203 Zlobelch‚
2261 1127 2523 1207 Tybold
2569 1129 2734 1190 filius
2779 1128 2962 1208 Zupk
3009 1129 3388 1210 iobagiones

675 1240 959 1301 eiusdem
1007 1244 1190 1302 castri
1226 1241 1307 1302 de
1339 1241 1640 1320 Ryveche
1660 1238 1723 1324 (!)
1772 1252 1835 1302 et
1875 1241 2056 1322 Jurse
2102 1261 2322 1303 comes
2368 1251 2500 1302 tam
2533 1261 2649 1320 per
2683 1252 2970 1303 notatam
3019 1259 3384 1320 personam,

673 1372 865 1433 quam
899 1373 1012 1432 per
1042 1354 1281 1415 litteras
1311 1373 1457 1414 suas
1488 1354 1635 1416 huic
1667 1355 2029 1416 uendicioni
2063 1366 2127 1415 et
2159 1356 2477 1433 empcioni
2525 1354 2946 1416 fauorabilem
2990 1372 3386 1415 consensum

669 1467 1059 1545 prebuerunt
1102 1478 1167 1527 et
1212 1486 1558 1528 assensum.
1608 1467 1679 1528 In
1728 1470 1906 1528 cuius
1953 1487 2065 1546 rey
2112 1470 2489 1528 memoriam
2535 1477 2600 1528 et
2630 1467 2824 1528 robur
2868 1467 2951 1528 ad
2999 1467 3379 1527 instanciam

672 1563 949 1663 parcium
1013 1589 1262 1640 nostras
1322 1580 1559 1640 litteras
1621 1581 2008 1641 contulimus
2069 1590 2288 1642 nostro
2335 1579 2538 1662 sigillo
2587 1583 3032 1654 communitas,
3078 1598 3255 1640 anno
3301 1580 3388 1638 ab

666 1694 1113 1753 incarnacione
1160 1693 1406 1753 domini
1453 1692 1789 1754 millesimo
1843 1690 2122 1757 CCLX0.
2171 1704 2378 1754 sexto.

838 1909 906 1966 [ε
949 1909 1349 1983 oraegz‘nalnog
1384 1911 1691 1990 priyepisa
1752 1912 1953 1984 istoga
2015 1911 2264 1988 kaptola
2309 1914 2395 1969 od
2423 1913 2570 1986 god.
2623 1915 2789 1970 1358.
2839 1916 2890 1968 8.
2922 1913 3239 1986 januara.
3297 1944 3376 1951 —

661 2013 913 2089 Potonji
958 2015 1224 2090 prt'jepzls
1270 2034 1310 2071 u
1356 2014 1580 2072 arkivu
1621 2015 2110 2090 jugoslavenske
2169 2015 2520 2090 akademije
2567 2037 2606 2073 u
2653 2015 2939 2090 Zagrebu
3007 2015 3372 2091 Diplomata

661 2137 720 2176 α.
768 2121 887 2174 1:26
893 2121 946 2176 6.

834 2223 1212 2298 Kukuljevc'c'
1249 2225 1398 2297 Reg.
1450 2243 1544 2281 no.
1598 2227 1733 2280 924.

1933 2567 2123 2646 888.

659 2743 860 2806 1266.
912 2741 971 2806 U
1022 2717 1290 2806 cami.

954 2948 1222 3032 [saptol
1269 2948 1661 3012 bagmanskz‘
1702 2948 2028 3035 uredjuje
2074 2950 2306 3034 zemlje
2344 2950 2652 3035 prodant·
2699 2972 2746 3012 u
2797 2950 3080 3019 Gan'cu.

836 3172 971 3231 Nos
1016 3169 1365 3249 capitulum
1414 3166 1819 3231 Chasmensis
1852 3168 2118 3228 ecclesie
2150 3168 2586 3249 significamus
2624 3169 2925 3229 omnibus
2971 3172 3376 3247 presencium

654 3304 767 3363 per
825 3296 1136 3356 tenorem,
1196 3280 1375 3361 quod
1440 3282 1765 3341 constituti
1830 3299 2050 3340 coram
2113 3281 2300 3341 nobis
2360 3281 2778 3359 personaliter
2838 3281 2921 3341 ab
2985 3300 3110 3341 una
3181 3294 3366 3360 parte

658 3398 880 3458 Petrus
924 3414 1120 3478 gener
1164 3392 1375 3455 Drask
1419 3413 1538 3472 pro
1584 3412 1651 3453 se
1682 3404 1745 3453 et
1778 3413 1896 3471 pro
1945 3393 2135 3453 fratre
2182 3412 2300 3453 suo
2351 3393 2564 3466 Pau10,
2609 3394 2694 3453 ab
2739 3394 2937 3454 altera
2983 3403 3198 3454 autem
3243 3394 3374 3474 J0b

656 3508 819 3569 filius
864 3508 1151 3569 eiusdem
1198 3505 1424 3579 Drask‚
1472 3508 1577 3585 qui
1627 3516 1691 3566 et
1722 3506 2051 3567 confessus
2098 3516 2193 3566 est
2239 3525 2308 3567 se
2354 3507 2706 3567 voluntarie
2755 3506 3116 3567 vendidisse
3161 3517 3370 3568 totam

655 3632 884 3683 terram
934 3639 1115 3681 suam
1160 3623 1339 3680 iuxta
1385 3619 1598 3679 locum
1646 3620 1763 3679 {ori
1812 3618 2032 3700 Garyg
2078 3620 2284 3692 sitam,
2317 3638 2464 3679 cum
2500 3619 2799 3679 omnibus
2829 3619 3201 3680 utilitatibus
3237 3622 3370 3681 suis

653 3736 715 3793 in
765 3738 900 3814 ipsa
962 3733 1383 3795 existentibus
1428 3742 1492 3791 et
1538 3732 1623 3792 ad
1669 3750 1814 3792 eam
1876 3731 2342 3811 pertinentibus
2405 3732 2649 3793 eisdem
2695 3732 2881 3792 Petro
2931 3742 2996 3792 et
3045 3731 3241 3793 Paulo
3289 3752 3372 3793 ac

649 3866 875 3907 eorum
923 3846 1393 3907 successoribus
1438 3864 1555 3923 pro
1603 3844 1902 3905 undecim
1956 3846 2182 3904 marcis
2228 3847 2360 3904 iure
2406 3855 2718 3923 perpetuo
2751 3845 3232 3923 possidendam,
3281 3846 3370 3907 de

648 3960 883 4038 quibus
928 3979 1043 4019 sex
1089 3978 1335 4019 marcas
1379 3959 1625 4036 accepit
1671 3976 1887 4018 coram
1939 3958 2140 4031 nobiS,
2189 3960 2472 4037 quinque
2512 3970 2728 4018 autem
2773 3977 2840 4018 se
2887 3958 3216 4019 confessus
3263 3972 3362 4019 est

644 4072 855 4148 primo
901 4074 1235 4151 accepisse.
1286 4070 1477 4135 Cuius
1506 4049 1891 4143 terre'mete,
1923 4072 2080 4130 sicut
2115 4071 2302 4130 nobis
2346 4070 2545 4130 homo
2592 4082 2807 4131 noster
2852 4071 3080 4145 retulit,
3127 4089 3348 4132 coram

646 4186 870 4247 vicinis
938 4196 1000 4246 et
1070 4187 1504 4247 conmetaneis
1570 4182 1837 4261 pacifice
1900 4195 1964 4243 et
2026 4183 2240 4257 quiete
2304 4193 2515 4243 erecte
2561 4194 2623 4243 et
2669 4186 2914 4264 signate
2976 4184 3136 4245 tales
3195 4197 3364 4247 sunt.

646 4296 859 4359 Prima
908 4308 1079 4358 meta
1109 4298 1325 4373 incipit
1356 4316 1393 4354 a
1425 4305 1603 4373 parte
1650 4296 1940 4356 orientali
1973 4298 2036 4355 in
2073 4294 2330 4367 Resnik,
2362 4295 2470 4356 ubi
2503 4306 2600 4357 est
2637 4306 2809 4356 meta
2840 4299 3020 4356 iuxta
3055 4315 3364 4378 magnam

646 4408 839 4481 viam,
884 4428 999 4488 per
1044 4426 1239 4487 quam
1286 4406 1454 4468 cadit
1504 4410 1565 4468 in
1611 4426 1850 4486 aquam
1884 4404 2098 4489 Garig,
2145 4409 2253 4468 ubi
2302 4420 2398 4468 est
2443 4410 2634 4469 arbor
2679 4410 2876 4469 cerasi
2924 4413 3364 4491 crucesignata

645 4528 711 4578 et
760 4532 934 4582 meta
979 4531 1183 4582 terrea
1228 4520 1607 4581 circumfusa
1652 4534 1717 4581 et
1763 4524 1824 4581 in
1872 4540 2040 4599 aqua
2083 4518 2306 4603 Garyg
2349 4521 2522 4581 vadit
2569 4524 2872 4601 superius,
2918 4523 3003 4584 de
3050 4542 3177 4600 qua
3222 4524 3356 4583 exit

646 4631 711 4689 in
774 4634 1102 4695 Ramurna
1166 4633 1364 4712 potak
1384 4632 1466 4715 (!),
1530 4635 1635 4693 ubi
1712 4645 1807 4693 est
1870 4645 2042 4695 meta
2105 4644 2309 4694 terrea
2383 4636 2502 4695 sub
2578 4635 2806 4695 arbore
2867 4634 3080 4696 harast
3145 4654 3362 4696 cruce-

646 4743 896 4825 signata
956 4758 1020 4807 et
1077 4758 1247 4807 meta
1310 4758 1511 4807 terrea
1568 4746 1945 4807 circumfusa
2006 4758 2070 4808 et
2133 4748 2195 4806 in
2262 4748 2496 4808 eodem
2566 4747 2892 4809 Ramurna
2938 4747 3139 4827 potak
3185 4749 3360 4810 vadit

648 4864 937 4937 superius
982 4872 1046 4921 et
1092 4862 1243 4933 exit,
1290 4861 1397 4920 ubi
1444 4871 1539 4920 est
1584 4861 1775 4919 arbor
1820 4864 1999 4938 pomi
2031 4880 2219 4921 cruce
2250 4862 2498 4942 signata
2529 4878 2592 4921 et
2626 4871 2796 4922 meta
2844 4871 3046 4922 terrea
3093 4864 3360 4923 circum-

649 4968 786 5032 fusa
831 4976 1011 5035 iuxta
1055 4976 1243 5047 viam,
1290 4972 1373 5033 de
1418 4991 1543 5051 qua
1591 4974 1689 5032 via
1737 4976 1959 5034 exiens
2004 4977 2067 5034 in
2116 4974 2348 5035 vallem
2395 4983 2618 5034 contra
2673 4974 3003 5035 meridiem
3063 4976 3234 5036 venit
3269 4975 3354 5035 ad

654 5084 897 5147 fontem
963 5086 1311 5165 Vydomia,
1379 5086 1529 5145 inde
1592 5085 1876 5147 ascendit
1924 5091 1987 5147 in
2035 5099 2327 5148 montem
2373 5088 2458 5149 ad
2502 5087 2800 5147 arborem
2865 5087 3076 5149 harast
3143 5106 3358 5149 cruce-
