3797 5795
1890 396 2160 460 —388
2221 432 2304 439 —

747 588 830 650 de
876 608 1007 667 quo
1054 591 1119 650 in
1169 589 1449 668 quadam
1498 588 1658 650 valle
1704 588 1993 649 ascendit
2039 589 2102 646 in
2151 596 2440 648 montem
2503 585 2590 646 ad
2635 593 2884 666 partem
2943 583 3310 659 occidentis
3365 584 3446 648 de

748 721 879 781 quo
924 713 1147 763 monte
1192 721 1306 782 per
1350 704 1519 763 viam
1566 701 1902 763 descendit
1948 703 2011 761 in
2057 701 2184 762 fine
2228 700 2374 761 ville
2433 699 2766 780 Treseygh
2811 718 2848 758 a
2893 708 3072 776 parte
3117 697 3448 776 aquillonis

746 825 811 878 et
856 834 1199 895 parumper
1244 815 1499 875 inferius
1544 815 1759 876 eundo
1820 817 1883 875 in
1946 815 2155 893 capite
2216 812 2416 874 insule
2479 810 2725 890 Wlkoy
2786 811 3144 893 iobagionis
3201 811 3449 874 abbatis

746 929 830 990 de
874 929 934 990 T
937 927 1144 1008 oplica
1189 927 1359 988 cadit
1404 930 1469 988 in
1513 926 1774 988 fluvium
1824 927 1975 1001 Wn‚
2019 945 2132 1006 per
2177 926 2464 989 medium
2511 925 2690 986 cuius
2736 923 3070 986 descendit
3115 922 3353 985 directe
3381 933 3446 988 et

746 1043 915 1103 venit
962 1041 1047 1102 ad
1090 1043 1367 1119 priorem
1438 1050 1719 1114 metam;
1789 1043 1944 1101 item
2011 1040 2294 1101 secunda
2360 1049 2528 1100 terra
2593 1038 2864 1117 predicti
2918 1037 3142 1118 Jakow
3201 1040 3446 1100 comitis

748 1173 874 1234 que
920 1156 1081 1214 iacet
1125 1156 1286 1214 inter
1331 1164 1529 1214 terras
1573 1155 1837 1215 fratrum
1901 1171 2181 1227 suorum,
2245 1171 2403 1232 quas
2471 1153 2644 1213 bano
2703 1151 3039 1225 dederunt,
3098 1151 3220 1229 hys
3265 1153 3447 1213 metis

747 1266 1100 1328 includitur.
1166 1267 1373 1327 Prima
1419 1267 1639 1345 incipit
1685 1269 1749 1326 in
1796 1268 2008 1345 capite
2054 1266 2206 1327 silve
2255 1265 2522 1344 Bychyn
2570 1276 2796 1326 vocate
2853 1266 2914 1325 in
2965 1263 3250 1344 quadam
3291 1263 3452 1326 valle

746 1382 925 1441 iuxta
970 1382 1137 1439 viam
1182 1400 1220 1440 a
1264 1388 1444 1458 parte
1490 1377 1829 1458 aquillonis
1874 1379 1958 1439 ab
2003 1380 2232 1439 arbore
2291 1377 2444 1458 byk‚
2506 1381 2568 1439 in
2633 1397 2762 1457 qua
2825 1377 2988 1439 valle
3047 1377 3342 1440 ascendit
3395 1378 3454 1440 in

746 1503 1039 1554 montem
1085 1509 1303 1553 versus
1347 1494 1679 1568 orientem,
1740 1493 1803 1552 in
1851 1510 1984 1570 quo
2032 1491 2272 1552 directe
2317 1491 2492 1553 vadit
2537 1511 2652 1570 per
2697 1493 2870 1552 viam
2915 1509 3128 1565 unam,
3201 1489 3284 1552 de
3327 1507 3454 1570 qua

746 1603 1087 1666 reflectitur
1130 1605 1212 1665 ad
1260 1605 1591 1666 meridiem
1652 1615 1715 1666 et
1760 1605 1942 1666 iuxta
1987 1607 2238 1666 vineam
2285 1605 2528 1666 Mathie
2574 1603 3031 1666 descendendo
3077 1606 3144 1664 in
3189 1603 3446 1664 salicem

744 1718 917 1780 cadit
960 1721 1025 1779 in
1071 1720 1273 1778 rivum
1317 1719 1672 1797 Tuynicha,
1731 1718 1813 1779 de
1862 1737 1992 1798 quo
2037 1721 2101 1778 in
2143 1737 2378 1800 magna
2421 1719 2778 1796 quantitate
2817 1717 3277 1778 descendendo
3321 1717 3452 1778 exit

744 1834 807 1891 in
854 1834 1089 1892 siccam
1136 1831 1384 1906 vallem,
1427 1851 1543 1910 per
1588 1849 1784 1910 quam
1831 1831 2118 1892 ascendit
2149 1831 2232 1891 ad
2265 1831 2516 1906 collem,
2560 1832 2626 1891 in
2683 1849 2816 1910 quo
2861 1840 2958 1892 est
3001 1831 3176 1910 tylia,
3223 1828 3451 1892 dehinc

746 1945 917 2006 venit
963 1946 1025 2004 in
1074 1955 1267 2023 caput
1309 1943 1700 2023 Stoyanicha
1747 1955 1811 2004 et
1858 1946 1922 2004 in
1969 1963 2137 2023 aqua
2183 1944 2470 2006 eiusdem
2533 1945 2759 2024 capitis
2819 1942 3152 2006 descendit
3213 1944 3450 2005 directe

744 2061 809 2119 in
854 2057 1095 2120 Zauam
1142 2069 1205 2118 et
1252 2077 1365 2136 per
1410 2057 1649 2120 Zauam
1695 2057 1867 2118 cadit
1912 2059 1976 2117 in
2025 2056 2286 2118 fluvium
2338 2058 2468 2118 Wn
2515 2059 2580 2118 in
2625 2076 2758 2138 quo
2789 2056 3123 2118 descendit
3169 2059 3234 2118 in
3280 2057 3454 2118 bona

747 2173 1101 2248 quantitate
1146 2180 1210 2231 et
1256 2173 1389 2230 exit
1433 2171 1517 2232 ad
1563 2181 1812 2249 partem
1860 2171 2234 2232 orientalem
2283 2173 2347 2231 in
2394 2168 2744 2232 Goztomer
2789 2169 3052 2249 potoka,
3098 2189 3214 2249 per
3259 2188 3452 2251 quem

746 2284 1037 2344 ascendit
1083 2295 1147 2344 et
1194 2283 1365 2344 cadit
1409 2285 1474 2343 in
1520 2285 1754 2344 siccam
1803 2282 2033 2345 vallem
2082 2283 2392 2357 Zuhodol,
2437 2302 2554 2362 per
2597 2302 2794 2363 quarn
2840 2283 3128 2345 ascendit
3173 2294 3241 2344 et
3284 2285 3455 2346 venit

748 2399 813 2456 in
862 2414 1164 2478 magnam
1212 2399 1397 2470 viam,
1444 2399 1508 2457 in
1554 2416 1681 2477 qua
1727 2396 2144 2474 procedendo
2191 2415 2407 2458 versus
2447 2398 2761 2458 orientem
2808 2399 2874 2457 in
2919 2399 3128 2475 capite
3171 2395 3454 2476 predicte

748 2509 903 2570 silve
951 2508 1216 2588 Bychyn
1263 2509 1431 2570 cadit
1478 2511 1542 2570 in
1589 2512 1865 2588 priorem
1915 2520 2174 2572 metam.
2236 2509 2624 2593 Obligarunt
2667 2513 2874 2572 eciam
2920 2528 2988 2572 se
3033 2509 3302 2589 predicti
3349 2507 3456 2572 filii

750 2621 1048 2705 Bobonig
1093 2641 1239 2682 cum
1279 2621 1503 2702 Jakow
1549 2623 1740 2684 fratre
1785 2643 2011 2683 eorum
2056 2642 2276 2684 coram
2326 2624 2530 2698 nobis,
2577 2633 2646 2684 ut
2690 2642 2953 2702 presens
2997 2623 3454 2686 concambium

750 2734 1082 2797 stabilibus
1143 2735 1338 2796 literis
1397 2736 1650 2815 capituli
1716 2735 2171 2817 ZagrabiensiS,
2247 2736 2491 2796 domini
2557 2739 2722 2818 regis
2781 2737 3046 2798 senioris
3091 2747 3160 2799 et
3205 2737 3457 2799 illustris

752 2847 933 2910 ducis
1000 2848 1150 2910 Bele
1224 2849 1473 2929 prefato
1533 2849 1705 2910 bano
1770 2859 1835 2910 et
1895 2851 2023 2911 suis
2067 2849 2409 2911 heredibus
2472 2849 2951 2912 confirmarent.
3028 2850 3100 2911 In
3145 2852 3328 2913 cuius
3371 2852 3458 2913 rei

753 2962 1199 3023 certitudinem
1245 2975 1753 3042 perpetuamque
1816 2963 2181 3024 firmitatem
2239 2974 2567 3043 presentes
2611 2964 2694 3025 ad
2741 2967 3118 3025 instanciam
3167 2967 3454 3043 parcium

752 3076 1139 3136 contulimus
1197 3075 1544 3157 sigillorum
1606 3087 1971 3137 nostrorum
2021 3078 2372 3138 munimine
2417 3078 2768 3139 roboratas.
2845 3077 3084 3139 Datum
3131 3088 3196 3139 et
3244 3089 3460 3141 actum

752 3188 815 3247 in
892 3186 1341 3263 Grabrauicha,
1411 3192 1473 3249 in
1544 3191 1783 3250 octavis
1858 3191 2298 3268 apostolorum
2357 3192 2521 3251 Petri
2581 3201 2645 3252 et
2707 3190 2901 3266 Pauli,
2975 3211 3149 3253 anno
3213 3192 3458 3253 domini

754 3301 1092 3361 millesimo
1140 3300 1581 3363 ducentesimo
1626 3306 2032 3385 sexagesimo
2078 3315 2283 3366 sexto.

926 3492 994 3551 [Ζ
1027 3494 1337 3570 prijepisa
1383 3494 1715 3570 Ljudevita
1764 3495 1811 3552 l.
1863 3496 1948 3551 od
1993 3496 2139 3568 god.
2191 3498 2378 3565 1382„
2439 3496 2620 3573 kojeg
2679 3519 2746 3556 se
2805 3498 3085 3572 original
3141 3500 3364 3558 nalazi
3419 3515 3459 3551 n

752 3596 975 3655 arkivu
1021 3598 1287 3655 knezova
1332 3598 1753 3670 Battltyciny-cz
1804 3618 1843 3655 u
1890 3598 2266 3659 Kb'rmendu.
2335 3634 2412 3642 —
2460 3602 2571 3659 Na
2617 3603 2872 3678 leafjima
2915 3604 3060 3661 vide
3104 3623 3172 3659 se
3219 3604 3462 3679 tragovi

750 3699 1181 3777 kraljevskoga
1218 3708 1461 3781 pelata.
1506 3703 1577 3760 A.
1630 3706 1682 3761 2.
1729 3703 1801 3760 L.
1858 3707 1908 3759 9.
1956 3702 2370 3762 Mz'scellanea
2419 3706 2766 3764 Sze'chiana
2813 3727 2889 3764 no
2941 3714 2980 3764 1.

935 3806 1077 3863 cod.
1131 3808 1274 3884 dipl.
1316 3809 1567 3884 patrius
1626 3808 1793 3867 VIII.
1844 3810 2182 3866 104—106.
2231 3828 2327 3868 ne.
2382 3814 2475 3867 84.

2015 4099 2210 4180 868.

755 4271 953 4352 1266,
1001 4273 1109 4336 17.
1148 4272 1331 4354 jula.
1378 4273 1436 4339 U
1482 4274 1744 4344 zadru.

752 4460 1175 4545 Laurencz'je
1201 4461 1234 4525 ι’
1254 4463 1562 4549 Stjepan,
1595 4464 1754 4527 suci
1778 4463 2115 4550 zadqrskz',
2143 4466 2313 4527 sude
2343 4486 2381 4526 o
2411 4474 2617 4550 sporn
2653 4465 2944 4551 z'zmeasy'u
2971 4465 3173 4530 Zot'la
3203 4489 3237 4529 s
3267 4468 3463 4530 otoka

1014 4574 1125 4637 lia
1173 4575 1206 4638 ι’
1248 4576 1479 4640 Salocfe
1526 4576 1559 4641 z'
1596 4584 1751 4640 iane
1798 4578 2124 4661 Dragus‘e
2169 4600 2284 4640 mu
2330 4578 2488 4664 szg
2529 4578 2973 4663 zagradjenja
3009 4586 3207 4665 puta.

936 4766 1007 4826 In
1056 4769 1317 4829 nomine
1362 4769 1606 4830 domini
1652 4788 1861 4829 amen.
1911 4766 2110 4829 Anno
2156 4772 2619 4831 incarnacionis
2665 4772 2799 4832 eius
2842 4770 3180 4833 millesimo
3227 4770 3461 4837 ducen-

752 4880 988 4941 tesimo
1034 4883 1439 4961 sexagesimo
1471 4893 1675 4955 sexte,
1708 4884 1942 4943 mensis
1973 4882 2118 4956 iulii,
2148 4884 2252 4944 die
2283 4882 2769 4958 quint-odecimo
2800 4894 3095 4960 exeunte,
3140 4883 3458 4949 indicione

754 5006 951 5065 nona,
991 4992 1196 5073 Jadre,
1242 4996 1640 5073 temporibus
1685 4995 1984 5074 equidem
2033 4996 2277 5057 domini
2325 4996 2623 5075 Raynerii
2671 4994 2838 5059 Geni
2884 4996 3074 5059 incliti
3122 4997 3300 5059 ducis
3331 4996 3458 5063 Ve-

758 5107 940 5166 necie
986 5116 1048 5167 et
1096 5108 1379 5188 magistri
1426 5107 1751 5169 Laurentii
1798 5108 2171 5170 venerabilis
2210 5108 2534 5189 Jadrensis
2579 5109 3080 5193 archyepiscopi,
3108 5130 3186 5173 ac
3215 5110 3462 5174 domini
