3797 5795
1746 371 2160 431 -416—

1860 765 2047 844 886.

603 924 809 989 1266.

604 1134 815 1195 Pefar
878 1139 1103 1214 §upan
1175 1129 1488 1194 kalm‘a‘kz'
1550 1130 1705 1214 daje
1774 1151 1866 1190 na
1933 1129 2198 1213 manse,
2253 1128 2342 1189 da
2410 1149 2496 1189 su
2557 1128 2734 1211 pred
2797 1126 2973 1210 njz'm
3037 1127 3308 1189 zalofiz‘lae

608 1244 932 1329 Budz'voj,
1006 1243 1210 1307 Mz'nz'
1272 1242 1395 1305 z'td.
1466 1242 1712 1325 zemlju
1758 1240 1956 1324 svoju
2007 1263 2098 1303 na
2144 1245 2284 1302 §est
2317 1239 2581 1324 godz'na
2629 1239 2948 1312 Detrt’ku,
3001 1240 3296 1324 rodjaku

1660 1362 1927 1438 &upana
1981 1355 2247 1435 Junka.

779 1577 914 1637 Nos
964 1578 1181 1636 Petrus
1228 1594 1447 1634 comes
1478 1574 1559 1634 de
1594 1571 1877 1633 Kemluk
1924 1572 2153 1632 damus
2200 1591 2316 1650 pro
2365 1574 2690 1645 memoria,
2741 1572 2915 1647 quod
2947 1575 3310 1634 constitutis

602 1694 664 1751 in
716 1692 908 1750 nostri
972 1689 1297 1767 presencia
1362 1685 1655 1764 Budiuoy
1701 1696 1765 1745 et
1816 1685 2013 1762 Miny‚
2073 1698 2268 1762 atque
2333 1695 2536 1745 matre
2585 1685 2780 1746 Bricci
2827 1706 2944 1764 pro
2993 1686 3125 1747 filio
3173 1707 3313 1758 su0,

606 1823 724 1864 nec
786 1821 916 1863 non
970 1802 1205 1878 choy
1268 1801 1396 1861 filio
1458 1799 1747 1860 Descichi
1799 1809 1861 1858 et
1908 1797 2196 1858 Zcorona
2257 1797 2380 1858 filia
2445 1797 2766 1876 Dersiuoy
2811 1800 2893 1860 ab
2939 1818 3066 1859 una
3115 1813 3316 1879 parte,

605 1917 865 1978 Detrico
928 1924 1141 1975 autem
1185 1925 1463 1993 cognato
1504 1909 1675 1991 Junk
1722 1911 1974 1970 comitis
2019 1911 2103 1968 ab
2147 1910 2360 1983 altera,
2408 1913 2520 1989 ipsi
2571 1911 2764 1971 iidem
2813 1914 2918 1971 viri
2965 1914 3309 1990 supradicti

606 2029 873 2089 confessi
937 2037 1117 2088 sunt:
1163 2045 1230 2086 se
1276 2028 1415 2084 viva
1479 2043 1634 2084 voce
1695 2024 1855 2084 duas
1917 2024 2253 2102 particulas
2315 2036 2477 2084 terre
2523 2027 2806 2102 ipsorum
2854 2027 3312 2106 impignorasse

608 2146 731 2202 iam
798 2141 970 2200 dicto
1042 2139 1303 2200 Detrico
1370 2157 1489 2216 pro
1559 2147 1831 2216 quatuor
1898 2137 2109 2214 pensis
2179 2149 2330 2196 tunc
2393 2140 2701 2215 temporis
2767 2138 3143 2198 facientibus
3189 2151 3316 2200 tres

608 2255 885 2314 fertones
931 2263 993 2312 et
1038 2255 1153 2312 tria
1202 2251 1489 2329 pondera
1534 2252 1685 2309 boni
1734 2252 1996 2329 argenti,
2043 2269 2201 2328 quas
2249 2249 2548 2310 dixerunt
2617 2250 2897 2329 plenarie
2943 2253 3025 2311 ab
3075 2253 3308 2313 eodem

608 2369 936 2445 recepisse,
995 2383 1196 2442 usque
1256 2364 1729 2423 revolucionem
1800 2364 1964 2422 sexti
2036 2364 2202 2436 anni,
2267 2363 2390 2423 hoc
2460 2365 2852 2441 interposite,
2915 2365 3090 2441 quod
3154 2369 3202 2425 si
3251 2369 3314 2426 in

608 2479 1013 2540 revolucione
1058 2480 1219 2538 sexti
1270 2479 1419 2536 anni
1482 2471 1685 2554 ipsam
1749 2485 1982 2535 terram
2046 2494 2178 2534 non
2225 2475 2628 2546 redimerent,
2676 2487 2916 2536 extunc
2961 2479 3121 2537 sicut
3170 2480 3315 2538 esti-

614 2603 784 2652 mata
862 2592 1047 2652 suerit
1112 2611 1227 2669 per
1295 2590 1665 2670 iobagiones
1728 2597 1996 2666 utraque
2063 2599 2242 2666 parte
2313 2589 2607 2660 ducente,
2654 2591 2768 2668 ipsi
2835 2588 3095 2650 Detrico
3164 2611 3312 2652 cum

610 2706 829 2764 litteris
875 2704 1129 2782 capituli
1180 2713 1555 2781 perpetuare
1602 2702 2004 2761 tenebuntur.
2053 2699 2244 2763 Cuius
2291 2714 2452 2762 te1re
2499 2705 2700 2780 prima
2749 2715 2920 2762 meta
2967 2705 3182 2782 incipit
3229 2705 3316 2763 ab

606 2829 751 2877 ortu
820 2818 985 2890 soliS,
1030 2818 1134 2876 ubi
1208 2815 1469 2893 quidam
1540 2813 1763 2873 fluvius
1824 2817 1930 2893 qui
2000 2814 2333 2874 descendit
2395 2835 2432 2873 a
2493 2817 2949 2903 septemtrione
3017 2817 3184 2876 cadit
3251 2820 3313 2877 in

608 2930 864 2991 fluvium
934 2929 1258 2991 Dobouch
1328 2940 1644 2999 vocatum,
1689 2929 1903 3007 ibique
1973 2928 2248 2987 declinat
2315 2940 2539 2988 eontra
2607 2929 3006 2990 occidentem
3070 2941 3131 2990 et
3193 2950 3306 3009 per

608 3044 818 3122 ipsum
864 3043 1123 3103 fluvium
1173 3042 1586 3102 ascendendo
1634 3044 1803 3100 venit
1840 3044 1902 3101 in
1935 3060 2128 3101 unam
2179 3042 2425 3113 vallem,
2466 3042 2680 3120 ibique
2726 3042 2809 3102 de
2857 3042 3045 3103 fluvio
3093 3046 3318 3104 exiens

608 3166 672 3215 et
720 3177 833 3235 per
877 3156 1107 3215 vallem
1156 3164 1378 3215 contra
1440 3156 1963 3233 septemtrionem
2027 3154 2438 3214 ascendendo
2489 3158 2656 3215 venit
2705 3158 2764 3213 in
2813 3174 3120 3223 cerasum,
3169 3158 3322 3217 inde

608 3273 781 3329 venit
830 3316 1212 3330 .......
1262 3278 1501 3334 vocata,
1549 3267 1697 3327 inde
1743 3268 1983 3327 directe
2045 3268 2401 3345 procedens
2447 3271 2616 3328 venit
2664 3270 2726 3327 in
2773 3270 3068 3329 arborem
3117 3272 3316 3343 nuciS,

608 3382 759 3441 inde
819 3383 990 3441 venit
1040 3385 1100 3440 in
1150 3383 1314 3440 viam
1380 3381 1485 3440 ubi
1549 3379 1824 3440 declinat
1874 3427 2250 3439 .......
2300 3392 2360 3440 et
2408 3400 2521 3459 per
2582 3384 2746 3441 viam
2812 3382 3084 3441 tendens
3145 3386 3318 3443 venit

608 3494 691 3553 ad
739 3505 931 3573 caput
976 3496 1159 3553 unius
1207 3494 1381 3553 vallis
1431 3494 1533 3553 ubi
1585 3493 1858 3553 declinat
1905 3506 2126 3553 contra
2177 3494 2506 3553 meridiem
2557 3506 2620 3553 et
2665 3514 2779 3572 per
2825 3498 3029 3572 ipsam
3076 3496 3311 3555 vallem

611 3602 1069 3668 descendendo
1116 3605 1294 3681 cadit,
1333 3609 1394 3666 in
1444 3604 1699 3665 fluvium
1748 3605 2068 3665 Dobouch
2117 3617 2433 3665 vocatum.
2484 3606 2564 3667 Et
2595 3608 2657 3666 in
2689 3608 2814 3667 alio
2862 3608 3006 3667 loco
3053 3608 3312 3668 alterius

612 3720 917 3797 particule
983 3721 1185 3797 prima
1256 3730 1425 3777 meta
1493 3721 1710 3797 incipit
1756 3738 1792 3777 a
1839 3719 2314 3796 septemtrione,
2385 3719 2489 3779 ubi
2549 3720 2609 3779 in
2678 3720 3012 3799 supercilio
3083 3724 3320 3781 montis

615 3834 789 3893 iuxta
852 3835 1015 3891 viam
1066 3842 1158 3891 est
1206 3841 1377 3890 meta
1437 3840 1656 3896 terrea,
1704 3831 1851 3891 inde
1914 3832 2150 3891 directe
2213 3842 2434 3891 contra
2485 3833 2812 3893 meridiem
2862 3833 3318 3894 descendendo

614 3948 783 4005 venit
830 3947 893 4004 in
944 3954 1181 4004 metam
1232 3954 1499 4003 terream
1550 3945 1655 4003 ubi
1703 3954 1797 4003 est
1844 3944 2092 4023 popluS‚
2129 3944 2288 4011 jnde
2336 3944 2574 4004 directe
2642 3945 3098 4005 descendendo
3146 3946 3314 4006 cadit

613 4060 675 4116 in
736 4058 991 4119 fluvium
1064 4055 1384 4116 Doboucli
1450 4072 1765 4121 vocatum,
1829 4058 2043 4134 ibique
2105 4056 2382 4116 declinat
2445 4068 2667 4118 contra
2729 4058 3128 4118 occidentem
3202 4080 3316 4137 per

616 4171 821 4247 ipsum
869 4169 1208 4235 Dobouclt,
1256 4168 1668 4228 ascendendo
1720 4171 1889 4228 venit
1923 4169 2006 4228 ad
2039 4181 2230 4247 caput
2278 4172 2472 4247 ipsius
2517 4171 2692 4230 vallis
2723 4170 2806 4231 ad
2839 4181 3068 4231 terram
3100 4172 3317 4249 Voyni

616 4294 677 4341 et
725 4292 1143 4363 cognatorum
1193 4284 1343 4354 eiuS,
1389 4282 1495 4340 ubi
1544 4293 1638 4341 est
1688 4292 1857 4341 meta
1905 4292 2105 4341 terrea
2154 4295 2216 4341 et
2264 4283 2454 4342 arbor
2517 4284 2704 4356 vlme,
2751 4284 2899 4344 inde
2945 4295 3166 4345 contra
3214 4303 3320 4345 oc-

616 4395 937 4455 cidentem
1006 4398 1181 4454 iuxta
1241 4405 1475 4453 terram
1542 4394 1759 4472 Voyni
1825 4407 1885 4454 et
1951 4408 2369 4475 cognatorum
2436 4397 2568 4456 eius
2637 4397 2994 4474 procedens
3039 4400 3209 4457 venit
3257 4402 3320 4459 in

618 4518 854 4567 metam
920 4517 1191 4567 terream
1254 4508 1433 4566 iuxta
1496 4509 1658 4567 viam
1720 4509 1927 4581 sitam,
1977 4509 2082 4568 ubi
2129 4508 2405 4567 declinat
2474 4523 2694 4569 contra
2743 4513 3052 4571 orientem
3102 4522 3164 4572 et
3209 4531 3324 4590 per

615 4623 781 4682 viam
850 4621 1208 4700 procedens
1276 4622 1449 4680 venit
1510 4624 1572 4680 in
1634 4624 1908 4700 primam
1980 4631 2218 4681 metam
2267 4632 2332 4680 et
2379 4622 2460 4680 ibi
2510 4625 2898 4683 terminatur.
2960 4623 3320 4687 Astiterunt

614 4738 816 4796 eciam
880 4737 1159 4812 ipsorum
1224 4735 1483 4815 cognati
1556 4734 1773 4793 Petrus
1834 4734 2070 4793 scilicet
2117 4745 2182 4793 et
2229 4734 2292 4795 V
2297 4754 2427 4811 oyn
2475 4748 2537 4795 et
2585 4738 2794 4796 omnis
2839 4740 3175 4817 generacio
3229 4740 3322 4816 ip-

612 4867 848 4921 sorum,
881 4849 989 4926 qui
1022 4846 1165 4907 huic
1196 4848 1442 4927 pignori
1479 4848 1858 4906 unanimiter
1904 4858 2378 4908 consenserunt.
2429 4848 2499 4907 In
2545 4851 2722 4908 cuius
2753 4852 2838 4909 rei
2876 4850 3320 4910 certitudinem

614 4974 945 5042 presentes
1008 4959 1245 5020 litteras
1308 4958 1714 5019 contullimus
1777 4963 1971 5019 nostri
2035 4960 2344 5040 sigillique
2415 4960 2667 5022 Martini
2717 4964 2968 5022 comitis
3014 4964 3324 5023 terrestris

619 5076 973 5135 munimine
1042 5074 1391 5141 roborataS,
1452 5074 1535 5131 ita
1607 5084 1841 5144 tamen,
1913 5072 2090 5150 quod
2159 5091 2350 5132 nemo
2423 5074 2504 5133 de
2572 5078 2968 5155 cognacione
3037 5077 3314 5155 ipsorum
