3797 5795
1847 350 2111 412 —252
2174 384 2257 390 —-

693 560 811 620 pro
872 552 1054 619 parte
1115 560 1337 603 eorum
1387 544 1450 601 in
1498 540 1729 603 Barolo
1789 542 2252 621 assignauimus
2315 558 2464 601 cum
2510 539 2645 600 aliis
2690 540 2936 617 scriptis
2983 555 3095 597 seu
3141 537 3407 597 cautelis

693 653 933 715 exinde
957 654 1277 715 ordinatis
1315 654 1506 717 Unde
1536 673 1754 715 coram
1786 653 2077 732 predicto
2108 654 2333 727 iudice,
2366 654 2615 714 notario
2648 662 2711 712 et
2742 651 3011 713 testibus
3043 651 3405 711 subnotatis

694 767 807 826 tibi
855 766 1144 845 predicto
1209 767 1507 830 Michaeli
1569 769 1895 846 recipienti
1956 769 2093 829 vice
2139 778 2203 828 et
2251 768 2517 828 nomine
2576 764 3012 845 predictorum
3086 763 3399 824 nobilium

693 882 971 941 virorum
1019 880 1261 941 domini
1309 880 1580 960 Philippi
1629 879 1974 943 Contareni
2024 880 2176 940 olim
2224 881 2478 941 comitis
2509 880 2782 960 Ragusii,
2827 878 3111 938 iudicum
3152 887 3218 937 et
3250 895 3405 937 con—

691 992 1068 1054 siliariorum
1101 1005 1163 1055 et
1194 996 1390 1055 totius
1422 997 1714 1055 comunis
1745 1012 1857 1055 seu
1885 995 2308 1054 vniuersitatis
2328 992 2614 1053 eiusdem
2648 1003 2812 1052 terre
2844 991 3104 1072 Ragusii
3136 990 3398 1051 solitam

691 1106 948 1167 uadiam
1019 1126 1131 1186 per
1198 1110 1715 1169 conuenientiam
1786 1107 2083 1167 dedimus
2150 1117 2214 1168 et
2283 1126 2398 1186 per
2466 1107 2871 1185 solempnem
2918 1101 3402 1183 stipulationem

692 1222 1104 1299 promisimus
1173 1220 1492 1281 nobilibus
1560 1220 2055 1295 fideiussoribuS‚
2099 1232 2169 1282 ut
2236 1220 2412 1281 nullo
2481 1220 2694 1280 futuro
2764 1230 3060 1297 tempore
3128 1236 3247 1277 nos
3297 1216 3403 1276 uel

691 1336 892 1394 nostri
937 1333 1220 1405 heredeS‚
1268 1353 1390 1395 nec
1433 1334 1660 1412 aliquis
1704 1352 1822 1412 pro
1868 1344 2051 1413 parte
2093 1344 2311 1395 nostra
2355 1332 2772 1413 appellemuS,
2817 1330 2919 1393 uel
2971 1332 3401 1411 inquietemus

689 1445 1014 1524 predictos
1083 1446 1330 1507 nobiles
1399 1445 1569 1506 uiros
1637 1446 1970 1508 dominum
2044 1446 2403 1525 Philippum
2456 1443 2895 1517 Contarinum‚
2941 1444 3201 1517 iudiceS‚
3246 1461 3405 1503 con-

691 1560 956 1620 siliarios
1001 1572 1064 1619 et
1112 1570 1322 1621 totum
1385 1578 1665 1621 comune
1723 1578 1835 1621 seu
1897 1562 2377 1621 vniuersitatem
2440 1559 2726 1621 eiusdem
2788 1568 2955 1620 terre
3018 1558 3275 1639 Ragusii
3324 1556 3411 1617 de

691 1672 978 1750 predicta
1047 1673 1418 1735 uenditione
1485 1673 1752 1752 predicti
1821 1673 1986 1747 salis,
2053 1692 2248 1753 quam
2319 1674 2506 1734 nobis
2568 1672 2721 1733 dare
2788 1672 3193 1741 tenebantur,
3239 1672 3404 1730 sicut

689 1786 1140 1847 continebatur
1185 1787 1247 1847 in
1295 1789 1719 1847 instrumento
1780 1789 2067 1865 superius
2129 1785 2453 1847 declarato
2500 1805 2617 1865 pro
2664 1805 2762 1858 e0‚
2808 1784 2986 1865 quod
3034 1784 3221 1844 nobis
3286 1801 3408 1842 uos

689 1898 1014 1977 predictus
1062 1899 1334 1961 Michael
1379 1918 1497 1978 pro
1544 1910 1725 1979 parte
1770 1901 2203 1978 predictorum
2253 1901 2521 1973 comitiS,
2555 1899 2854 1971 iudicum,
2900 1897 3403 1958 consiliariorum

687 2024 754 2072 et
799 2014 1093 2073 comunis
1137 2031 1251 2073 seu
1297 2014 1717 2073 vniuersitatis
1762 2013 2048 2074 eiusdem
2098 2023 2261 2073 terre
2308 2013 2561 2094 Ragusii
2628 2014 2943 2092 integrum
2990 2010 3403 2081 satisfecistis,

687 2136 754 2185 et
786 2134 1012 2186 cetera.
1063 2125 1343 2188 Vadiam
1390 2144 1651 2205 quoque
1682 2145 1796 2205 per
1827 2126 2345 2187 conuenientiam
2393 2124 2689 2186 dedimus
2734 2134 2797 2185 et
2844 2143 2957 2203 per
2996 2122 3405 2207 solempnem

687 2238 1171 2318 stipulationem
1239 2242 1646 2317 promisimus
1707 2239 1816 2299 tibi
1889 2239 2137 2317 prefato
2186 2238 2480 2300 Michaeli
2528 2240 2851 2317 recipienti
2900 2256 3017 2316 pro
3063 2246 3246 2315 parte
3292 2254 3405 2295 co-

689 2350 997 2432 merchi(l)
1046 2352 1287 2412 domini
1335 2356 1500 2435 regis
1543 2352 1886 2414 Sclauonie
1932 2354 1994 2413 in
2044 2352 2322 2433 Ragusio
2364 2352 2550 2413 nobis
2595 2350 3053 2423 fideiussorem,
3099 2360 3167 2408 ut
3217 2347 3396 2408 nullo

686 2463 900 2525 futuro
950 2476 1240 2545 tempore
1288 2484 1406 2527 nos
1453 2465 1554 2527 uel
1601 2468 1796 2527 nostri
1844 2465 2129 2539 heredeS,
2190 2484 2309 2525 nec
2353 2466 2578 2545 aliquis
2624 2483 2741 2542 pro
2788 2474 2969 2542 parte
3015 2472 3231 2522 nostra
3280 2479 3395 2538 ap-

687 2578 1001 2655 pellemus
1045 2578 1148 2639 uel
1195 2581 1622 2659 inquietemus
1665 2579 2025 2659 predictum
2087 2578 2498 2640 comerchum
2548 2578 2791 2638 domini
2840 2578 3005 2657 regis
3049 2573 3398 2637 Sclauonie

687 2690 752 2750 in
823 2690 1102 2773 Ragusio
1171 2710 1290 2752 nec
1361 2693 1639 2771 aliquem
1708 2711 1827 2771 pro
1895 2703 2075 2771 parte
2142 2711 2255 2753 sua
2324 2692 2407 2753 de
2477 2692 2756 2769 quadam
2820 2688 3185 2750 venditione
3246 2684 3397 2746 salis

686 2802 970 2864 habitam
1017 2806 1181 2865 inter
1225 2824 1360 2881 n05,
1409 2825 1601 2885 quam
1665 2806 1852 2866 nobis
1913 2806 2066 2867 dare
2127 2806 2483 2879 tenebatur,
2530 2803 2883 2865 secundum
2933 2802 3393 2862 conuenientia

685 2927 752 2976 et
797 2928 986 2996 pacta
1047 2918 1262 2979 habita
1324 2921 1486 2980 inter
1546 2938 1666 2980 nos
1711 2923 1947 2998 scripto
1992 2919 2095 2981 uel
2140 2923 2276 2980 sine
2322 2923 2575 3004 script0,
2621 2919 2798 2994 quod
2845 2936 2924 2977 eo
2975 2915 3153 2994 quod
3206 2913 3397 2974 nobis

683 3048 805 3090 uos
872 3032 1196 3110 predictus
1269 3031 1540 3093 Michael
1609 3052 1727 3111 pro
1795 3043 1977 3112 parte
2044 3033 2307 3111 predicti
2378 3032 2701 3093 comerchi
2749 3033 2809 3091 in
2859 3032 3175 3110 integrum
3242 3030 3396 3089 satis

679 3143 934 3206 fecistis.
984 3142 1226 3207 Contra
1272 3145 1449 3224 quod
1496 3147 1544 3206 si
1594 3145 1931 3206 fecerimus
1976 3165 2143 3225 pene
2189 3148 2451 3206 nomine
2504 3161 2974 3223 componamus
3022 3142 3209 3202 uobis
3255 3160 3395 3219 pre-

675 3254 854 3317 dicto
904 3257 1198 3318 Michaeli
1243 3277 1354 3318 seu
1400 3260 1562 3337 parti
1608 3258 1875 3337 predicti
1924 3261 2175 3320 comitis
2209 3258 2483 3340 Ragusii‚
2532 3257 2829 3332 iudicum,
2874 3257 3380 3319 consiliariorum

677 3377 744 3428 et
793 3373 990 3430 totius
1035 3371 1330 3431 comunis
1374 3389 1487 3432 seu
1535 3373 1955 3432 vniuersitatis
2023 3372 2312 3432 eiusdem
2360 3382 2524 3431 terre
2574 3371 2829 3452 Ragusii
2876 3381 2940 3431 et
2987 3373 3152 3451 parti
3202 3373 3399 3450 ipsius

676 3483 1003 3544 comerchi
1065 3484 1311 3544 domini
1359 3487 1523 3565 regis
1568 3483 1910 3546 Sclauonie
1954 3489 2015 3545 in
2065 3485 2365 3568 RagusiO,
2411 3485 2776 3565 augustales
2835 3503 3064 3544 aureos
3126 3494 3393 3545 centum

677 3605 744 3654 et
790 3597 1063 3657 totidem
1126 3599 1288 3675 parti
1349 3600 1537 3670 curie,
1582 3600 1705 3658 hoc
1751 3601 1986 3677 scripto
2033 3601 2097 3658 in
2144 3618 2259 3660 suo
2309 3599 2583 3659 durante
2653 3601 2888 3678 uigore,
2934 3597 3255 3677 liceatque
3302 3601 3393 3658 eis

679 3709 818 3769 sine
879 3710 1376 3788 compellatione
1437 3713 1773 3792 pignorare
1836 3731 1955 3772 nos
2001 3722 2064 3772 et
2110 3722 2366 3772 nostros
2428 3711 2696 3772 heredes
2742 3711 2805 3770 in
2852 3711 3154 3771 omnibus
3200 3710 3392 3772 rebus

682 3825 916 3882 nostris
982 3823 1164 3883 licitis
1209 3833 1272 3884 et
1319 3824 1562 3897 illicitis,
1614 3824 1825 3885 donec
1891 3825 2172 3904 prelecta
2233 3827 2449 3885 omnia
2498 3826 2588 3884 eis
2634 3823 3121 3903 adimpleantur.
3188 3822 3391 3903 Quod

681 3936 899 4013 scripsi
930 3955 1051 4016 ego
1083 3936 1403 4015 predictus
1447 3935 1662 3999 Guido
1709 3938 2003 4016 publicus
2038 3937 2240 3999 Baroli
2292 3939 2591 4012 notarius,
2623 3939 2771 4012 quia
2803 3937 3104 4016 predictis
3129 3938 3383 3998 interfui

682 4057 746 4107 et
795 4067 941 4108 meo
989 4051 1170 4130 signo
1218 4062 1529 4110 consueto
1577 4054 1839 4132 signaui.

855 4159 894 4234 †
931 4161 1257 4240 johannes
1303 4162 1384 4223 de
1433 4161 1776 4226 Carcaniso
1823 4183 2047 4225 comes
2095 4164 2303 4226 Baroli
2350 4164 2576 4245 regalis
2623 4163 2837 4224 iudex.

853 4272 893 4350 ἦ·
938 4275 1205 4356 Signum
1269 4279 1468 4337 crucis
1527 4279 1782 4356 proprie
1845 4296 2076 4338 manus
2139 4279 2400 4340 Roberti
2465 4278 2547 4339 de
2601 4276 2876 4340 Guirisio
2936 4280 3087 4337 socii
3135 4279 3199 4337 in
3248 4296 3391 4356 pre-

677 4385 863 4445 dictis
911 4389 1248 4450 tabelionis
1295 4389 1681 4469 subscripsit.

851 4498 892 4575 ἢ·
943 4501 1242 4582 Phillipus
1291 4502 1578 4564 Maresca
1627 4513 1909 4564 testatur.

847 4609 888 4685 ‘i‘
941 4615 1310 4677 Barnabbas
1357 4616 1441 4677 de
1487 4616 1639 4677 Riso
1687 4627 1969 4678 testatur.

846 4722 887 4803 †
931 4727 1255 4806 Johannes
1301 4729 1464 4790 filius
1512 4727 1800 4790 Nicolaie
1846 4730 1930 4791 de
1983 4729 2411 4807 Maraldyctio
2458 4740 2742 4792 testatur.

847 4835 888 4918 †
931 4840 1247 4921 Jaccobus
1291 4842 1455 4905 filius
1503 4842 1806 4904 Bernardi
1854 4843 2091 4903 Roselli
2138 4853 2423 4904 testatur.

849 4949 890 5030 †
941 4955 1267 5016 Ranaldus
1313 4955 1396 5016 de
1443 4955 1582 5016 Bari
1633 4966 1918 5016 testatur.

865 5068 1164 5144 Orzjgrinal
1205 5091 1242 5128 u
1291 5071 1736 5128 dubrorvzc‘kom
1786 5071 2026 5128 arkiwc.
2080 5071 2308 5128 Zbirka
2355 5089 2517 5127 saec.
2570 5073 2751 5128 Xlll.
