3797 5795
1894 401 1975 407 ——
2042 365 2305 428 182——

727 567 932 617 antur.
990 556 1061 616 In
1123 558 1300 617 cuius
1360 559 1446 617 rei
1510 558 1885 617 memoriam
1950 566 2275 636 presentes
2336 555 2547 617 literas
2608 568 2854 615 nostras
2898 556 3303 627 contulimuS,
3349 554 3431 615 ad

727 672 1113 748 peticionem
1163 671 1456 747 parcium
1518 669 1698 751 sigilli
1759 672 1958 729 nostri
2021 670 2374 730 munimine
2420 668 2766 729 roboratas.
2813 667 3052 729 Datum
3098 688 3275 729 anno
3330 668 3447 728 do-

732 783 884 843 mini
932 782 1036 843 Μο
1062 780 1207 845 CC⁰
1227 782 1401 844 LX0.

915 1001 1212 1075 Origy'nal
1251 1021 1290 1057 u
1336 1000 1425 1057 ἐν.
1478 1022 1575 1074 ug.
1613 1002 1738 1058 drz'.
1771 1000 1995 1057 arkivu
2030 1021 2067 1057 u
2104 1001 2375 1057 Budimu
2407 1000 2543 1057 DL.
2596 1002 2779 1057 4703.
2830 1000 3053 1071 (Stara
3094 1002 3441 1075 sag-natura

732 1110 888 1165 fasc.
939 1108 1111 1163 1597.
1161 1126 1254 1162 no.
1312 1106 1397 1177 6.)
1449 1138 1530 1147 -—
1574 1106 1686 1165 Na
1733 1106 1938 1163 listini
1979 1106 2103 1161 visi
2146 1126 2178 1161 o
2224 1105 2482 1180 svilenoj
2526 1106 2704 1162 vrvci
2742 1125 2983 1172 crvene,
3030 1104 3364 1179 ljubibaste
3418 1108 3445 1161 i

728 1213 864 1265 §.ute
909 1210 1040 1285 bqje
1085 1210 1364 1267 odlomak
1402 1216 1648 1286 pelata.

915 1314 1054 1371 Coa.
1101 1316 1249 1390 dipl.
1291 1316 1543 1389 patrius
1603 1314 1768 1372 VIII.
1828 1318 2093 1370 78—79.
2144 1334 2238 1372 no.
2300 1317 2395 1375 63,

1993 1647 2157 1727 687
2172 1708 2187 1725 .

729 1824 927 1888 1260.
977 1822 1037 1888 U
1081 1822 1434 1907 Zaqrebu.
1930 1814 1935 1821 ’

732 2011 1109 2076 Grdunovz'
1159 2011 1397 2075 sz'novz‘
1467 2012 1848 2097 prodavaju
1930 2012 2219 2097 biskupu
2282 2012 2796 2097 zagrebacfkomu
2857 2011 3098 2096 Filz'pu
3176 2012 3437 2096 zemlju

1393 2124 1538 2209 Gaj
1576 2126 1712 2188 kod
1771 2123 2155 2187 Vararffdz‘na
2202 2147 2277 2187 za
2324 2128 2410 2187 50
2458 2126 2755 2188 maraka.

904 2344 1268 2423 Capitulum
1304 2344 1740 2427 Zagrabiensis
1785 2344 2049 2405 ecclesie
2089 2345 2387 2405 omnibus
2428 2363 2687 2422 presens
2718 2346 3022 2423 scriptum
3053 2347 3437 2423 inspecturis

731 2458 1000 2518 salutem
1048 2460 1112 2517 in
1157 2457 1444 2518 domin0.
1494 2455 1604 2518 Ad
1649 2459 2086 2518 vniuersorum
2134 2458 2435 2517 noticiam
2484 2457 2707 2518 harum
2752 2460 2911 2517 serie
2956 2457 3253 2519 volumus
3282 2478 3427 2537 per-

733 2572 977 2631 uenire:
1027 2571 1202 2649 quod
1251 2572 1608 2632 constitutis
1639 2573 1703 2630 in
1737 2581 1953 2631 nostra
2000 2570 2325 2649 presencia
2357 2570 2441 2630 ab
2475 2588 2598 2630 una
2644 2579 2824 2649 parte
2870 2572 3173 2652 magistro
3222 2571 3441 2642 Petr0,

732 2684 1178 2744 archidiacono
1225 2684 1648 2765 Zagrabiensi‚
1695 2686 1830 2743 vice
1876 2693 1939 2743 et
1981 2686 2241 2743 nomine
2288 2683 2660 2743 venerabilis
2704 2685 2899 2761 patris
2944 2684 3190 2743 domini
3236 2687 3441 2744 nostri

731 2795 1022 2875 Phylippi
1071 2797 1350 2875 episcopi
1399 2808 1460 2857 et
1507 2798 1590 2856 ab
1637 2796 1831 2857 altera
1883 2795 2210 2857 chuzlov
2259 2806 2323 2856 et
2368 2794 2655 2869 Gordun,
2702 2795 2842 2855 filiis
2889 2793 3176 2856 Gordun.
3227 2796 3433 2856 Iidem

732 2909 836 2970 filii
883 2909 1150 2972 Gordun
1199 2921 1433 2971 terram
1481 2929 1704 2970 eorum
1751 2909 2195 2970 hereditariam
2244 2912 2505 2969 nomine
2544 2906 2689 2986 Gay
2736 2911 2900 2970 circa
2950 2909 3445 2970 Worosdinum·

731 3042 932 3102 prope
978 3037 1206 3084 terram
1257 3025 1587 3084 memorati
1638 3023 1882 3083 domini
1929 3024 2208 3101 episcopi
2256 3025 2655 3094 existentem,
2702 3021 2974 3082 confessi
3007 3033 3156 3083 sunt
3188 3042 3259 3084 se
3294 3043 3440 3084 cum

733 3138 1032 3197 omnibus
1093 3137 1381 3198 eiusdem
1444 3147 1607 3196 terre
1667 3135 2037 3196 vtilitatibus
2082 3147 2145 3196 ct
2190 3136 2593 3214 pertinenciis
2654 3134 3015 3196 vendidisse
3065 3135 3281 3196 eidem
3329 3135 3443 3197 do-

735 3251 910 3310 mino
957 3253 1263 3328 episcopo
1311 3252 1440 3310 iure
1487 3259 1798 3328 perpetuo
1845 3249 2303 3326 possidendam
2335 3267 2452 3326 pro
2486 3249 2949 3329 quinquaginta
2996 3251 3247 3323 marciS,
3278 3268 3439 3328 quas

732 3379 802 3421 se
848 3362 1146 3423 dixerunt
1191 3363 1273 3422 ab
1312 3363 1546 3423 eodem
1591 3361 1873 3441 plenarie
1918 3365 2245 3440 recepisse.
2294 3361 2375 3422 Et
2408 3361 2552 3421 huic
2583 3362 2845 3440 quidem
2894 3361 3065 3422 sacto
3097 3373 3165 3422 et
3194 3373 3435 3441 protes-

731 3476 968 3536 tacioni
1014 3475 1432 3536 interfuerunt
1496 3474 1941 3554 personaliter:
2008 3475 2323 3554 Vytemer
2370 3485 2432 3535 et
2480 3473 2801 3549 Nicolaus,
2846 3473 2953 3536 filii
3002 3475 3177 3548 Bere,
3223 3475 3429 3536 eidem

731 3605 1062 3649 assensum
1124 3589 1467 3667 prebentes
1513 3599 1576 3650 et
1624 3563 1825 3667 ipsam
1887 3588 2331 3649 vendicionem
2394 3590 2529 3648 sine
2590 3589 3105 3650 contradiccione
3152 3589 3429 3668 qualibet

727 3701 1181 3779 approbantes,
1230 3701 1300 3763 In
1347 3703 1524 3762 cuius
1569 3703 1655 3761 rei
1703 3703 2143 3762 testimonium
2200 3711 2528 3780 presentes
2590 3698 2877 3784 (litteras)
2924 3701 3007 3762 ad
3054 3704 3423 3762 instanciam

729 3817 1018 3890 parcium
1048 3815 1436 3875 contulimus
1482 3813 1662 3895 sigilli
1712 3816 1904 3874 nostri
1956 3816 2307 3875 munimine
2354 3816 2701 3877 roboratas,
2757 3814 2999 3875 Datum
3046 3834 3161 3893 per
3208 3833 3426 3875 manus

731 3929 1012 4007 magistri
1060 3927 1412 4005 Mychaelis
1457 3928 1710 3988 lectoris
1756 3928 2021 3988 ecclesie
2052 3938 2285 4000 nostre,
2336 3947 2510 3988 anno
2557 3928 2640 3988 ab
2692 3930 3138 3988 incarnacione
3188 3929 3419 3988 domini

736 4037 1057 4103 MCCLX.

915 4233 1214 4308 Orzjginal
1252 4253 1292 4290 u
1337 4233 1560 4291 arkivu
1607 4234 1793 4292 nadb.
1842 4233 2305 4307 Privilegialia.
2359 4233 2553 4290 Peeat
2594 4234 2620 4290 i
2659 4253 2841 4290 vrvce
2884 4233 3227 4309 maanaju.

911 4337 1164 4395 Tkaleid
1217 4338 1386 4396 Mon.
1451 4340 1704 4416 episcop.
1771 4338 2038 4414 Zagrab.
2090 4338 2137 4396 I.
2188 4340 2312 4393 1:25.
2366 4371 2445 4380 —-
2509 4338 2751 4396 Wenzel
2808 4338 2953 4396 cod.
3002 4339 3149 4414 dipl.
3198 4336 3425 4413 Arpaass

718 4447 883 4497 cont.
934 4442 1044 4500 XI.
1101 4445 1239 4498 497.
1291 4463 1385 4501 no.
1435 4447 1577 4500 344.
1627 4445 1848 4503 (lanosi
1893 4453 2107 4517 regest.
2160 4476 2246 4482 —
2292 4441 2666 4518 Kukuljevic‘
2702 4443 2853 4517 Reg.
2901 4460 2999 4501 no.
3056 4445 3187 4498 802.
