3797 5795
1850 386 1936 394 —
1999 351 2264 414 194—

694 561 991 621 sumpma
1038 553 1101 602 et
1148 541 1382 602 eodem
1432 540 1840 603 denariorum
1890 561 2160 603 numero
2207 543 2685 618 redimendam;
2739 544 2864 604 hoc
2909 545 3186 617 adiect0‚
3235 542 3436 622 quod

695 657 743 715 si
793 656 963 716 diem
1012 655 1188 715 illum
1250 657 1743 733 pretermitteret
1805 657 1867 715 in
1930 655 2326 731 redimendo,
2387 675 2473 716 ex
2531 668 2685 717 tunc
2729 659 2951 735 porcio
2999 658 3196 736 ipsius
3245 657 3426 717 Petri

696 771 758 828 in
806 779 972 829 terra
1018 768 1401 847 supradicta,
1446 777 1636 847 prout
1682 787 1829 828 eum
1878 770 2208 850 contingit,
2255 771 2318 829 in
2367 771 2713 831 medietate
2757 789 2840 830 ex
2887 770 3201 832 diuisione
3248 770 3436 830 sacta

696 900 845 942 cum
912 881 1100 942 fratre
1160 900 1278 941 suo
1340 881 1667 942 antedicto
1730 881 1918 942 cedet
1979 884 2042 942 in
2091 884 2184 943 ius
2229 893 2292 942 et
2337 885 2793 962 proprietatem
2841 883 3108 945 Andree
3155 885 3432 944 comitis

696 1013 813 1072 pro
860 1013 1159 1073 sumpma
1190 996 1459 1072 pecunie
1492 994 1873 1072 supradicta,
1918 994 2162 1055 solucio
2210 1006 2428 1057 tamen
2474 998 2666 1075 ipsius
2711 999 2984 1076 pecunie
3031 997 3226 1058 debet
3279 997 3426 1057 fieri

697 1125 916 1167 coram
963 1107 1165 1194 nobis.
1215 1107 1285 1167 In
1332 1110 1509 1167 cuius
1540 1109 1627 1168 rei
1660 1106 2108 1168 certitudinem
2139 1121 2468 1187 presentes
2515 1111 2927 1189 apposicione
2973 1111 3156 1191 sigilli
3205 1112 3422 1171 nostri

695 1220 990 1281 dedimus
1035 1223 1480 1280 communitas
1526 1219 1725 1282 Anno
1772 1220 2016 1281 domini
2048 1219 2370 1284 MCCLX.
2404 1226 2629 1302 prim0,
2676 1226 2858 1284 tertia
2903 1224 3057 1284 seria
3103 1225 3422 1302 proxima

695 1344 845 1394 ante
888 1337 1351 1394 ascensionem.

868 1528 1211 1602 Prepisano
1259 1529 1314 1584 iz
1360 1528 1677 1601 originala
1723 1529 1807 1584 od
1848 1533 1936 1586 15.
1986 1527 2328 1603 septembra
2377 1530 2551 1583 1376.
2614 1529 2864 1602 godine,
2913 1528 3040 1602 koje·
3081 1548 3148 1584 se
3197 1529 3430 1584 nalazi

697 1651 737 1686 u
782 1629 1005 1687 arkivu
1032 1631 1521 1706 jugoslavenske
1567 1633 1938 1708 akademzje.
1991 1633 2354 1708 Diplomala
2401 1652 2459 1688 a.
2512 1636 2676 1690 1:261.

1952 1925 2001 2004 7
2010 1924 2148 2003 01.

694 2080 887 2158 1261,
936 2081 1042 2144 26.
1085 2078 1269 2162 jula.
1317 2079 1377 2144 U
1423 2078 1927 2149 Dubrovniku.

703 2268 963 2353 Opc‘z'na
1038 2270 1459 2332 dubrovacfka
1520 2277 1725 2348 stupa
1802 2293 1848 2332 u
1917 2271 2162 2356 possed
2249 2271 2632 2356 vz'nograda
2711 2293 2803 2333 na
2866 2291 3120 2333 osnovu
3199 2273 3422 2332 osude

1706 2385 1796 2447 od
1839 2389 1944 2447 17.
1973 2385 2171 2468 juna
2218 2387 2409 2449 1251.

866 2575 905 2656 ἦ·
949 2574 1147 2636 Anno
1226 2578 1680 2644 incarnationis
1756 2576 2094 2638 millesimo
2179 2575 2624 2637 ducentesimo
2701 2579 3107 2658 sexagesimo
3182 2579 3422 2654 prime,

694 2691 930 2750 mensis
977 2689 1102 2750 iulii
1147 2699 1337 2749 sexto
1383 2689 1487 2750 die
1533 2700 1798 2750 astante.
1864 2690 2001 2751 Nos
2047 2690 2313 2769 quidem
2360 2689 2684 2768 Philippus
2745 2687 3130 2752 Contarinus
3189 2707 3420 2748 comes

694 2803 951 2884 Ragusii
999 2821 1147 2862 cum
1196 2804 1409 2864 iuratis
1456 2802 1767 2864 iudicibus
1824 2802 2196 2864 Dommana
2259 2801 2589 2876 Guererio,
2653 2801 3064 2864 Dobroslauo
3127 2803 3417 2876 Ranane,

693 2916 1027 2994 Goyslauo
1072 2917 1400 2979 Theodori
1447 2928 1509 2978 et
1558 2917 1622 2978 V
1627 2917 1871 2977 elcasso
1912 2917 2221 2997 Johannis
2267 2918 2393 2977 hoc
2439 2916 2618 2995 quod
2663 2935 2776 2995 per
2821 2918 3205 2977 sententiam
3253 2916 3418 2997 legis

693 3030 1129 3103 iudicauimus,
1160 3042 1481 3091 testamur.
1533 3030 1767 3091 Nostra
1811 3033 1986 3090 enim
2032 3049 2250 3091 coram
2297 3032 2618 3109 presentia
2662 3048 2942 3090 comune
2989 3030 3250 3110 Ragusii
3295 3048 3414 3107 per

692 3162 811 3204 uos
840 3144 1231 3204 aduocatum
1282 3144 1537 3204 Petrum
1565 3143 1873 3223 Johannis
1906 3143 2192 3223 Bogdani
2245 3154 2308 3203 et
2341 3142 2630 3203 Palmam
2676 3139 2973 3223 Gangulii
3007 3141 3412 3220 interpelauit

692 3277 884 3335 super
946 3256 1317 3335 Nycolizam
1380 3256 1575 3317 filium
1628 3256 1849 3336 Jacobi
1901 3256 1983 3316 de
2031 3254 2235 3318 Cerne
2281 3255 2530 3315 dicens:
2599 3254 2918 3317 Uolumus
2965 3266 3032 3315 ut
3077 3254 3412 3333 persoluas

694 3373 951 3430 comuni
1018 3370 1274 3450 Ragusii
1338 3370 1480 3429 illos
1549 3370 1767 3450 uiginti
1846 3370 2132 3448 quinque
2195 3388 2518 3447 perperOS,
2579 3387 2743 3447 quos
2787 3378 2993 3428 mater
3053 3378 3162 3428 tua
3221 3368 3412 3430 Tolia

694 3493 945 3543 tenetur
975 3481 1129 3541 dare
1161 3485 1417 3541 comuni
1468 3482 1723 3564 Ragusii
1758 3501 1870 3561 per
1901 3492 2144 3543 cartam
2191 3482 2584 3555 notarialem,
2615 3484 2792 3541 cuius
2823 3491 3009 3541 tenor
3039 3484 3128 3541 sic
3161 3484 3412 3560 incipit:

695 3595 734 3671 -ξ-
777 3593 974 3655 Anno
1010 3579 1457 3655 incarnationis
1489 3595 1735 3656 domini
1770 3595 2106 3655 millesimo
2137 3595 2582 3655 ducentesimo
2616 3595 3149 3674 quinquagesimo
3182 3595 3412 3672 primO,

698 3710 931 3768 mensis
977 3710 1147 3781 iunii,
1205 3710 1482 3786 septimo
1528 3708 1782 3768 decimo
1840 3707 1944 3767 die
1993 3710 2284 3781 intrante,
2332 3712 2394 3767 in
2443 3709 2762 3786 presentia
2810 3706 3056 3767 domini
3101 3705 3413 3786 Johannis

690 3820 1021 3900 justiniani
1069 3823 1321 3880 comitis
1353 3821 1607 3901 Ragusii
1640 3832 1704 3881 et
1737 3839 1955 3881 coram
1988 3822 2174 3881 uobis
2205 3821 2573 3899 subscriptis
2619 3820 2904 3881 testibus
2955 3819 3099 3901 Ego
3145 3820 3411 3901 quidem

695 3933 899 4005 Tolia‚
946 3933 1277 4012 quondam
1326 3952 1490 3994 uxor
1527 3933 1751 4013 Jacobi
1794 3935 1877 3995 de
1912 3932 2136 4009 Cerne,
2181 3933 2495 3994 confiteor
2541 3944 2602 3994 et
2651 3943 2880 4007 cetera,
2925 3944 3116 4012 prout
3163 3936 3226 3993 in
3275 3935 3410 4012 ipsa

697 4057 868 4106 carta
916 4048 1294 4107 continetur.
1357 4045 1484 4124 Qui
1552 4046 1857 4125 Nycoliza
1925 4067 2040 4125 per
2108 4047 2496 4108 aduocatum
2575 4064 2763 4107 suum
2833 4046 3114 4107 Blasium
3188 4047 3408 4106 Rosini

697 4159 1094 4238 respondens
1141 4159 1331 4219 dixit:
1378 4160 1565 4221 Tolia
1614 4170 1817 4220 mater
1862 4178 2009 4221 mea
2055 4179 2169 4238 per
2215 4160 2482 4241 longum
2551 4170 2806 4237 tempus
2854 4162 2916 4219 in
2963 4160 3246 4241 Ragusio
3293 4160 3409 4220 fuit

698 4272 996 4353 languida
1043 4284 1106 4333 et
1154 4268 1459 4353 mo(r)tua
1514 4284 1627 4333 est.
1675 4273 1759 4334 Et
1804 4291 2084 4334 comune
2149 4274 2406 4354 Ragusii
2451 4274 2601 4334 inde
2647 4272 2836 4333 nichil
2884 4273 3160 4351 quesiuit
3221 4290 3409 4351 super

696 4405 859 4455 eam,
904 4386 1079 4447 unde
1126 4386 1207 4446 de
1252 4384 1376 4448 hoc
1407 4404 1539 4446 non
1570 4396 1667 4447 est
1700 4386 1852 4445 mihi
1898 4388 2058 4446 ratio
2105 4386 2512 4465 respondere.
2561 4385 2698 4447 Nos
2727 4395 2948 4446 autem
2979 4386 3408 4466 prenominati

697 4518 917 4560 com-es
962 4510 1027 4559 et
1070 4498 1313 4560 iudices
1372 4497 1653 4559 diximus
1698 4518 1812 4578 per
1856 4502 2238 4560 sententiam
2287 4500 2463 4580 legiS,
2511 4499 2688 4577 quod
2748 4498 2921 4559 i'dern
2979 4498 3288 4576 Nycoliza
3327 4498 3408 4558 de

696 4611 844 4683 hoc„
886 4612 1276 4690 respondeat
1322 4612 1559 4672 comiti.
1620 4611 1705 4673 Et
1749 4612 1958 4672 dictus
2005 4612 2064 4672 N
2069 4612 2310 4689 ycoliza
2357 4612 2548 4673 dixit:
2621 4611 2774 4672 uolo
2821 4622 3168 4690 expectare
3222 4628 3410 4690 super

698 4724 823 4785 hoc
892 4724 1210 4787 Lucarum
1269 4724 1529 4785 fratrem
1598 4743 1833 4786 meum.
1905 4724 1988 4787 Et
2065 4744 2182 4785 nos
2251 4727 2678 4804 prenominati
2747 4743 2971 4786 comes
3038 4735 3104 4785 et
3171 4724 3408 4788 iudices

699 4838 979 4898 diximus
1025 4838 1361 4916 Nycolize:
1411 4836 1477 4899 Si
1524 4839 1619 4898 uis
1667 4849 2013 4917 expectare
2061 4838 2380 4899 Lucarum
2425 4838 2686 4902 fratrem
2729 4846 2933 4911 tuum,
2980 4838 3294 4910 uolumus,
3339 4847 3407 4898 ut

698 4968 976 5011 comune
1022 4951 1279 5032 Ragusii
1324 4968 1441 5029 pro
1472 4952 1935 5028 prenominatis
1967 4952 2186 5033 uiginti
2222 4954 2503 5030 quinque
2533 4952 3034 5029 perperis'intret
3065 4953 3130 5011 in
3162 4960 3406 5030 posses-

700 5064 946 5123 sionem
994 5066 1055 5124 in
1104 5065 1357 5123 uineam
1418 5062 1597 5123 dicte
1656 5062 1843 5123 Tolie
1905 5083 2032 5143 que
2091 5074 2188 5125 est
2234 5065 2296 5127 in
2338 5062 2627 5143 Jonceto.
2690 5063 2780 5125 Et·
2834 5063 3043 5125 dictus
3103 5062 3420 5141 Nycoliza-
