3797 5795
714 847 891 908 1256.
940 847 999 910 U
1044 844 1333 929 Poffieqi.

718 1063 898 1126 l’red
940 1062 1273 1146 kaptolom
1302 1059 1634 1148 poiessz'm
1667 1061 2086 1146 zamjenjuje
2133 1060 2396 1144 Zagmb
2426 1061 2624 1142 svoju
2670 1058 2914 1143 zemlju
2963 1059 3294 1122 Hunffovu
3343 1081 3418 1121 za

1280 1175 1458 1236 neku
1506 1175 1747 1258 :emlju
1799 1175 2167 1258 Lamperta
2213 1171 2374 1234 sina
2423 1171 2870 1256 Razbojdova.

883 1367 1251 1447 Capitulum
1300 1367 1565 1427 ecclesie
1612 1369 1777 1426 beati
1830 1368 1992 1427 Petri
2051 1366 2132 1426 de
2176 1367 2423 1447 Posoga
2462 1365 2763 1425 omnibus
2808 1375 3137 1442 presentes
3185 1362 3420 1422 litteras

704 1481 1117 1542 cernentibus
1169 1480 1441 1540 salutem
1488 1482 1551 1540 in
1599 1479 1884 1540 domino,
1951 1478 2261 1538 Nouerint
2324 1479 2609 1549 vniuersi,
2673 1477 2850 1555 quod
2896 1479 2958 1536 in
3009 1487 3226 1536 nostra
3271 1495 3414 1553 pre-

706 1597 919 1655 sencia
950 1596 1290 1654 costitutus
1324 1592 1707 1671 Lampertus
1739 1590 1901 1652 filius
1935 1591 2242 1670 Razboyd
2274 1593 2524 1651 comitis
2563 1610 2645 1650 ex
2689 1608 2815 1650 una
2856 1605 3053 1669 parte,
3093 1609 3178 1650 ex
3223 1589 3419 1648 altera

706 1727 861 1768 uero
909 1706 1156 1788 Zagrab
1203 1725 1331 1766 una
1376 1724 1522 1765 cum
1576 1705 1833 1766 BricciO.
1888 1705 2129 1765 Placuit
2161 1707 2334 1765 enim
2365 1705 2670 1783 partibuS,
2703 1715 2770 1764 ut
2816 1711 3138 1763 mutarent
3187 1715 3420 1760 terram

709 1821 1100 1900 contiguam,
1160 1819 1394 1880 scilicet
1444 1818 1748 1899 wlgaliter
1814 1819 2074 1878 nomine
2126 1817 2396 1878 Hursoa.
2463 1816 2788 1877 Predictus
2833 1835 2987 1875 uero
3035 1815 3423 1892 Lampertus

708 1953 821 1994 sua
865 1935 1124 2011 propria
1168 1946 1331 1992 terra
1380 1933 1705 1992 cambium
1769 1931 1936 2004 fecit,
1996 1930 2110 1991 sed
2172 1929 2381 1990 dictus
2443 1928 2690 2010 Zagrab
2752 1940 2982 1988 terram
3047 1946 3242 2006 quam
3303 1928 3420 1987 sibi

710 2046 1046 2126 quondam
1093 2057 1577 2123 comparauerat
1626 2047 1883 2124 propria
1923 2046 2192 2122 pecunia
2224 2064 2261 2103 a
2294 2043 2785 2123 consanguineis
2818 2041 2964 2101 dicti
3001 2037 3422 2120 Lamperto(l)

712 2159 1019 2222 videlicet,
1083 2157 1432 2226 Clemente,
1494 2157 1767 2236 Artolph
1835 2168 1900 2218 et
1948 2156 2175 2230 Blasio,
2237 2156 2474 2216 scilicet
2535 2175 2572 2215 a
2621 2155 2759 2216 filiis
2820 2153 3161 2226 Benedicti,
3220 2170 3422 2233 quarn

712 2292 863 2333 uero
909 2271 1087 2331 dedit
1130 2291 1249 2349 pro
1294 2282 1543 2349 septem
1592 2273 1819 2331 marcis
1865 2285 1927 2331 et
1962 2271 2215 2348 insuper
2262 2267 2566 2330 tredecim
2616 2287 2862 2328 marcas
2907 2286 3034 2326 una
3080 2285 3226 2326 cum
3275 2285 3422 2344 pre-

712 2386 883 2445 dicto
934 2384 1173 2444 Briccio
1220 2383 1681 2462 persoluerunt,
1726 2401 1951 2444 uerum
2011 2385 2158 2461 quia
2203 2385 2266 2442 in
2328 2383 2543 2442 valore
2591 2381 2732 2442 XX.
2785 2398 3140 2440 marcarum
3187 2389 3424 2438 terram

712 2499 827 2558 sibi
869 2508 1245 2557 exemerunt
1291 2516 1525 2568 reuera,
1572 2498 1932 2574 qlxuoniahn
1982 2494 2155 2555 dicto
2204 2494 2446 2555 Briccio
2480 2496 2670 2554 tercia
2717 2512 2862 2572 pars
2906 2492 3076 2552 cedit
3122 2491 3203 2551 de
3251 2503 3425 2552 terra

714 2610 1054 2688 sepedicta,
1102 2629 1227 2688 que
1274 2620 1703 2688 sequestratur
1748 2630 1783 2669 a
1836 2608 2090 2669 Hursoa
2135 2607 2518 2687 supradicta,
2559 2624 2776 2666 verum
2824 2617 3040 2665 tamen
3088 2623 3236 2665 cum
3285 2624 3428 2664 om—

716 2725 901 2784 nibus
946 2725 1347 2802 pertinenciis
1393 2726 1535 2783 suis
1584 2720 1775 2784 Cuius
1806 2733 1972 2782 terre
1997 2724 2203 2801 prima
2235 2733 2408 2782 meta
2438 2721 2655 2799 incipit
2688 2719 2850 2779 ultra
2881 2737 3117 2796 aquam
3169 2717 3432 2778 Hursoa

718 2855 932 2896 uersus
975 2836 1058 2896 ad
1104 2835 1451 2908 meridiem,
1499 2837 1601 2895 ubi
1651 2845 1746 2895 est
1795 2846 1967 2894 meta
2029 2853 2231 2915 prope
2292 2834 2377 2894 ad
2438 2833 2789 2900 ecclesiam,
2837 2851 2964 2911 que
3011 2831 3275 2891 fundata
3324 2841 3424 2890 est

714 2950 832 3009 sub
876 2950 1059 3009 titulo
1104 2951 1302 3009 sancti
1356 2948 1641 3027 Nicolay,
1702 2959 1955 3009 tantum
2015 2948 2100 3009 ad
2162 2947 2511 3008 cancellam
2574 2947 2802 3019 altaris,
2851 2958 3164 3024 quantum
3213 2946 3424 3024 sagita

714 3072 925 3139 potest
973 3064 1185 3122 iactari
1253 3071 1315 3122 et
1378 3064 1686 3122 continuo
1748 3061 2264 3141 sequestrabatur
2310 3061 2392 3121 de
2444 3060 2697 3121 Hursoa
2758 3069 2818 3119 et
2867 3058 3271 3137 protenditur
3337 3057 3426 3117 ad

714 3176 1061 3246 meridiem,
1110 3175 1214 3237 ubi
1263 3187 1359 3235 est
1406 3186 1577 3235 meta
1622 3177 1683 3235 in
1733 3177 1890 3253 piro,
1935 3175 2021 3234 ab
2068 3174 2217 3234 inde
2264 3176 2325 3234 in
2359 3174 2553 3234 latere
2601 3174 2949 3233 cacuminis
2989 3172 3107 3232 sub
3155 3190 3428 3230 nemore

708 3298 805 3346 est
852 3299 1021 3349 meta
1067 3299 1270 3350 terrea
1316 3300 1379 3349 et
1413 3288 1587 3348 uadit
1634 3288 1717 3349 ad
1750 3306 2052 3348 occasum
2099 3287 2265 3360 solis,
2311 3305 2388 3346 ac
2433 3288 2720 3363 peruenit
2761 3284 2844 3344 ad
2891 3284 3193 3363 pothoch,
3241 3286 3425 3344 iuxta

712 3417 907 3475 quem
951 3414 1047 3461 est
1096 3411 1265 3462 meta
1313 3414 1517 3462 terrea
1562 3412 1623 3461 et
1672 3403 1936 3461 uertitur
1982 3419 2171 3478 super
2218 3399 2452 3459 eodem
2498 3398 2783 3477 pothocli
2831 3398 2914 3458 ad
2951 3396 3299 3468 meridiem,
3345 3416 3428 3457 ac

713 3512 888 3573 uadit
939 3516 997 3573 in
1048 3518 1379 3575 cacumine
1424 3533 1538 3592 per
1585 3514 1830 3585 siluam,
1879 3514 1983 3573 ubi
2033 3525 2130 3573 est
2178 3526 2349 3573 meta
2397 3524 2617 3585 terrea,
2665 3513 2749 3571 ibi
2794 3514 2964 3572 enim
3013 3514 3146 3571 exit
3178 3532 3214 3571 a
3248 3510 3427 3571 dicto

689 3625 961 3700 pothok
1007 3640 1069 3687 et
1116 3628 1464 3707 regreditur
1512 3627 1689 3687 iuxta
1721 3626 1946 3687 siluam
1979 3626 2063 3686 ad
2095 3626 2517 3698 occidentem,
2548 3644 2622 3685 ac
2653 3628 2941 3703 peruenit
2987 3625 3070 3684 ad
3119 3642 3420 3705 magnam

713 3738 899 3813 viam,
947 3741 1053 3799 ubi
1102 3744 1273 3801 enim
1321 3754 1415 3800 est
1463 3752 1635 3800 meta
1682 3752 1904 3807 terrea,
1968 3750 2030 3799 et
2090 3758 2205 3817 per
2267 3738 2544 3799 eandem
2593 3740 2756 3798 viam
2805 3738 3155 3818 regreditur
3199 3746 3426 3797 contra

712 3854 1044 3913 meridiem
1113 3874 1188 3915 ac
1258 3856 1544 3932 pervenit
1612 3854 1695 3913 ad
1762 3866 2000 3913 terram
2069 3849 2424 3911 Alexandri
2488 3862 2551 3911 et
2624 3851 2791 3910 Paris
2853 3852 2914 3909 in
2976 3851 3308 3910 cacumine
3359 3862 3423 3909 et

712 3969 1002 4039 peruenit
1061 3967 1145 4026 ad
1214 3977 1441 4026 terram
1515 3963 1785 4025 filiorum
1862 3965 2159 4043 Wolcoy,
2233 3965 2316 4024 ab
2387 3964 2534 4024 inde
2595 3963 2810 4024 eundo
2857 3974 3287 4023 commetatur
3336 3963 3420 4023 ad

711 4084 947 4139 terram
998 4079 1320 4139 Benedicti
1355 4082 1417 4139 in
1450 4078 1775 4156 sepedicta
1824 4097 2058 4159 magna
2105 4079 2222 4151 via,
2271 4086 2496 4157 postea
2529 4086 2624 4136 est
2656 4088 2826 4137 meta
2860 4080 2921 4136 in
2955 4075 3125 4154 tylia,
3158 4096 3243 4137 ex
3274 4076 3424 4136 inde

712 4191 1114 4264 protenditur
1160 4211 1271 4269 per
1316 4192 1543 4251 siluam
1590 4191 1673 4251 ad
1718 4190 2089 4269 aquilonem
2152 4192 2214 4250 in
2278 4191 2392 4262 via,
2452 4191 2537 4249 ab
2601 4190 2749 4250 inde
2795 4200 3281 4250 commetaneus
3327 4204 3420 4249 est

714 4298 1107 4365 Laurencius
1172 4304 1333 4364 filius
1393 4302 1583 4365 Alexi
1647 4305 1915 4375 comitiS,
1977 4305 2082 4364 ubi
2130 4314 2274 4363 sunt
2336 4323 2452 4381 pro
2519 4314 2688 4363 meta
2750 4303 3071 4384 signacula
3127 4305 3188 4362 in
3239 4304 3424 4371 arbo-

710 4412 886 4476 ribus
932 4416 1319 4477 silvestribus
1365 4428 1427 4476 et
1477 4428 1646 4477 mete
1694 4428 1914 4491 terree,
1958 4436 2034 4477 ac
2072 4416 2308 4477 exinde
2348 4435 2536 4494 super
2567 4416 2762 4476 berch
2809 4419 2871 4476 in
2918 4427 3126 4495 caput,
3172 4416 3283 4476 ubi
3329 4427 3422 4475 est

710 4538 887 4590 meta
936 4539 1137 4590 terrea
1185 4539 1248 4589 et
1294 4539 1440 4589 sunt
1490 4541 1657 4590 mete
1720 4541 1922 4591 terree
1984 4531 2316 4603 continue;
2378 4540 2440 4589 et
2503 4548 2618 4608 per
2683 4529 2851 4590 idem
2914 4529 3179 4607 planum
3228 4528 3418 4589 berch

710 4645 1006 4714 peruenit
1070 4642 1153 4703 ad
1223 4643 1460 4703 dictam
1536 4662 1772 4722 aquam
1844 4643 2115 4715 Hursoa,
2175 4643 2280 4703 ubi
2351 4654 2449 4702 est
2495 4654 2668 4702 meta
2713 4652 2932 4715 terrea,
2999 4642 3416 4721 postmodum

711 4750 1131 4835 St(ephanus)
1180 4769 1274 4816 est
1321 4767 1823 4828 commetaneuS,
1868 4755 2134 4817 tandem
2166 4774 2279 4834 per
2308 4756 2548 4816 dictam
2591 4773 2826 4832 aquam
2879 4754 3148 4828 Hursoa,
3193 4756 3420 4815 recurit

712 4863 797 4922 ad
844 4870 1122 4945 priorem
1173 4880 1429 4941 metam,
1477 4870 1581 4928 ubi
1632 4870 2037 4942 terminatur;
2097 4886 2318 4929 verum
2379 4879 2598 4929 tamen
2665 4886 2832 4947 aqua
2881 4866 3134 4927 Hursoa
3183 4867 3421 4927 inuenit

714 4978 887 5053 ipsas
933 4992 1130 5042 terras
1177 5000 1322 5042 cum
1388 4982 1562 5042 dicto
1625 4978 2028 5061 St(ephano).
2091 4980 2182 5042 Vt
2229 4991 2443 5041 autem
2493 4998 2794 5058 processu
2839 4980 3070 5058 prolixi
3118 4980 3424 5058 temporis

721 5090 888 5154 lianc
951 5094 1398 5155 uendicionem
1461 5106 1523 5155 et
1593 5096 2018 5172 empcionem‚
2063 5112 2144 5155 ne
2190 5093 2416 5172 aliquis
2446 5096 2507 5152 in
2542 5094 2780 5152 irritum
2829 5092 3039 5153 ualeat
3084 5094 3420 5163 retractari,
