3797 5795
1823 337 2193 400 —32ffi

1926 968 2119 1047 561.

662 1163 864 1242 1256,
909 1162 1016 1226 10.
1065 1159 1492 1226 novembra.

663 1351 944 1414 Razvod
989 1349 1214 1434 medja
1262 1349 1554 1434 izmedju
1588 1350 2016 1436 §omogjkoga
2047 1356 2313 1435 {upana
2346 1349 2665 1414 Henrz‘ka
2714 1349 2748 1412 ι’
2765 1349 3115 1435 podanika
3139 1352 3365 1435 gradu

1876 1461 2148 1526 Garz'cfa.

840 1656 992 1716 Bela
1037 1655 1138 1716 dei
1186 1658 1384 1737 gratia
1435 1655 1776 1736 Hungarie,
1839 1653 2178 1729 Dalmatie,
2220 1653 2491 1729 Croatie,
2540 1655 2761 1728 Kame,
2808 1655 3041 1728 Servie‚
3088 1653 3369 1744 Galliciq

667 1769 1071 1843 Lodomerie‚
1119 1767 1556 1848 Cumanieque
1590 1788 1703 1828 rex
1735 1768 2036 1828 omnibus
2066 1778 2395 1846 presentes
2427 1769 2663 1830 litteras
2692 1771 3066 1848 inspecturis
3097 1767 3367 1828 salutem

665 1884 727 1942 in
773 1881 1058 1942 domino,
1104 1879 1316 1944 Officii
1363 1883 1555 1941 nostri
1592 1892 1709 1942 etc.
1757 1883 1905 1955 (kao
1935 1883 2060 1940 kod
2084 1883 2257 1959 broja
2292 1887 2423 1942 559.
2454 1904 2559 1941 sve
2590 1885 2665 1942 do
2704 1885 3067 1940 »materiam
3100 1883 3369 1940 habeant

666 1997 1133 2072 querulandi‹.)
1209 1994 1314 2055 Ex
1361 1993 1589 2072 quibus
1635 1993 1927 2054 videlicet
1974 1994 2417 2076 iobagionibus
2478 1997 2661 2056 castri
2719 1994 2983 2074 predicti
3033 2004 3202 2054 mete
3246 2006 3369 2054 ter-

669 2126 878 2168 rarum
926 2107 1263 2168 Mortonus
1323 2107 1426 2168 filii
1491 2104 1755 2170 Chenke
1816 2117 1879 2167 et
1942 2107 2206 2168 fratrum
2265 2125 2525 2169 suorum
2581 2107 2887 2186 Stephani
2950 2107 3239 2167 videlicet
3303 2117 3366 2166 et

669 2219 941 2293 Martini,
989 2239 1064 2280 ac
1097 2218 1276 2283 Cheh
1323 2223 1536 2301 generi
1585 2223 1697 2293 sui,
1742 2219 1868 2280 hoc
1914 2220 2135 2280 ordine
2188 2220 2630 2302 distinguntur.
2680 2221 2885 2281 Prima
2934 2231 3105 2280 meta
3153 2220 3369 2298 incipit

671 2335 848 2392 iuxta
895 2333 1188 2410 ryvulum
1238 2351 1471 2414 magne
1517 2333 1692 2393 vallis
1751 2332 1871 2393 sub
1918 2333 2144 2393 arbore
2192 2333 2347 2393 tqua
2393 2333 2477 2393 ab
2523 2336 2767 2394 oriente
2812 2336 2874 2394 in
2926 2343 3094 2393 meta
3142 2343 3366 2405 terrea,

671 2445 818 2506 inde
866 2445 1039 2506 vadit
1085 2446 1168 2506 ad
1213 2449 1381 2507 viam
1429 2447 1510 2506 ad
1573 2447 1730 2508 duas
1792 2447 2052 2507 arbores
2112 2446 2269 2507 tulfa
2315 2447 2435 2506 sub
2484 2447 2712 2524 quibus
2758 2457 2852 2506 est
2899 2457 3089 2518 meta,
3134 2445 3369 2506 deinde

673 2558 955 2618 tenendo
1003 2570 1243 2620 metam
1277 2578 1422 2620 cum
1455 2570 1663 2620 castro
1695 2580 1807 2638 per
1841 2578 2036 2620 unam
2082 2579 2345 2638 parvam
2394 2559 2621 2620 vallem
2670 2561 2923 2632 siccam,
2969 2557 3367 2618 descendens

671 2671 841 2732 cadit
903 2674 966 2732 in
1013 2673 1302 2751 ryvulum
1367 2671 1689 2734 Desnicha
1749 2675 1812 2733 in
1874 2673 2125 2734 duabus
2185 2673 2516 2733 arboribus
2576 2671 2774 2750 bykfa
2820 2683 2882 2732 et
2930 2671 3128 2749 scylsa
3184 2670 3373 2731 simul

672 2786 899 2845 iunctis
944 2786 1063 2846 sub
1109 2786 1341 2864 quibus
1371 2797 1466 2846 est
1500 2797 1689 2860 meta,
1723 2787 1935 2866 ibique
1982 2785 2370 2847 transeundo
2403 2785 2789 2846 Desnicham
2835 2784 2917 2844 ad
2966 2793 3205 2844 metam
3252 2782 3371 2842 sub

673 2899 900 2959 arbore
945 2897 1146 2977 bykfa
1189 2919 1303 2980 per
1349 2920 1539 2961 unam
1588 2900 1820 2961 vallem
1868 2900 2222 2961 ascendens
2268 2900 2628 2979 pervenitur
2673 2897 2755 2959 ad
2804 2910 3045 2959 metam
3098 2908 3369 2957 terream

675 3014 736 3071 in
786 3022 1024 3087 monte,
1071 3012 1303 3074 deinde
1338 3016 1400 3073 in
1433 3013 1660 3073 vallem
1707 3012 2085 3081 Privinuam‚
2132 3013 2343 3093 ibique
2390 3011 2673 3073 tenendo
2722 3021 2959 3071 metam
3008 3029 3156 3071 cum
3202 3008 3373 3072 Och-

679 3124 870 3203 mych
900 3145 1014 3205 per
1044 3144 1238 3187 unam
1273 3128 1439 3186 viam
1478 3126 1830 3187 ascendens
1875 3128 2237 3204 pervenitur
2282 3125 2563 3186 similiter
2592 3125 2677 3185 ad
2708 3136 2949 3185 metam
2987 3135 3261 3183 terream
3308 3124 3369 3181 in

681 3248 918 3311 monte,
963 3238 1197 3299 abhinc
1243 3239 1573 3300 descendit
1621 3239 1704 3299 ad
1751 3239 2020 3299 dumum
2068 3240 2317 3299 viminis
2363 3238 2445 3299 ad
2494 3250 2733 3298 metam
2780 3249 2845 3297 et
2890 3235 3039 3297 inde
3086 3234 3374 3296 ascendit

679 3350 762 3411 ad
807 3362 1000 3430 caput
1044 3352 1220 3411 vallis
1279 3362 1343 3412 et
1405 3352 1487 3411 ab
1548 3372 1627 3412 eo
1686 3352 1770 3412 ad
1832 3362 2123 3413 montem
2170 3351 2252 3411 ad
2317 3352 2476 3412 duas
2523 3360 2743 3425 metaS‚
2790 3368 3059 3429 quarum
3106 3366 3233 3410 una
3279 3362 3371 3407 est

681 3462 1017 3525 Mortunus
1047 3474 1109 3524 et
1141 3464 1335 3524 altera
1368 3464 1620 3525 Martini
1664 3462 1766 3525 filii
1800 3462 1997 3540 Tusk‚
2044 3464 2125 3525 de
2172 3476 2394 3525 monte
2426 3478 2640 3525 autem
2688 3462 2929 3524 directe
2974 3463 3057 3523 ad
3104 3462 3371 3523 rivulum

683 3578 944 3637 minoris
987 3575 1306 3638 Desnicha
1339 3577 1421 3638 ad
1452 3596 1680 3655 pyrum
1714 3578 1876 3637 ultra
1907 3596 2139 3657 aquarn
2173 3588 2237 3638 et
2282 3578 2364 3637 ab
2396 3597 2476 3637 eo
2507 3577 2745 3637 directe
2777 3576 2859 3636 ad
2893 3586 3151 3645 metam,
3197 3573 3369 3634 unde

681 3690 798 3749 sub
843 3689 1070 3750 arbore
1113 3690 1402 3771 gertanfa
1456 3708 1644 3769 super
1704 3699 1894 3768 caput
1943 3690 2126 3750 unius
2172 3690 2364 3765 vallis,
2410 3709 2537 3769 que
2584 3688 2983 3750 descendens
3028 3690 3091 3749 in
3137 3704 3371 3766 aquam

682 3803 1032 3883 predictam
1081 3804 1142 3862 in
1193 3822 1318 3881 qua
1379 3821 1602 3881 parum
1671 3802 1886 3863 eundo
1949 3805 2077 3863 exit
2141 3805 2203 3863 in
2269 3802 2705 3864 Himelinnam
2754 3812 2816 3861 et
2864 3804 2927 3861 in
2975 3804 3109 3881 ipsa
3156 3800 3374 3861 eundo

683 3918 966 3995 superius
1033 3918 1165 3976 exit
1232 3914 1314 3975 ad
1384 3915 1542 3975 duas
1613 3926 1814 3976 metas
1880 3916 2057 3976 iuxta
2118 3918 2303 3987 viam,
2372 3934 2639 3995 quarum
2687 3934 2813 3977 una
2861 3924 2956 3975 est
3006 3913 3264 3992 Koyani
3310 3921 3374 3971 et

621 4084 625 4086 ,
686 4026 1043 4102 Wolkimir,
1088 4029 1285 4089 altera
1337 4028 1584 4089 Martini
1634 4031 1901 4101 comitiS‚
1967 4028 2201 4090 abhinc
2260 4032 2461 4089 eciam
2509 4028 2840 4089 descendit
2886 4030 2949 4087 in
2999 4026 3228 4087 vallem
3276 4024 3375 4085 sil-

684 4160 904 4203 vosam
955 4144 1217 4201 nomine
1264 4140 1638 4219 Poyatiskar
1701 4152 1765 4202 et
1827 4142 1908 4201 de
1973 4144 2109 4221 ipsa
2153 4161 2267 4220 per
2312 4160 2505 4203 unam
2552 4144 2785 4202 siccam
2834 4139 3063 4201 vallem
3112 4141 3244 4199 exit
3290 4137 3373 4197 ad

686 4264 973 4316 montem
1009 4254 1093 4315 ad
1124 4253 1284 4315 duas
1317 4264 1536 4328 metas
1567 4273 1836 4333 quarum
1868 4273 1993 4314 una
2026 4264 2120 4315 est
2153 4254 2302 4315 dicti
2340 4254 2673 4315 Mortunus
2703 4264 2767 4315 et
2799 4253 3064 4315 fratrum
3096 4270 3375 4317 suorum.

683 4367 878 4428 altera
929 4365 1171 4445 Wlkoy
1241 4366 1346 4427 filii
1418 4366 1643 4427 Barilla
1712 4378 1935 4447 suptus
1996 4370 2265 4441 vineam,
2333 4367 2566 4427 deinde
2635 4365 2966 4427 descendit
3036 4364 3119 4426 ad
3187 4373 3378 4443 caput

686 4478 1076 4541 Zalatinszka
1121 4489 1184 4539 et
1229 4498 1342 4557 per
1387 4480 1589 4559 ipsam
1635 4479 2035 4541 descendens
2078 4480 2249 4540 cadit
2294 4482 2358 4540 in
2406 4498 2707 4561 magnam
2752 4478 3141 4541 Desnicham
3174 4487 3238 4537 et
3268 4496 3381 4556 per

685 4593 958 4653 eandem
1005 4592 1178 4652 vadit
1223 4593 1509 4671 superius
1556 4612 1754 4668 usque
1799 4592 1882 4653 ad
1916 4592 2150 4665 locum,
2180 4592 2291 4653 ubi
2329 4592 2501 4653 vadit
2546 4594 2832 4671 superius
2876 4603 2939 4653 et
2986 4590 3071 4651 ibi
3116 4591 3253 4651 exit
3296 4588 3377 4649 ad

684 4706 844 4767 duas
889 4715 1112 4785 metaS‚
1159 4722 1429 4784 quarum
1462 4723 1587 4765 una
1619 4714 1713 4765 est
1747 4704 2084 4766 Mortunus
2130 4716 2193 4765 et
2224 4705 2483 4765 fratrum
2532 4723 2816 4779 suorum,
2858 4705 3055 4765 altera
3102 4702 3375 4763 filiorum

689 4818 938 4879 Berizlai
985 4817 1104 4878 sub
1149 4820 1306 4898 pir0,
1368 4817 1602 4877 deinde
1671 4817 1754 4877 ad
1815 4821 1983 4878 viam
2052 4821 2114 4877 in
2185 4818 2452 4879 modum
2500 4820 2701 4878 crucis
2746 4817 2829 4878 ad
2874 4828 3081 4877 metas
3128 4827 3379 4888 terreaS,

685 4931 916 4992 abhinc
981 4949 1095 5009 per
1161 4933 1328 4992 viam
1399 4929 1814 5012 progrediens
1881 4949 2095 4991 versus
2156 4932 2465 4991 orientem
2514 4930 2684 4990 cadit
2732 4932 2795 4990 in
2842 4929 3107 4991 Ylsoam
3155 4938 3221 4989 et
3264 4946 3379 5006 per

685 5049 888 5123 ipsam
953 5044 1124 5104 vadit
1185 5045 1456 5117 inferiuS,
1519 5046 1694 5104 iuxta
1755 5053 1987 5103 terram
2049 5040 2307 5104 Gordus
2368 5043 2537 5103 cadit
2599 5046 2827 5103 iterum
2875 5046 2937 5102 in
2984 5040 3378 5121 Dysnicham
