3797 5795
1562 409 1640 415 -ω
1708 373 1827 436 391
1901 410 1970 416 -

446 568 667 633 Camen
710 565 890 639 brod,
936 564 1045 626 ubi
1078 567 1299 625 transit
1329 564 1571 643 potoch
1602 575 1665 625 et
1696 561 1928 646 iusta(l)
1975 563 2220 646 idem(l)
2267 573 2516 642 partem
2565 565 2784 643 uergit
2815 565 2877 622 in
2926 561 3121 622 alium

436 679 660 761 potoch
717 681 820 757 qui
882 687 1135 756 separat
1182 724 1561 744 .......
1638 676 1788 738 inde
1850 680 2064 738 ueniet
2134 675 2218 736 ati
2286 694 2478 736 unam
2573 674 2870 734 arborem
2944 674 3120 735 illicis

436 812 555 873 que
592 801 685 853 est
728 803 873 852 ante
918 790 1249 851 ecclesiam
1312 791 1503 850 aliam
1564 793 1763 851 sancti
1829 788 2106 870 Georgii,
2177 789 2284 850 ubi
2333 800 2428 850 est
2474 807 2600 849 una
2647 806 2882 869 magna
2929 788 3122 848 arbor

431 905 613 979 illicis,
675 902 905 965 deinde
975 903 1147 964 uadit
1213 903 1298 964 ad
1366 921 1565 964 unum
1636 921 1936 981 campum
2001 905 2107 980 qui
2154 902 2381 963 dicitur
2429 901 2932 980 Vallecheperla,
2984 899 3122 962 ubi-

432 1037 552 1099 que
606 1019 666 1077 in
728 1017 851 1078 fine
913 1019 1121 1094 campi
1183 1029 1281 1077 est
1348 1035 1475 1077 una
1542 1016 1839 1097 gomilica
1902 1025 1963 1076 et
2029 1015 2177 1076 inde
2226 1015 2399 1076 uadit
2446 1015 2530 1076 ad
2575 1033 2769 1075 unam
2818 1013 3120 1074 arborem

432 1149 539 1210 per
580 1128 883 1212 silicam(l)
930 1128 1273 1211 giustam(l)
1335 1148 1463 1209 que
1507 1140 1603 1190 est
1648 1147 1811 1190 unus
1856 1128 2016 1208 lapis
2062 1141 2126 1189 et
2171 1128 2496 1202 fluentem,
2541 1141 2766 1206 postea
2811 1126 2992 1187 uadit
3036 1124 3120 1186 ad

430 1239 691 1324 vilam.(l)
752 1242 923 1305 Mich
969 1253 1033 1302 et
1077 1242 1229 1303 inde
1277 1244 1481 1324 uergit
1526 1259 1746 1303 uersus
1792 1241 2164 1324 briuiam(l)¹
2212 1245 2384 1303 uiam
2435 1241 2804 1302 Possedarie
2852 1250 2916 1300 et
2965 1239 3117 1300 inde

432 1358 629 1416 ueniet
673 1356 757 1417 ad
802 1374 999 1417 unum
1064 1355 1313 1416 fontem
1374 1357 1547 1435 putei
1596 1354 1842 1416 Radich
1891 1357 2292 1416 nominatum
2339 1355 2421 1416 ad
2470 1368 2680 1434 partes
2727 1351 3114 1413 horientales

430 1487 620 1547 prope
664 1468 893 1539 villam,
952 1479 1179 1546 postea
1239 1471 1451 1529 ueniet
1498 1487 1611 1546 per
1656 1467 1871 1529 villam
1919 1468 2003 1529 ad
2050 1468 2320 1529 domum
2369 1470 2648 1547 episcopi
2698 1464 3008 1528 Sansonis
3053 1475 3118 1525 et

436 1580 575 1642 inde
635 1583 889 1642 reuertit
934 1581 1017 1640 ad
1063 1581 1342 1641 hostium
1412 1581 1771 1660 predictum
1840 1581 2106 1658 ecclesie
2170 1584 2372 1642 sancti
2419 1580 2674 1662 Georgii
2726 1582 2786 1640 in
2834 1581 3116 1659 priorem

434 1703 655 1754 metam
702 1693 915 1772 ibique
959 1697 1349 1754 terminatur.
1397 1693 1533 1754 Nos
1581 1695 1765 1776 igitur
1795 1695 1879 1755 ad
1912 1695 2286 1755 instanciam
2321 1705 2384 1754 et
2417 1697 2792 1773 petitionem
2827 1691 3114 1772 episcopi

434 1809 702 1885 superius
769 1810 1074 1868 nominati
1139 1817 1205 1868 et
1265 1819 1452 1886 prout
1522 1809 1715 1867 etiam
1786 1805 2002 1888 cumo)
2073 1808 2290 1868 litteris
2358 1807 2665 1886 Stephani
2713 1807 2861 1867 bani
2910 1804 3115 1866 fidelis

436 1921 611 1980 nostri
657 1919 961 1998 pendenti
1024 1921 1229 2002 sigillo
1297 1921 1611 1980 roboratis
1682 1921 1955 1981 uidimus
2023 1922 2350 1995 contineri,
2398 1921 2634 1981 litteras
2681 1929 2931 1980 nostras
2979 1916 3114 2001 (de-

436 2029 649 2112 dimus)
693 2045 1021 2110 presentes
1067 2032 1244 2114 sigilli
1307 2035 1501 2093 nostri
1561 2035 1914 2094 munimine
1966 2033 2352 2098 roborandO.
2408 2033 2648 2094 Datum
2698 2032 3004 2114 Zagrabie
3052 2031 3115 2089 in

434 2147 757 2205 crastinum
804 2145 1253 2227 assuntionisss)
1286 2147 1539 2226 virginis
1584 2145 1875 2226 gloriose,
1923 2166 2094 2207 anno
2141 2148 2387 2208 domini
2428 2147 2764 2206 millesimo
2813 2145 3116 2205 ducente-

436 2259 584 2316 simo
626 2261 1026 2339 sexagesimo
1072 2270 1277 2319 sext0.

588 2450 649 2506 Iz
678 2452 941 2525 potvrde
999 2449 1207 2527 kralja
1272 2453 1568 2528 StJepana
1630 2453 1715 2508 od
1744 2453 1887 2525 god.
1936 2454 2107 2509 1272.
2156 2455 2248 2508 25.
2277 2453 2468 2526 juna,
2518 2451 2658 2526 koja
2704 2471 2770 2506 se·
2817 2451 3030 2508 nalazi
3074 2471 3114 2508 u

434 2551 637 2628 knjizi:
682 2555 1035 2629 Privileggi
1076 2556 1148 2610 di
1188 2555 1397 2624 Nona,
1447 2557 1501 2612 iz
1548 2556 1753 2614 XVII.
1782 2554 1988 2632 vijeka
2017 2556 2146 2632 fol.
2188 2559 2389 2612 9—-11,
2425 2575 2464 2612 u
2490 2554 2754 2630 gubern.
2804 2553 3026 2610 arkivu
3071 2574 3112 2610 u

434 2657 638 2714 Zadru.
687 2689 770 2699 —
816 2659 1015 2716 Ruiclt
1061 2659 1428 2724 Riflessiom'
1470 2660 1576 2716 sul
1615 2661 1788 2734 Pago
1836 2661 1906 2716 P.
1963 2659 2010 2719 L
2061 2668 2196 2716 tom.
2250 2659 2340 2718 II.
2393 2661 2603 2715 63—6·
2621 2663 2661 2715 22.
2735 2659 3012 2734 lx'ukopis
3073 2677 3112 2714 u

434 2761 768 2819 zadarskom
804 2762 1065 2837 gubern.
1116 2763 1339 2820 arkivu
1378 2765 1511 2839 pod
1547 2764 1707 2838 sngn.
1755 2765 1803 2820 l.
1863 2765 1930 2821 G.
1981 2769 2032 2821 8.

588 2867 835 2925 Farlati
877 2866 1045 2941 Illyr.
1092 2850 1357 2925 sacruni.
1410 2869 1516 2927 IV.
1568 2873 1691 2926 218.
1728 2870 2052 2946 priopc'uje
2112 2871 2371 2945 sadrfiaj
2427 2889 2535 2926 ove
2581 2869 2789 2926 listine
2808 2889 2828 2923 .·
2900 2869 3115 2925 »cuius

436 2970 712 3043 integrum
758 2974 1095 3047 exemplum
1142 2974 1427 3029 nancisci
1470 2992 1589 3029 non
1626 2973 2006 3049 potuimus«.

1664 3352 1855 3431 870.

434 3520 610 3598 1266,
654 3522 764 3590 20.
816 3528 1155 3606 augusta.
1204 3524 1262 3590 U
1308 3524 1662 3608 Zaqrebu.

432 3708 687 3775 Roland
727 3713 857 3777 ban
906 3714 1277 3799 dosudjuje
1321 3715 1565 3797 zemlju
1622 3716 1816 3798 Jalec
1876 3717 2040 3801 koju
2095 3717 2484 3803 zahtjevaju
2543 3717 2780 3802 neleojz‘
2820 3717 3117 3781 kmetovz'

784 3826 1188 3911 zagrebatsz‘,
1241 3827 1639 3913 Ambroszju
1690 3828 1723 3892 τ’
1760 3832 2010 3893 Benku
2059 3830 2172 3894 sin
2180 3830 2400 3893 ovima
2467 3830 2714 3895 I't'tala.

580 4016 906 4079 Rolandus
930 4021 1135 4080 banus
1158 4023 1362 4082 tocius
1386 4020 1727 4083 Sclauonie
1774 4022 2072 4083 omnibus
2096 4042 2356 4102 presens
2380 4026 2682 4102 scriptum
2733 4027 3106 4103 inspecturis

418 4128 663 4190 salutem
711 4133 775 4191 in
822 4150 976 4193 uero
1038 4132 1307 4193 salutari.
1362 4135 1819 4196 Vniuersorum
1883 4138 2116 4197 noticie
2179 4135 2399 4196 harum
2465 4138 2624 4196 serie
2687 4137 3103 4213 declaramuS,

416 4242 577 4319 quod
622 4262 767 4304 cum
817 4244 1143 4316 Hocmisa‚
1189 4244 1407 4319 Oscul‚
1439 4246 1691 4323 Zyrnik,
1732 4247 2026 4320 Dracula,
2059 4247 2232 4321 Ozel,
2264 4246 2464 4322 Nork,
2501 4248 2584 4309 W
2588 4269 2718 4326 oyn
2751 4260 3104 4311 castrenses

411 4353 485 4414 de
527 4354 829 4437 Zagrabia
875 4376 1022 4417 cum
1068 4357 1205 4418 aliis
1251 4362 1674 4419 castrensibus
1721 4362 2034 4421 consociis
2095 4380 2316 4421 eorum
2367 4362 2447 4421 de
2494 4362 2638 4422 villa
2689 4361 3102 4442 Cranisapula

406 4464 810 4531 Ambrosium
858 4481 921 4531 et
969 4469 1151 4531 Benk
1196 4470 1359 4532 filios
1406 4472 1681 4551 Wytalis
1729 4475 1789 4533 in
1840 4476 2045 4535 forma
2092 4474 2300 4535 iudicii
2364 4479 2834 4549 conuenissent,
2881 4495 3096 4538 coram

405 4582 581 4642 nobis
624 4584 1077 4662 proponebant
1123 4596 1345 4646 contra
1392 4605 1521 4661 eos,
1568 4588 1744 4668 quod
1793 4588 1984 4648 iidem
2035 4591 2195 4649 intra
2263 4601 2468 4650 metas
2513 4601 2677 4649 terre
2724 4608 2945 4650 eorum
2995 4610 3101 4651 oc-

401 4707 734 4775 cupassent
780 4707 1011 4759 terram
1059 4718 1279 4759 eorum
1316 4701 1377 4759 in
1413 4700 1583 4761 bona
1632 4702 1985 4777 quantitate
2017 4714 2080 4761 et
2114 4701 2423 4763 uiolenter
2467 4702 2843 4775 detinerent,
2876 4716 3098 4765 contra

400 4828 555 4887 quos
622 4830 707 4871 ex
775 4811 1048 4873 aduerso
1118 4813 1381 4892 predicti
1451 4813 1554 4874 filii
1612 4812 1974 4896 Wytalus(!)
2039 4835 2105 4875 se
2153 4834 2290 4875 esse
2339 4817 2636 4877 inmunes
2699 4818 3099 4895 inpeticionis

572 5010 585 5038 ¹
626 5008 829 5078 Valjda
868 5012 1073 5081 mjesto
1110 5012 1359 5063 boream.
