3797 5795
1568 424 1642 433 —
1707 389 1972 452 333—

409 578 679 640 dicionis
740 588 803 639 et
864 581 1219 658 empcionis
1278 579 1363 640 ad
1423 581 1811 658 peticionem
1872 580 2187 641 dictorum
2252 580 2585 642 hominurn
2643 590 2864 641 nostro
2911 581 3121 662 sigillo

408 693 811 752 communiri.
845 690 1086 752 Datum
1120 693 1184 751 in
1215 691 1413 771 Selyn
1440 694 1501 752 in
1528 695 1773 755 octauis
1804 695 2088 754 cinerum
2122 711 2294 754 anno
2327 693 2566 753 domini
2597 692 2730 754 ΜΟ.
2753 691 2897 756 CC⁰
2917 742 2928 752 .
2949 693 3119 754 LX⁰.

410 806 655 883 quint0.

599 997 899 1072 Original
954 1019 993 1054 u
1054 997 1143 1055 kr.
1192 1018 1291 1072 ug.
1338 1000 1466 1056 drz'.
1532 998 1753 1056 arkivu
1816 1019 1855 1056 u
1921 1001 2310 1076 Buaimpcs'ti
2351 1000 2442 1056 M.
2502 1001 2572 1058 O.
2623 1000 2704 1056 l).
2752 1000 2822 1056 L.
2874 1003 3117 1058 32985.

417 1102 607 1157 Stat-a
676 1102 1009 1176 signatura
1070 1102 1151 1160 N.
1203 1103 1275 1158 R.
1324 1103 1399 1159 A.
1428 1105 1608 1180 fasc.
1674 1105 1800 1161 135.
1847 1123 1941 1162 no,
1991 1107 2078 1158 21.
2127 1137 2214 1145 —
2257 1105 2363 1162 Na
2433 1105 2639 1161 listt'm'
2702 1106 2827 1161 visi
2889 1124 3118 1161 crvcna

410 1205 651 1262 ,wile-na
698 1225 885 1264 vrvca
933 1207 1037 1263 bez
1070 1211 1314 1282 pedata.

588 1309 943 1367 Laszowski
986 1312 1335 1386 Spomenici
1384 1308 1449 1369 T
1444 1314 1719 1388 uropolja
1768 1313 1817 1372 l.
1862 1317 2113 1368 18—19.

1675 1699 1871 1780 824.

418 1890 616 1964 1265,
661 1891 725 1954 6.
772 1891 1039 1955 marta..
1083 1890 1143 1956 U
1187 1889 1455 1958 Zadru.

426 2079 635 2140 Bana
700 2080 921 2141 udova
984 2079 1352 2166 Pelegrt'na
1416 2081 1775 2166 Dragonje
1835 2081 2083 2164 darujc
2135 2081 2380 2164 zemlju
2425 2081 2684 2144 N'z'kolz'
2725 2083 3118 2167 Matusaru.

600 2271 669 2332 In
705 2269 935 2333 Christi
985 2275 1259 2334 nomine.
1306 2271 1506 2334 Anno
1539 2274 1621 2333 ab
1652 2273 2102 2336 incarnationis
2133 2275 2266 2334 eius
2299 2273 2635 2334 millesimo
2681 2274 3122 2336 ducentesimo

417 2387 823 2464 sexagesimo
870 2388 1113 2464 quint0‚
1160 2405 1379 2446 mense
1442 2389 1675 2460 marcii,
1722 2387 1823 2446 die
1870 2396 2055 2446 sexta
2101 2389 2374 2446 intrante
2422 2384 2830 2469 (in)diccione
2875 2398 3122 2462 octaua,

410 2495 657 2576 Jadere.
705 2498 1135 2577 Temporibus
1199 2499 1443 2560 domini
1508 2499 1829 2580 Ray(nerii
1892 2499 2093 2579 Zeno)
2161 2496 2430 2581 (incly)ti
2500 2499 2678 2560 ducis
2727 2501 3010 2562 Venecie
3058 2513 3120 2562 et

418 2612 699 2692 magistri
764 2611 1085 2674 Laurentii
1148 2613 1521 2673 venerabilis
1578 2611 1901 2692 Jadrensis
1962 2609 2487 2693 (archi)episcopi,
2533 2633 2609 2673 ac
2671 2611 2932 2673 Antonii
3005 2613 3121 2676 Su-

416 2725 695 2800 perancii
766 2727 999 2806 egregii
1066 2727 1331 2786 comitis
1379 2725 1791 2787 Manifestum
1862 2726 2026 2786 facio
2096 2744 2218 2806 ego
2288 2725 2548 2803 quidem
2622 2727 2846 2787 Bunna
2909 2727 3120 2787 relicta

418 2836 751 2916 quondam
820 2837 1127 2920 Pelegrini
1190 2839 1272 2900 de
1331 2837 1679 2921 Dragogna
1740 2857 1885 2901 cum
1951 2840 2110 2901 meis
2157 2837 2494 2900 heredibus
2541 2850 2603 2900 et
2650 2841 3121 2901 successoribus

418 2970 532 3028 per
594 2951 719 3011 hoc
779 2971 1040 3030 presens
1084 2955 1387 3032 scriptum
1436 2954 1517 3013 de
1564 2952 1891 3013 voluntate
1938 2962 2001 3012 et
2049 2971 2364 3013 consensu
2431 2956 2646 3033 generi
2697 2956 2818 3013 mei
2867 2950 3122 3027 Cossce,

420 3066 567 3141 quia
638 3066 701 3124 in
771 3064 873 3125 dei
942 3076 1004 3126 et
1075 3062 1301 3127 Christi
1371 3068 1633 3126 nomine
1678 3066 1784 3139 do,
1830 3065 2025 3138 d0n0,
2071 3066 2285 3125 vendo
2353 3075 2547 3144 atque
2615 3076 2936 3126 transacto
3004 3067 3114 3127 tibi

420 3195 701 3255 namque
750 3176 974 3239 Nicola
1020 3177 1103 3239 de
1150 3178 1482 3253 MatafarO,
1528 3178 1657 3240 filio
1715 3178 2044 3257 quondam
2093 3178 2378 3257 Lompre
2428 3176 2740 3251 Matafari,
2787 3178 3116 3256 quoddam

419 3292 737 3367 pastinum
789 3303 852 3351 et
898 3302 1130 3352 terram
1192 3311 1407 3353 meam
1468 3293 1743 3371 positam
1805 3293 1869 3351 in
1933 3289 2265 3373 (con)finio
2321 3289 2679 3352 Gomellice
2725 3299 2788 3351 et
2832 3293 3120 3351 maceriis

422 3404 600 3463 iuxta
632 3404 884 3464 vineam
916 3414 1093 3465 tuam
1126 3404 1299 3465 dicto
1334 3404 1391 3465 N
1398 3405 1559 3465 icola
1594 3424 1681 3465 ex
1711 3414 1891 3482 parte
1923 3405 2118 3465 boree
2150 3416 2212 3465 et
2245 3414 2542 3478 trauerse,
2589 3424 2672 3465 ex
2704 3414 2884 3482 parte
2929 3408 3118 3464 austri

420 3525 515 3575 est
562 3528 727 3577 terra
774 3518 1106 3594 quondam
1151 3516 1417 3579 Andree
1448 3518 1531 3577 de
1564 3518 1810 3594 Petrico
1842 3526 1908 3577 et
1939 3536 2022 3577 ex
2054 3528 2234 3596 parte
2280 3535 2519 3578 corone
2551 3526 2646 3578 est
2679 3519 2854 3577 iuxta
2885 3529 3118 3577 terram

420 3638 485 3689 et
531 3631 851 3707 pastinum
917 3649 1131 3691 meum
1195 3630 1363 3692 dicte
1424 3630 1603 3691 Bone
1663 3649 1807 3691 cum
1872 3630 2174 3690 omnibus
2235 3631 2521 3689 terminis
2567 3642 2630 3690 et
2676 3630 3123 3711 pertinen(ti)is

420 3744 547 3803 suis
592 3753 725 3803 tam
773 3744 995 3805 subtus
1042 3755 1274 3805 terram
1320 3762 1515 3823 quam
1562 3763 1751 3823 supra
1798 3754 2051 3817 terram,
2097 3744 2184 3803 ita
2213 3754 2282 3803 ut
2315 3742 2556 3803 amodo
2603 3746 2666 3803 in
2712 3756 2902 3804 antea
2936 3742 3119 3803 liceat

420 3856 533 3915 tibi
582 3856 756 3917 dicto
802 3857 1027 3918 Nicole
1073 3858 1309 3917 dictam
1356 3867 1590 3919 terram
1638 3866 1702 3917 et
1730 3858 2052 3936 pastinum
2102 3855 2296 3916 libere
2328 3855 2583 3927 habere,
2623 3866 2934 3934 perpetuo
2975 3875 3121 3934 pos-

422 3968 627 4030 sidere
688 3988 833 4031 cum
898 3971 1087 4050 plena
1146 3974 1375 4031 virtute
1439 3982 1504 4030 et
1566 3981 1885 4049 potestate
1948 3969 2432 4041 intromittendi,
2500 3968 2798 4041 habendi,
2843 3968 3121 4041 tenendi,
3206 3948 3212 3955 ⁶

422 4080 637 4154 dandi,
684 4082 986 4163 donandi,
1030 4083 1367 4157 vendendi,
1414 4082 1733 4143 alienandi
1777 4101 1895 4161 pro
1941 4084 2155 4142 anima
2212 4082 2534 4142 indicandi
2582 4092 2644 4141 et
2693 4091 2894 4141 totam
2943 4092 3120 4142 tuam

424 4195 819 4256 voluntatem
865 4196 1099 4257 exinde
1144 4195 1417 4257 faciendi
1464 4198 1720 4256 nemine
1766 4195 1876 4255 tibi
1925 4194 2408 4256 contradicente
2455 4195 2943 4273 imperpetuum.
3013 4192 3121 4255 Ob

423 4326 620 4387 quam
666 4308 1011 4381 dationem,
1056 4310 1493 4382 donationem,
1541 4308 1986 4369 vendicionem
2036 4309 2169 4369 siue
2208 4309 2703 4367 transactionem
2735 4318 2807 4366 tu
2839 4306 3122 4384 predicte

424 4420 651 4482 Nicola
727 4422 954 4483 dedisti
1023 4434 1085 4483 et
1154 4423 1471 4483 talionasti
1540 4422 1709 4495 mihi,
1775 4422 1942 4483 bene
2013 4432 2076 4481 et
2139 4422 2380 4501 integre
2447 4418 2684 4479 exinde
2759 4418 3120 4480 deliberasti

422 4533 765 4596 duodecim
806 4535 994 4595 libras
1039 4535 1445 4598 denariorum
1490 4545 1866 4596 venetorum
1912 4552 2270 4613 parvorum.
2320 4532 2509 4595 Unde
2557 4532 2767 4592 debeo
2800 4541 2864 4591 et
2897 4544 3120 4591 teneor

424 4666 571 4708 cum
642 4650 798 4709 meis
864 4648 1202 4710 heredibus
1270 4659 1330 4709 et
1400 4648 1869 4709 successoribus
1931 4647 2043 4707 tibi
2089 4656 2153 4707 et
2199 4647 2322 4706 tuis
2382 4644 2722 4707 heredibus
2767 4654 2831 4704 et
2877 4662 3122 4704 succes-

424 4762 671 4821 soribus
714 4762 951 4822 dictam
1000 4774 1229 4822 terram
1279 4773 1342 4822 et
1388 4763 1710 4839 pastinum
1756 4759 2293 4839 discalumpniare
2340 4769 2406 4819 et
2439 4758 2770 4818 defensare
2815 4758 2899 4817 ab
2947 4758 3118 4816 omni

426 4874 685 4935 homine
731 4885 793 4935 te
839 4875 1075 4936 exinde
1142 4874 1617 4953 calumpniante
1686 4891 1875 4951 super
1922 4891 2026 4932 me
2073 4883 2133 4932 et
2183 4873 2400 4931 omnia
2469 4871 2642 4931 bona
2701 4889 2848 4930 mea
2910 4869 3122 4929 habita

426 4998 490 5047 et
536 4988 831 5049 habenda
877 4990 939 5048 in
988 4986 1111 5048 hoc
1156 4986 1388 5048 seculo.
1435 4985 1678 5047 Actum
1724 4995 1818 5046 est
1866 4984 1991 5045 hoc
2022 4995 2084 5045 et
2117 4984 2439 5045 firmatum
2488 5002 2704 5044 coram
2753 4982 2848 5043 his
2881 4983 3122 5043 uocatis

428 5112 491 5161 et
538 5104 770 5183 rogatis
816 5102 1097 5174 testibus,
1143 5100 1377 5161 scilicet
1424 5098 1625 5161 Bethe
1672 5098 1753 5158 de
1800 5098 2094 5179 Petrigna
2140 5110 2204 5158 et
2252 5096 2530 5157 Martino
2577 5096 3004 5175 Spaurasanti.
