3797 5795
1621 407 1707 419 -—-
1768 372 2028 437 619—

1753 666 1885 744 66.

464 828 669 911 1272,
714 832 776 896 9.
822 829 1189 896 februara.
1235 830 1294 896 U
1337 828 1657 896 Broe‘mi.

462 1020 656 1083 Pred
696 1019 1051 1083 Hodusom
1096 1028 1431 1105 §upanom
1475 1020 1932 1106 zagrebalkim
1972 1022 2271 1107 prodaju
2339 1022 2513 1085 Gero
2585 1020 2706 1084 z'ta'.
2758 1021 2816 1085 z'z
2873 1021 3168 1085 Brocz'ne

968 1132 1083 1197 dio
1128 1132 1361 1218 zemlje
1404 1154 1453 1195 u
1502 1132 1879 1219 Pribz'ragu
1925 1141 2200 1218 iupanu
2257 1134 2653 1200 Perz'nkolu.

644 1326 775 1387 Nos
822 1324 1053 1387 Hodus
1098 1346 1318 1389 comes
1362 1326 1800 1411 Zagrabiensis
1846 1337 2078 1388 notum
2123 1328 2393 1390 facimus
2441 1328 2671 1407 quibus
2717 1329 2982 1408 expedit
3028 1331 3164 1389 uni-

468 1442 675 1512 versi5‚
718 1439 897 1518 quod
939 1442 1299 1502 constitutis
1342 1443 1407 1502 in
1454 1451 1671 1502 nostra
1732 1442 2064 1519 presencia
2127 1440 2211 1501 ab
2271 1460 2400 1501 una
2446 1450 2627 1519 parte
2672 1444 2910 1502 comite
2959 1442 3167 1502 Perin-

469 1552 653 1613 cholo
698 1552 779 1613 de
822 1565 1046 1614 monte
1093 1551 1305 1616 Grech
1371 1564 1434 1614 et
1493 1554 1577 1614 ab
1631 1552 1828 1615 altera
1891 1551 2113 1616 Guerd
2182 1538 2311 1614 'filio
2359 1553 2568 1629 Priba,
2631 1553 2876 1615 Vezelk
2922 1566 2986 1615 et
3033 1554 3168 1633 Dy-

473 1667 667 1726 minsa
712 1662 850 1726 filiis
897 1665 1163 1727 Hernan
1226 1666 1307 1727 de
1369 1666 1698 1740 Brochina‚
1759 1666 1934 1727 idem
1999 1664 2218 1729 Guerd
2281 1677 2344 1726 et
2406 1669 2598 1727 ceteri
2665 1668 2747 1727 de
2807 1678 2990 1746 parte
3053 1686 3166 1729 sua

472 1788 799 1855 prenotata
843 1779 1114 1840 confessi
1160 1790 1325 1853 sunt,
1385 1799 1454 1840 se
1514 1798 1711 1841 unam
1771 1779 2148 1859 particulam
2216 1788 2381 1839 terre
2428 1798 2672 1853 eorum,
2731 1798 2858 1860 que
2903 1790 2998 1841 est
3045 1783 3165 1841 sita

472 1890 531 1949 in
578 1891 855 1973 Pribirag
899 1895 1077 1954 iuxta
1122 1902 1355 1953 terram
1405 1892 1756 1954 Perincholi
1803 1894 2055 1953 comitis
2101 1912 2186 1953 ex
2211 1911 2336 1953 una
2382 1902 2562 1971 parte
2608 1902 2671 1952 et
2703 1895 2880 1953 iuxta
2926 1902 3162 1953 terram

474 2001 719 2065 Martini
766 2002 871 2065 filii
920 2004 1175 2079 Martini
1220 2006 1303 2065 ab
1347 2006 1560 2079 altera,
1621 2007 1740 2066 sub
1805 2008 1992 2067 metis
2052 2006 2463 2085 infrascriptis
2526 2005 2888 2067 uendidisse
2951 2006 3165 2067 Perin-

465 2114 649 2177 cholo
694 2120 912 2178 comiti
957 2128 1299 2196 prenotato
1345 2129 1409 2179 et
1452 2136 1567 2197 per
1611 2137 1757 2180 eum
1805 2122 1934 2180 suis
1978 2118 2320 2181 heredibus
2350 2118 2790 2197 heredumque
2837 2136 3160 2179 successo-

465 2229 631 2291 ribus
692 2232 826 2291 iure
880 2242 1192 2311 perpetuo
1261 2231 1721 2311 possidendam
1785 2251 1906 2312 pro
1973 2244 2220 2313 septem
2293 2234 2520 2293 marcis
2580 2230 2988 2292 'denariorum
3053 2230 3168 2291 Za-

462 2344 907 2422 grabiensium‚
980 2364 1255 2425 quorum
1330 2344 1574 2426 singule
1648 2347 1932 2425 quinque
2009 2364 2208 2423 pense
2278 2364 2560 2406 marcam
2623 2355 2777 2406 tunc
2851 2346 3162 2423 temporis

466 2454 799 2531 faciebant,
858 2476 1019 2535 quas
1071 2477 1139 2518 se
1201 2457 1499 2518 dixerunt
1568 2458 1652 2519 ab
1718 2458 1956 2519 eodem
2031 2458 2316 2537 plenarie
2383 2459 2711 2537 recepisse.
2789 2456 3154 2519 Astiterunt

460 2568 663 2629 eciam
708 2573 1139 2631 commetanei
1178 2583 1341 2632 terre
1387 2570 1647 2631 uendite
1676 2581 1741 2632 et
1778 2574 2055 2649 proximi
2095 2570 2523 2644 uenditorum,
2567 2570 2804 2631 scilicet
2839 2568 3152 2631 'Martinus

465 2678 627 2740 filius
672 2681 944 2755 Martini,
992 2682 1177 2744 Mark
1220 2682 1383 2744 filius
1446 2682 1663 2757 Marci,
1732 2682 2018 2765 Bogdan,
2082 2681 2371 2746 Guidosa
2432 2702 2582 2744 cum
2641 2686 2769 2743 suis
2830 2684 3164 2761 proximis,

461 2791 739 2869 Dedosa,
785 2792 1132 2869 Godemer,
1192 2795 1353 2858 Petk
1398 2815 1546 2858 cum
1594 2799 1721 2857 suis
1768 2798 2081 2875 proximis
2129 2798 2212 2857 de
2253 2795 2654 2876 Jarmanichi,
2718 2794 2964 2867 Obrad,
3026 2794 3162 2855 Ma-

466 2907 681 2982 radek,
746 2908 1071 2987 Nycolaus
1138 2909 1301 2970 filius
1366 2909 1626 2992 Dragan
1698 2929 1847 2971 cum
1913 2913 2042 2972 suis
2109 2913 2438 2990 proximiS,
2490 2928 2566 2970 ac
2626 2907 2857 2983 Grach‚
2927 2907 3161 2981 Odola,

468 3018 555 3078 W
559 3018 727 3099 lkoy,
772 3022 1099 3096 Radauan‚
1146 3022 1433 3102 Mladoy,
1477 3021 1747 3084 Nadeek
1791 3041 1942 3084 cum
1987 3026 2114 3083 suis
2153 3025 2481 3102 proximis,
2534 3020 2878 3103 Dragchin,
2914 3019 3162 3083 Varatk

461 3149 617 3192 cum
660 3137 783 3195 suis
828 3138 1155 3214 proximis
1188 3134 1459 3210 Achibil,
1494 3134 1834 3197 chhihna
1865 3154 2015 3197 cum
2046 3137 2174 3198 suis
2203 3138 2532 3215 proximiS‚
2567 3133 2866 3207 Hemelk‚
2899 3131 3160 3194 Wlkina

461 3261 616 3304 cum
660 3249 784 3308 suis
826 3250 1137 3326 proximis
1183 3249 1265 3310 de
1312 3249 1672 3324 Louotichi,
1731 3247 1928 3331 Gurg,
1990 3249 2309 3328 Stoyslau,
2374 3247 2758 3310 Benedictus
2819 3265 2970 3308 cum
3033 3246 3162 3305 suis

462 3361 774 3434 proximis
818 3360 901 3421 de
950 3360 1285 3435 Melinche‚
1329 3365 1437 3442 qui
1485 3362 1940 3424 uendicionem
1971 3363 2208 3424 factam
2256 3365 2392 3423 sine
2438 3362 2961 3424 contradiccione
3009 3377 3163 3436 qua·

468 3467 625 3530 libet
669 3474 1049 3534 unanimiter
1094 3473 1503 3535 admiserunt.
1552 3472 1747 3538 Cuius
1790 3485 1955 3536 terre
2001 3477 2208 3554 prima
2254 3489 2442 3549 meta,
2503 3477 2663 3536 sicut
2718 3485 2932 3553 partes
2977 3472 3166 3533 nobis

468 3583 831 3660 retulerunt,
875 3588 1093 3666 incipit
1138 3588 1203 3649 in
1248 3586 1445 3649 fluuio
1490 3588 1773 3670 Pribirag
1817 3588 1900 3649 de
1945 3598 2112 3650 terra
2171 3589 2422 3650 comitis
2469 3586 2824 3648 Perincholi
2871 3586 2954 3646 ab
3000 3589 3168 3647 occi-

472 3693 662 3758 dente
722 3710 784 3760 et
830 3701 978 3761 inde
1024 3702 1311 3778 superius
1356 3700 1437 3761 de
1483 3701 1721 3761 eodem
1766 3699 1963 3762 fluuio
2011 3700 2096 3761 ad
2143 3702 2458 3770 orientem
2521 3709 2586 3760 et
2635 3701 2810 3760 uenit
2857 3701 2920 3759 in
2955 3698 3168 3758 locum

472 3807 579 3867 ubi
624 3811 751 3873 duo
798 3813 969 3874 fluuii
1017 3815 1378 3895 iunguntur,
1441 3813 1592 3875 inde
1653 3816 1831 3874 iuxta
1902 3814 2168 3875 domum
2234 3813 2490 3875 Martini
2555 3813 2657 3874 filii
2723 3811 2996 3880 Martini,
3059 3829 3173 3889 per

471 3925 793 3998 quendam
837 3946 1110 4005 paruum
1157 3926 1438 4000 fluuium,
1486 3929 1590 4006 qui
1640 3936 1735 3987 est
1781 3928 1867 3988 ad
1915 3927 2254 3988 dexteram
2315 3937 2584 4006 partem,
2654 3945 2767 4004 per
2830 3943 3026 4002 quem
3072 3943 3172 3984 su-

470 4038 674 4110 perius
718 4039 963 4100 diucius
1005 4039 1422 4117 procedendo
1467 4042 1643 4102 uenit
1688 4039 1773 4101 ad
1818 4041 2087 4115 fontem,
2135 4043 2242 4118 qui
2288 4050 2384 4101 est
2430 4042 2610 4100 iuxta
2657 4042 2843 4112 viam,
2889 4037 2998 4098 ubi
3043 4036 3164 4096 sub

476 4148 795 4234 arbores(!)
856 4153 1059 4212 salicis
1104 4163 1201 4214 est
1248 4164 1419 4214 meta
1480 4164 1703 4228 terrea,
1762 4153 2000 4214 abinde
2061 4171 2280 4214 uersus
2341 4151 2744 4214 occidentem
2808 4170 2925 4230 per
2983 4151 3172 4222 viam,

476 4251 597 4338 que
642 4265 814 4326 uadit
861 4283 976 4343 per
1022 4277 1311 4327 montem
1356 4277 1419 4328 et
1466 4268 1639 4328 uenit
1685 4270 1914 4328 iterum
1960 4267 2043 4327 ad
2092 4277 2326 4326 terram
2374 4264 2726 4326 Perincholi
2787 4265 3041 4326 comitis
3105 4273 3170 4322 et

474 4371 553 4432 ibi
599 4379 986 4438 terminatur.
1036 4377 1106 4438 In
1153 4382 1329 4440 cuius
1374 4383 1457 4440 rei
1512 4382 1890 4441 memoriam
1937 4388 2266 4458 presentes
2312 4377 2698 4438 contulimus
2743 4377 2924 4469 sigilli
2974 4376 3172 4437 nostri

476 4493 820 4551 munimine
866 4491 1213 4553 roboratas
1260 4492 1503 4554 Datum
1552 4495 1615 4552 in
1664 4491 2005 4570 Brochyna
2066 4491 2240 4571 apud
2303 4490 2637 4551 ecclesiam
2695 4490 2866 4550 beati
2915 4489 3175 4550 Martini

480 4599 539 4660 in
584 4615 811 4665 octaua
856 4603 1318 4684 purificacionis
1363 4605 1569 4678 beate,
1602 4607 1853 4688 virginis
1884 4623 2057 4665 anno
2093 4603 2334 4664 domini
2371 4600 2837 4666 M⁰CC⁰LXX⁰
2868 4600 3174 4662 secundo,

656 4851 955 4925 Ortjginal
993 4851 1123 4908 vrlo
1183 4851 1365 4927 lijepo
1416 4852 1609 4928 pisan
1657 4871 1697 4908 u
1742 4849 1833 4906 kr.
1884 4870 1984 4925 ug.
2031 4851 2155 4906 drz'.
2216 4848 2439 4906 arkivu
2489 4868 2529 4906 u
2577 4850 2850 4906 Budimu
2869 4865 2888 4906 :
2947 4848 3036 4904 M.
3105 4847 3175 4904 O.

479 4955 555 5012 D.
602 4955 671 5012 L.
722 4975 817 5012 no,
878 4958 1001 5010 791.
1068 4955 1287 5028 (Stara
1331 4957 1449 5030 sig.
1496 4955 1579 5014 N
1626 4956 1701 5014 R.
1748 4955 1823 5015 A.
1850 4957 2030 5031 fasc.
2077 4955 2252 5012 1532.
2319 4973 2412 5012 κο.
2460 4957 2579 5026 14.)
2641 4953 2748 5010 Na
2795 4952 3002 5010 listini
3056 4951 3182 5008 visi

476 5059 544 5116 ob
589 5062 749 5118 uzici
790 5061 877 5117 od
906 5069 1079 5138 perg.
1124 5059 1389 5134 prilz'c‘no
1434 5059 1619 5118 dobro
1672 5063 1949 5118 salavan
1991 5057 2207 5114 ovalni
2237 5063 2428 5134 pedat
2460 5079 2500 5116 u
2531 5057 2804 5116 obic‘nom
2849 5053 3054 5114 vosku.
3088 5088 3176 5096 —-
