3797 5795
1832 425 1916 435 —
1976 391 2242 456 382-

862 581 1103 644 Datum
1152 582 1420 644 Viterbii
1484 602 1599 661 per
1661 601 1924 644 manum
1987 584 2271 664 magistri
2314 581 2642 644 Michaelis
2708 591 2926 644 sancte
2973 599 3242 642 romane
3289 599 3400 640 ec-

687 696 878 756 clesie
936 694 1446 767 vicecancellarii,
1508 695 1717 756 idibus
1760 697 1932 770 iunii,
1991 694 2338 757 indictione
2385 694 2508 768 IX.‚
2557 696 3004 757 incarnationis
3065 695 3404 756 dominice

686 827 860 868 anno
908 806 1346 882 MCCLXVI.‚
1392 807 1799 887 pontificatus
1845 807 2090 868 domini
2139 806 2455 871 Clementi
2503 807 2636 869 1111.
2681 827 2856 870 anno
2899 808 3208 869 secundo,

877 1002 1007 1060 Ova
1031 1004 1107 1077 je
1152 1001 1299 1058 bula
1338 1003 1706 1077 potvrafjena
1756 1013 1838 1078 po
1897 1003 2052 1078 papi
2101 1001 2349 1075 Grguru
2397 1002 2474 1060 X.
2513 1002 2656 1074 god.
2705 1003 2875 1061 1274.
2929 1007 3000 1058 11.
3047 999 3403 1076 septembr-a

696 1107 856 1162 (vidi
900 1107 1153 1163 Far-lati
1197 1107 1305 1165 IV.
1356 1109 1525 1179 356.)

865 1211 1121 1267 Farlatz‘
1175 1211 1491 1282 llh¹rlcum
1560 1229 1805 1267 sacrum
1853 1211 1966 1269 IV.
2020 1211 2356 1264 350—351.
2407 1242 2492 1250 —
2555 1209 2797 1266 lVenzel
2847 1209 2986 1267 Cod.
3049 1209 3196 1285 dipl.
3245 1207 3400 1284 Arp.

690 1317 853 1374 cont.
914 1314 1020 1372 XI.
1090 1319 1431 1370 557—559.
1480 1349 1564 1355 —
1612 1313 1893 1371 Potthast
1951 1315 2098 1388 Reg.
2157 1313 2383 1390 pontif.
2448 1333 2542 1370 no,
2613 1317 2843 1371 19.694.
2894 1347 2969 1355 —
3023 1313 3410 1388 Kukuljevic‘

696 1421 845 1492 Reg.
897 1439 989 1476 no.
1046 1423 1172 1474 910.

1959 1708 2154 1789 863.

695 1884 897 1963 1266,
941 1884 1047 1948 21.
1086 1883 1291 1966 juna.
1338 1882 1396 1948 U
1444 1881 1773 1966 Troqiru.

710 2073 773 2134 T
766 2071 1063 2158 rogz'rski
1116 2071 1356 2158 biskup
1422 2073 1809 2170 lg'olumban
1860 2073 1893 2136 ι’
1933 2073 2172 2158 njegov
2219 2073 2454 2159 kaptol
2495 2072 2662 2136 mire
2711 2094 2782 2136 se
2825 2094 2860 2135 s
2904 2071 3211 2157 opc‘z'nom
3261 2077 3402 2134 tro-

1608 2185 1914 2272 gz'rskom
1963 2185 2129 2250 radi
2166 2183 2486 2249 desetz‘ne.

873 2379 943 2440 In
992 2379 1093 2440 dei
1142 2380 1404 2440 nomine
1450 2396 1657 2440 amen.
1702 2376 1902 2440 Anno
1963 2378 2250 2440 eiusdem
2297 2399 2334 2438 a
2380 2380 2710 2439 natiuitate
2779 2378 3116 2438 millesimo
3164 2377 3406 2438 ducen—

696 2493 927 2553 tesimo
956 2494 1358 2573 sexagesimo
1391 2501 1594 2566 sext0‚
1626 2490 1945 2552 indicione
1991 2510 2180 2560 nona,
2210 2490 2315 2552 die
2346 2493 2512 2566 lune,
2559 2490 2814 2552 decimo
2859 2501 3138 2552 exeunte
3181 2509 3408 2551 mense

700 2606 889 2678 iuni0‚
936 2615 1227 2685 tempore
1272 2605 1515 2666 domini
1567 2602 1953 2667 Columbani
2000 2604 2374 2666 venerabilis
2404 2604 2840 2686 Traguriensis
2871 2606 3172 2683 episcopi,
3205 2603 3404 2664 incliti

702 2720 812 2779 viri
882 2719 1125 2779 domini
1199 2717 1469 2778 Rolandi
1540 2718 1791 2778 comitis
1850 2729 1916 2777 et
1977 2719 2181 2778 tocius
2247 2717 2588 2780 Sclauonie
2657 2720 2806 2778 bani
2875 2728 2938 2778 et
2985 2717 3404 2778 dominorum

702 2832 917 2892 Duimi
964 2832 1047 2892 de
1095 2829 1311 2913 Cegha
1370 2841 1433 2892 et
1496 2830 1821 2892 Valentini
1888 2830 2052 2891 Petri
2113 2831 2392 2891 iudicum
2439 2830 2746 2912 Tragurii.
2793 2829 2956 2894 Cum
3005 2832 3168 2891 inter
3217 2850 3410 2891 venc—

698 2944 963 3006 rabilem
1012 2956 1258 3023 patrem
1306 2945 1547 3005 dictum
1596 2944 1930 3005 dominum
1967 2942 2441 3007 Columbanum
2487 2944 2975 3025 Traguriensem
3026 2946 3403 3023 episcopum

696 3077 848 3119 cum
894 3077 1011 3118 suo
1056 3058 1335 3142 capitulo
1382 3076 1467 3117 ex
1514 3074 1639 3117 una
1685 3067 1865 3135 parte
1911 3068 1974 3117 et
2021 3057 2270 3119 nobiles
2323 3060 2490 3117 viros
2535 3060 2706 3119 ciues
2750 3056 3204 3139 Tragurienses
3251 3076 3402 3117 cum

699 3191 813 3233 sua
880 3173 1271 3231 comunitate
1340 3189 1425 3231 ex
1492 3170 1706 3241 altera,
1776 3188 1964 3249 super
2035 3170 2420 3248 quibusdam
2500 3170 2894 3231 decimarum
2981 3172 3406 3248 prouentibus

698 3302 917 3345 coram
964 3282 1231 3344 domino
1276 3283 1336 3344 T
1336 3283 1532 3343 homa
1578 3282 2027 3344 archidiacono
2073 3282 2430 3363 Spalatensi
2473 3303 2558 3344 ex
2589 3282 3002 3364 delegacione
3047 3285 3405 3362 apostolica

696 3398 1127 3457 controuersia
1177 3408 1537 3469 uerteretur,
1569 3406 1715 3474 post
1748 3396 1980 3456 multas
2010 3396 2434 3477 allegaciones
2465 3406 2528 3457 et
2559 3396 3014 3457 altercaciones
3061 3395 3209 3456 hinc
3242 3395 3403 3457 inde

702 3509 966 3582 habitaS,
1012 3508 1274 3569 tandem
1323 3508 1554 3569 eodem
1602 3508 2053 3569 archidiacono
2121 3528 2268 3570 cum
2316 3508 2610 3590 religioso
2657 3512 2790 3569 viro
2837 3507 3120 3590 Georgio
3165 3508 3406 3569 abbate

702 3624 903 3681 sancti
971 3620 1275 3699 Stephani
1344 3620 1751 3699 SpalatensiS,
1818 3640 2011 3697 quem
2081 3622 2286 3682 dictus
2339 3622 2819 3683 archidiaconus
2865 3624 2926 3681 in
2975 3621 3144 3682 dicta
3214 3640 3404 3682 causa

706 3737 949 3795 socium
1002 3748 1064 3795 et
1112 3752 1495 3795 assessorem
1544 3732 1936 3815 assiueratss),
1981 3733 2412 3795 mediantibus
2477 3743 2543 3795 et
2588 3734 2673 3795 ad
2738 3737 2914 3812 pacis
2981 3734 3399 3794 concordiam

706 3857 1043 3925 utramque
1110 3856 1358 3925 partem
1406 3846 1866 3921 exortantibus,
1915 3846 2127 3907 diuina
2197 3846 2454 3908 fauente
2521 3849 2732 3929 gracia
2793 3866 3016 3908 eorum
3077 3848 3269 3907 animi
3319 3847 3404 3907 ad

704 3960 899 4020 talem
960 3960 1376 4021 concordium
1437 3970 1583 4020 sunt
1645 3960 1906 4036 reducti,
1979 3960 2272 4022 uidelicet
2336 3961 2542 4022 dictus
2611 3961 2911 4021 dominus
2956 3962 3294 4038 episcopus
3341 3971 3404 4020 et

704 4073 1053 4151 capitulum
1115 4092 1231 4150 pro
1278 4091 1345 4131 se
1392 4084 1453 4131 et
1500 4091 1617 4151 pro
1681 4074 1807 4132 suis
1867 4073 2334 4134 successoribus
2380 4083 2444 4134 et
2492 4073 2739 4133 nobiles
2783 4075 2892 4132 viri
2941 4073 3090 4133 dicti
3155 4072 3402 4132 domini

707 4183 977 4246 Duimus
1045 4184 1127 4244 de
1196 4182 1410 4264 Cegha
1455 4195 1519 4244 et
1568 4184 1946 4247 Valentinus
2015 4186 2176 4247 Petri
2247 4186 2486 4247 iudices
2551 4204 2700 4246 cum
2768 4186 3070 4246 conscilio
3137 4195 3202 4246 et
3261 4185 3400 4245 aliis

708 4298 990 4377 pluribus
1050 4298 1235 4357 bonis
1297 4298 1437 4357 viris
1506 4297 1673 4357 dicte
1736 4300 2006 4358 ciuitatis
2049 4318 2166 4377 pro
2211 4318 2280 4359 se
2327 4309 2388 4359 et
2433 4318 2552 4377 pro
2597 4308 2733 4359 tota
2781 4300 3187 4359 uniuersitate
3232 4296 3406 4358 dicte

704 4412 977 4471 ciuitatis
1022 4422 1085 4471 et
1133 4413 1393 4470 nomine
1439 4410 1632 4489 ipsius
1678 4412 2116 4471 uniuersitatis
2150 4411 2475 4473 Predictus
2521 4428 2675 4492 ergo
2721 4411 3022 4471 dominus
3067 4412 3408 4490 episcopus

706 4542 854 4583 cum
900 4542 1016 4583 suo
1064 4522 1343 4602 capitulo
1388 4542 1505 4601 pro
1552 4543 1620 4583 se
1664 4533 1727 4583 et
1774 4543 1891 4602 pro
1939 4526 2064 4585 suis
2108 4525 2576 4585 successoribus
2636 4525 3081 4585 renunciantes
3125 4526 3402 4603 presenti

708 4638 1021 4710 questioni
1069 4638 1443 4696 remiserunt
1491 4647 1554 4696 et
1602 4639 2046 4714 quietauerunt
2087 4654 2314 4697 omnes
2358 4637 2512 4698 alias
2542 4636 2842 4708 decima'S,
2889 4654 3330 4714 quascumque
3371 4656 3408 4695 a

705 4749 951 4809 ciuibus
1018 4748 1187 4809 dicte
1254 4749 1521 4809 ciuitatis
1588 4752 1843 4829 exigere
1897 4758 2176 4827 possent,
2235 4759 2299 4810 et
2361 4751 2664 4827 recipient
2727 4748 3010 4809 decimas
3063 4748 3402 4809 dumtaxat

708 4871 1065 4933 consuetaS,
1112 4861 1401 4922 videlieet
1449 4861 1531 4921 dc
1579 4861 1791 4934 blado,
1839 4861 2262 4941 leguminibus
2307 4873 2369 4922 et
2417 4860 2500 4921 de
2545 4858 2856 4943 anguis(!).
2929 4862 3195 4922 Predicti
3251 4880 3406 4921 uero

712 4972 956 5032 nobiles
1017 4992 1133 5052 pro
1180 4992 1247 5033 se
1294 4984 1355 5033 et
1404 4975 1665 5034 nomine
1726 4993 1843 5034 suo
1890 4984 1953 5034 et
2000 4974 2167 5035 dicte
2229 4994 2341 5036 sue
2403 4976 2674 5035 ciuitatis
2741 4977 2998 5035 racione
3047 4974 3406 5035 huiusmodi

707 5088 1216 5145 conmutacionis
1260 5097 1712 5147 concesserunt
1758 5096 1821 5147 et
1868 5087 2262 5149 tradiderunt
2308 5087 2482 5147 dicto
2530 5087 2796 5155 domino
2843 5088 3147 5166 episcopo
3193 5099 3256 5147 et
3303 5106 3410 5147 ca-
