3797 5795
1892 370 2158 434 -292
2219 405 2302 416 -,

742 580 889 623 cura
952 579 1082 621 non
1145 563 1436 621 imminet
1481 563 1855 634 animarum,
1902 571 2084 622 tanto
2140 572 2432 640 tempore
2479 562 2605 621 iam
2651 560 2734 620 de
2781 561 2912 620 iure
2959 562 3221 632 vacavit,
3267 557 3452 637 quod

739 673 823 734 ad
868 692 986 734 nos
1030 687 1125 734 est
1172 676 1305 733 eius
1349 673 1605 734 collatio
1651 673 2006 734 secundum
2056 674 2505 735 Lateranensis
2565 684 2802 734 statuta
2863 672 3112 733 concilii
3159 672 3450 753 legitime

743 787 1058 848 devoluta.
1106 785 1321 865 Quare
1384 786 1590 846 dictus
1652 787 1914 848 clericus
1979 788 2163 847 nobis
2209 786 2532 847 humiliter
2579 785 2972 865 supplicavit,
3017 797 3086 845 ut
3131 783 3456 864 provideri

742 901 861 961 sibi
920 899 1004 960 de
1064 900 1201 978 ipsa
1260 900 1527 960 ecclesia
1588 900 1958 960 faceremus
2021 899 2158 961 Nos
2219 901 2434 978 itaque
2497 899 2785 960 volentes
2848 901 2906 959 ei
2965 899 3174 959 facere
3219 900 3286 958 in
3333 896 3458 957 hac

743 1025 922 1092 parte
952 1015 1222 1094 gratiam
1254 1013 1613 1092 specialem,
1647 1013 1972 1074 dilectioni
2005 1024 2112 1073 tue
2146 1013 2546 1085 mandamuS,
2569 1014 2884 1092 quatinuS‚
2910 1012 2958 1072 si
2985 1021 3079 1071 est
3111 1011 3215 1083 ita,
3237 1009 3458 1070 eidem

745 1126 973 1186 clerico
1034 1125 1397 1186 dummodo
1458 1126 1535 1185 sit
1596 1125 1891 1203 ydoneus
1954 1145 2072 1186 nec
2133 1127 2213 1185 sit
2273 1125 2444 1186 aliud
2505 1123 3002 1185 ecclesiasticum
3063 1121 3452 1183 beneficium

744 1249 1086 1309 assecutuS,
1134 1237 1215 1298 de
1262 1257 1392 1317 quo
1440 1239 1643 1298 valeat
1690 1241 2044 1313 sustentari,
2089 1239 2444 1318 predictam
2484 1237 2821 1299 ecclesiam
2867 1247 3085 1298 sancte
3117 1235 3322 1296 Marie
3369 1235 3454 1294 de

746 1351 945 1412 Melta
1005 1353 1381 1411 auctoritate
1444 1361 1660 1411 nostra
1722 1371 1837 1430 per
1881 1364 1945 1412 te
1990 1351 2091 1412 vel
2135 1371 2250 1430 per
2309 1350 2504 1411 alium
2566 1350 2860 1411 conferas
2919 1359 2984 1410 et
3030 1351 3334 1430 assignes
3381 1366 3460 1408 ac

746 1483 893 1524 eum
956 1466 1018 1523 in
1080 1466 1272 1542 ipsius
1332 1465 1731 1543 corporalem
1793 1466 2262 1542 possessionem
2311 1463 2576 1524 inducas
2621 1475 2684 1524 et
2729 1463 3040 1524 defendas
3099 1461 3456 1532 inductum,

747 1588 968 1637 amoto
1014 1576 1099 1637 ab
1144 1595 1221 1636 ea
1269 1577 1556 1655 quolibet
1604 1577 1817 1637 illicito
1864 1577 2215 1638 detentore.
2263 1577 2412 1637 Non
2447 1578 2764 1650 obstante,
2795 1579 2844 1636 si
2879 1585 2974 1636 est
3020 1575 3338 1653 aliquibus
3377 1574 3464 1632 ab

747 1690 1099 1768 apostolica
1130 1689 1283 1750 sede
1315 1689 1650 1762 indultum,
1698 1690 1874 1768 quod
1907 1690 1992 1751 ad
2023 1692 2452 1768 provisionem
2485 1689 2746 1750 alicuius
2793 1691 3056 1749 minime
3102 1697 3462 1758 teneantur,

750 1803 1056 1882 quodque
1101 1803 1186 1864 ad
1233 1803 1298 1863 id
1343 1803 1643 1882 compelli
1703 1822 1816 1863 seu
1877 1803 2182 1876 interdici,
2234 1802 2536 1881 suspendi
2585 1802 2686 1863 vel
2730 1801 3274 1863 excommunicari
3323 1817 3459 1859 non

748 1918 993 1994 possint
1039 1925 1102 1976 et
1150 1916 1328 1995 quod
1374 1915 1457 1977 de
1502 1915 1825 1976 beneficiis
1855 1915 1939 1975 ad
1971 1934 2192 1976 eorum
2242 1914 2654 1976 collationem
2699 1913 3137 1993 spectantibus
3169 1923 3452 1992 nequeat

747 2029 930 2090 alicui
978 2029 1312 2106 provideri,
1358 2046 1472 2107 per
1516 2028 1754 2088 litteras
1799 2028 2183 2106 apostolicas
2216 2046 2342 2106 que
2375 2027 2458 2088 de
2489 2027 2738 2088 indulto
2787 2025 3153 2086 huiusmodi
3197 2024 3464 2104 plenam

746 2154 809 2202 et
857 2160 1229 2219 expressam
1278 2159 1409 2201 non
1457 2140 1715 2202 fecerint
1764 2142 2179 2215 mentionem,
2209 2143 2339 2201 sive
2373 2140 2654 2219 qualibet
2687 2141 2809 2200 alia
2853 2138 3251 2219 indulgentia
3281 2138 3458 2198 dicte

746 2253 914 2313 sedis
961 2254 1417 2328 cuiuscumque
1464 2255 1701 2314 tenoris
1732 2255 1984 2325 existat,
2017 2271 2130 2330 per
2163 2271 2358 2330 quam
2403 2253 2671 2314 effectus
2715 2253 3110 2331 presentium
3159 2249 3452 2329 impediri

630 2365 635 2368 ’
746 2365 953 2425 valeat
1024 2364 1119 2424 vel
1191 2364 1423 2425 disserri
1488 2374 1551 2426 et
1614 2365 1694 2425 de
1758 2384 1883 2443 qua
1948 2365 2029 2425 de
2091 2366 2284 2425 verbo
2353 2365 2438 2425 ad
2501 2365 2768 2425 verbum
2831 2367 2894 2424 in
2958 2364 3191 2424 nostris
3237 2362 3464 2423 litteris

746 2475 1035 2556 specialis
1095 2479 1338 2536 mentio
1400 2479 1477 2538 sit
1538 2476 1851 2537 habenda.
1923 2473 2469 2560 Contra[dictores
2485 2472 2530 2560 ?]
2603 2487 2694 2552 (et
2735 2487 2936 2536 cetera
2985 2479 3211 2554 usque)
3279 2493 3462 2536 com-

749 2590 1093 2669 pescendo.
1146 2591 1399 2650 Proviso
1441 2559 1624 2669 quod
1673 2590 1842 2650 idem
1890 2590 2171 2663 clericuS,
2219 2601 2408 2668 prout
2439 2593 2732 2670 requirat,
2763 2608 2924 2651 onus
2956 2591 3152 2667 ipsius
3183 2587 3452 2648 ecclesie

748 2713 967 2762 sancte
1030 2702 1228 2764 Marie
1290 2704 1351 2761 in
1414 2722 1489 2762 ea
1549 2702 1958 2763 residentiam
2019 2702 2420 2781 personalem
2485 2713 2548 2762 et
2609 2704 2858 2763 statutis
2921 2702 3322 2780 temporibus
3389 2719 3458 2760 se

750 2816 940 2877 saciat
1001 2815 1084 2876 ad
1146 2815 1401 2876 ordines
1463 2817 1841 2894 promoveri.
1912 2813 2219 2893 Alioquin
2270 2813 2634 2876 huiusmodi
2679 2817 2880 2896 gratia
2927 2813 3162 2875 nullius
3209 2815 3466 2893 penitus

749 2932 826 2989 sit
893 2930 1219 2991 momenti.
1268 2929 1511 2991 Datum
1560 2925 1780 3013 [apud]
1837 2929 2078 2991 Urbem
2112 2940 2412 3002 veterem,
2459 2931 2644 2989 nonis
2691 2929 3003 3001 februarii,
3049 2927 3466 3008 pontificatus

751 3044 948 3102 nostri
996 3061 1167 3103 anno
1215 3045 1419 3103 tertio.

935 3234 1072 3291 Urb.
1122 3234 1229 3292 IV.
1278 3254 1379 3291 an.
1434 3234 1551 3291 III.
1604 3238 1695 3313 ep.
1749 3237 1885 3290 305.
1953 3236 2101 3308 Reg.
2169 3236 2295 3292 Vat.
2369 3254 2464 3291 no,
2536 3237 2631 3289 29.
2665 3237 2843 3310 fasc.
2891 3236 3022 3289 102.

2022 3525 2212 3605 787.

764 3682 961 3763 1264,
1008 3684 1111 3746 15.
1161 3684 1424 3748 marta.
1471 3681 1530 3748 U
1574 3681 1834 3749 Otoku.

763 3870 1029 3954 Mz'ltalj
1068 3878 1293 3954 :iupan
1338 3869 1587 3933 sanskt‘
1614 3869 1900 3954 predaje
1943 3869 2299 3932 sudbem'm
2339 3875 2574 3954 putem
2637 3869 2881 3953 zemlju
2939 3870 3168 3931 Kralu
3217 3868 3466 3953 opatzjt

1957 3982 2287 4066 topaskoj.

937 4174 1257 4237 Universis
1304 4174 1417 4235 has
1462 4174 1699 4235 litteras
1747 4176 2118 4253 inspecturis
2167 4172 2462 4252 Mychael
2508 4192 2727 4234 comes
2777 4173 2861 4233 de
2892 4172 3064 4235 Sana
3111 4174 3472 4253 subscripte

762 4290 1003 4347 veritati
1036 4286 1232 4347 fidem
1259 4284 1528 4369 (volens)
1557 4286 1873 4348 adhibere.
1923 4286 1982 4347 N
1987 4288 2231 4347 overint
2262 4288 2550 4359 universi,
2580 4287 2760 4366 quod
2796 4305 2916 4346 nos
2947 4286 3030 4348 de
3065 4286 3377 4347 mandato
3409 4298 3474 4348 et

761 4410 1067 4479 precepto
1099 4399 1611 4460 excellentissimi
1644 4399 1886 4459 domini
1922 4403 2115 4460 nostri
2165 4402 2328 4480 regis
2361 4400 2424 4461 V
2430 4401 2662 4480 ngarie‚
2711 4399 3123 4461 medietatem
3173 4410 3342 4461 terre
3388 4400 3474 4460 de

762 4511 957 4573 Krala
1002 4530 1151 4574 cum
1196 4514 1323 4573 suis
1368 4514 1773 4591 pertinenciis
1834 4512 2152 4585 omnibuS,
2197 4514 2356 4572 sicut
2403 4530 2548 4572 eam
2597 4512 2936 4573 Pribislaus
2997 4531 3220 4573 comes
3264 4516 3471 4573 tenuit

764 4627 824 4685 in
871 4627 1001 4685 vita
1044 4644 1156 4685 sua
1188 4635 1251 4685 et
1284 4625 1585 4703 possedit,
1631 4624 1897 4684 domino
1930 4625 2148 4685 abbati
2183 4624 2265 4684 de
2296 4624 2566 4703 Toplica
2597 4644 2712 4704 per
2751 4625 3010 4686 fratrem
3059 4625 3472 4687 Desiderium

764 4737 1153 4798 monachum
1215 4755 1417 4808 suum,
1481 4740 1588 4816 qui
1650 4754 1798 4797 cum
1860 4738 2079 4798 litteris
2126 4748 2188 4797 et
2235 4748 2542 4815 precepto
2601 4741 2776 4799 venit
2843 4739 2927 4799 ad
2992 4758 3111 4799 nos
3155 4758 3240 4799 ex
3288 4752 3473 4818 parte

762 4849 1003 4909 domini
1050 4850 1231 4930 regiS,
1278 4850 1735 4930 assignavimus
1780 4852 1843 4910 in
1891 4853 2216 4928 presencia
2265 4850 2511 4910 domini
2557 4853 2840 4930 episcopi
2877 4851 3158 4913 Ladislai
3206 4872 3286 4913 eo
3335 4854 3468 4913 iure

760 4972 823 5022 et
870 4981 945 5021 ea
992 4962 1303 5035 libertate,
1362 4980 1489 5041 qua
1549 4962 1756 5022 dictus
1800 4961 2138 5023 Pribislaus
2184 4982 2328 5023 eam
2375 4966 2598 5038 tenuit,
2639 4975 2955 5043 perpetuo
2999 4964 3464 5044 possidendam

762 5084 825 5133 et
875 5074 1110 5134 ibidem
1178 5094 1293 5153 pro
1355 5076 1680 5136 voluntate
1740 5093 1853 5135 sua
1914 5078 2242 5157 grangiam
2307 5074 2752 5140 edificandam.
2804 5078 2874 5138 In
2940 5080 3118 5139 cuius
3164 5080 3252 5137 rei
3303 5078 3476 5137 testi-
