<?xml version="1.0" encoding="UTF-8"?>
<!DOCTYPE html PUBLIC "-//W3C//DTD XHTML 1.0 Transitional//EN"
    "http://www.w3.org/TR/xhtml1/DTD/xhtml1-transitional.dtd">
<html xmlns="http://www.w3.org/1999/xhtml" xml:lang="en" lang="en">
 <head>
  <title>
</title>
<meta http-equiv="Content-Type" content="text/html;charset=utf-8" />
  <meta name='ocr-system' content='tesseract 3.04.00' />
  <meta name='ocr-capabilities' content='ocr_page ocr_carea ocr_par ocr_line ocrx_word'/>
</head>
<body>
  <div class='ocr_page' id='page_1' title='image "./codexdiplomatic00umjegoog_0100.png"; bbox 0 0 3797 5795; ppageno 0'>
   <div class='ocr_carea' id='block_1_1' title="bbox 1566 400 1933 464">
    <p class='ocr_par' dir='ltr' id='par_1_1' title="bbox 1566 400 1933 464">
     <span class='ocr_line' id='line_1_1' title="bbox 1566 400 1933 464; baseline 0 -21"><span class='ocrx_word' id='word_1_1' title='bbox 1566 400 1933 464; x_wconf 71' lang='grc'>-87-</span> 
     </span>
    </p>
   </div>
   <div class='ocr_carea' id='block_1_2' title="bbox 388 587 3110 2930">
    <p class='ocr_par' dir='ltr' id='par_1_2' title="bbox 388 587 3110 2930">
     <span class='ocr_line' id='line_1_2' title="bbox 412 587 3108 671; baseline -0.002 -16"><span class='ocrx_word' id='word_1_2' title='bbox 412 592 707 655; x_wconf 89' lang='lat' dir='ltr'><strong>iudicibus</strong></span> <span class='ocrx_word' id='word_1_3' title='bbox 753 591 1073 653; x_wconf 81' lang='lat' dir='ltr'><strong>accede&#39;ns</strong></span> <span class='ocrx_word' id='word_1_4' title='bbox 1111 589 1473 671; x_wconf 89' lang='lat' dir='ltr'><strong>Jeronimus</strong></span> <span class='ocrx_word' id='word_1_5' title='bbox 1521 592 1685 651; x_wconf 88' lang='lat' dir='ltr'><strong>Petri</strong></span> <span class='ocrx_word' id='word_1_6' title='bbox 1735 591 1963 652; x_wconf 90' lang='lat' dir='ltr'><strong>Pinose</strong></span> <span class='ocrx_word' id='word_1_7' title='bbox 2011 590 2360 669; x_wconf 83' lang='lat' dir='ltr'>proposuit,</span> <span class='ocrx_word' id='word_1_8' title='bbox 2411 587 2592 669; x_wconf 89' lang='lat' dir='ltr'><strong>quod</strong></span> <span class='ocrx_word' id='word_1_9' title='bbox 2639 606 2785 648; x_wconf 91' lang='lat' dir='ltr'><strong>cum</strong></span> <span class='ocrx_word' id='word_1_10' title='bbox 2821 588 3108 666; x_wconf 88' lang='lat' dir='ltr'><strong>quodam</strong></span> 
     </span>
     <span class='ocr_line' id='line_1_3' title="bbox 416 701 3110 792; baseline 0 -26"><span class='ocrx_word' id='word_1_11' title='bbox 416 723 651 787; x_wconf 86' lang='lat' dir='ltr'><strong>genere,</strong></span> <span class='ocrx_word' id='word_1_12' title='bbox 694 704 991 766; x_wconf 89' lang='lat' dir='ltr'><strong>uidelicet</strong></span> <span class='ocrx_word' id='word_1_13' title='bbox 1040 701 1251 792; x_wconf 85' lang='lat' dir='ltr'><strong>Cocca</strong></span> <span class='ocrx_word' id='word_1_14' title='bbox 1296 706 1361 765; x_wconf 90' lang='lat' dir='ltr'><strong>in</strong></span> <span class='ocrx_word' id='word_1_15' title='bbox 1406 702 1741 783; x_wconf 88' lang='lat' dir='ltr'><strong>Spaletum</strong></span> <span class='ocrx_word' id='word_1_16' title='bbox 1787 713 2067 776; x_wconf 87' lang='lat' dir='ltr'><strong>uenerat,</strong></span> <span class='ocrx_word' id='word_1_17' title='bbox 2127 705 2190 763; x_wconf 92' lang='lat' dir='ltr'><strong>in</strong></span> <span class='ocrx_word' id='word_1_18' title='bbox 2237 704 2568 782; x_wconf 83' lang='lat' dir='ltr'><strong>presencia</strong></span> <span class='ocrx_word' id='word_1_19' title='bbox 2631 713 2695 762; x_wconf 90' lang='lat' dir='ltr'><strong>et</strong></span> <span class='ocrx_word' id='word_1_20' title='bbox 2741 702 3110 769; x_wconf 87' lang='lat' dir='ltr'><strong>testimonio</strong></span> 
     </span>
     <span class='ocr_line' id='line_1_4' title="bbox 414 813 3100 897; baseline -0.001 -19"><span class='ocrx_word' id='word_1_21' title='bbox 414 817 823 897; x_wconf 87' lang='lat' dir='ltr'><strong>quorumdam</strong></span> <span class='ocrx_word' id='word_1_22' title='bbox 870 826 1233 877; x_wconf 88' lang='lat' dir='ltr'><strong>nostrorum</strong></span> <span class='ocrx_word' id='word_1_23' title='bbox 1281 818 1647 879; x_wconf 82' lang='lat' dir='ltr'>concinium</span> <span class='ocrx_word' id='word_1_24' title='bbox 1693 815 1912 878; x_wconf 89' lang='lat' dir='ltr'><strong>Sabbe</strong></span> <span class='ocrx_word' id='word_1_25' title='bbox 1957 814 2244 888; x_wconf 85' lang='lat' dir='ltr'><strong>Trauaie‚</strong></span> <span class='ocrx_word' id='word_1_26' title='bbox 2314 816 2482 877; x_wconf 90' lang='lat' dir='ltr'><strong>Petri</strong></span> <span class='ocrx_word' id='word_1_27' title='bbox 2529 814 2850 889; x_wconf 89' lang='lat' dir='ltr'><strong>Duscizze‚</strong></span> <span class='ocrx_word' id='word_1_28' title='bbox 2895 813 3100 876; x_wconf 90' lang='lat' dir='ltr'><strong>Dobri</strong></span> 
     </span>
     <span class='ocr_line' id='line_1_5' title="bbox 410 926 3104 1008; baseline -0.001 -17"><span class='ocrx_word' id='word_1_29' title='bbox 410 930 705 1003; x_wconf 88' lang='lat' dir='ltr'><strong>Bubzelle‚</strong></span> <span class='ocrx_word' id='word_1_30' title='bbox 750 929 977 991; x_wconf 88' lang='lat' dir='ltr'><strong>Radoe</strong></span> <span class='ocrx_word' id='word_1_31' title='bbox 1024 928 1359 1003; x_wconf 84' lang='lat' dir='ltr'><strong>Chabatte‚</strong></span> <span class='ocrx_word' id='word_1_32' title='bbox 1424 926 1613 991; x_wconf 87' lang='lat' dir='ltr'><strong>Stasii</strong></span> <span class='ocrx_word' id='word_1_33' title='bbox 1677 929 2024 1002; x_wconf 87' lang='lat' dir='ltr'><strong>Zuetanne,</strong></span> <span class='ocrx_word' id='word_1_34' title='bbox 2089 928 2357 989; x_wconf 86' lang='lat' dir='ltr'><strong>dederat</strong></span> <span class='ocrx_word' id='word_1_35' title='bbox 2405 926 2629 989; x_wconf 90' lang='lat' dir='ltr'><strong>Stitico</strong></span> <span class='ocrx_word' id='word_1_36' title='bbox 2694 927 2776 989; x_wconf 91' lang='lat' dir='ltr'><strong>de</strong></span> <span class='ocrx_word' id='word_1_37' title='bbox 2824 928 3104 1008; x_wconf 85' lang='lat' dir='ltr'><strong>Ragusio</strong></span> 
     </span>
     <span class='ocr_line' id='line_1_6' title="bbox 408 1041 3104 1122; baseline 0 -19"><span class='ocrx_word' id='word_1_38' title='bbox 408 1062 591 1103; x_wconf 91' lang='lat' dir='ltr'><strong>unum</strong></span> <span class='ocrx_word' id='word_1_39' title='bbox 645 1042 1003 1103; x_wconf 86' lang='lat' dir='ltr'><strong>milliarium</strong></span> <span class='ocrx_word' id='word_1_40' title='bbox 1049 1052 1112 1103; x_wconf 91' lang='lat' dir='ltr'><strong>et</strong></span> <span class='ocrx_word' id='word_1_41' title='bbox 1159 1044 1411 1103; x_wconf 88' lang='lat' dir='ltr'><strong>tertiam</strong></span> <span class='ocrx_word' id='word_1_42' title='bbox 1457 1042 1540 1103; x_wconf 95' lang='lat' dir='ltr'><strong>de</strong></span> <span class='ocrx_word' id='word_1_43' title='bbox 1586 1061 1794 1117; x_wconf 69' lang='lat' dir='ltr'><strong>casm,</strong></span> <span class='ocrx_word' id='word_1_44' title='bbox 1839 1042 1924 1103; x_wconf 88' lang='lat' dir='ltr'><strong>de</strong></span> <span class='ocrx_word' id='word_1_45' title='bbox 1971 1059 2101 1122; x_wconf 93' lang='lat' dir='ltr'><strong>quo</strong></span> <span class='ocrx_word' id='word_1_46' title='bbox 2151 1059 2481 1117; x_wconf 90' lang='lat' dir='ltr'><strong>nunquam</strong></span> <span class='ocrx_word' id='word_1_47' title='bbox 2527 1042 2609 1101; x_wconf 91' lang='lat' dir='ltr'><strong>ab</strong></span> <span class='ocrx_word' id='word_1_48' title='bbox 2653 1042 2794 1121; x_wconf 87' lang='lat' dir='ltr'><strong>ipso</strong></span> <span class='ocrx_word' id='word_1_49' title='bbox 2825 1041 2989 1101; x_wconf 86' lang='lat' dir='ltr'><strong>dixit</strong></span> <span class='ocrx_word' id='word_1_50' title='bbox 3034 1060 3104 1103; x_wconf 90' lang='lat' dir='ltr'><strong>se</strong></span> 
     </span>
     <span class='ocr_line' id='line_1_7' title="bbox 404 1153 3098 1235; baseline -0 -20"><span class='ocrx_word' id='word_1_51' title='bbox 404 1156 747 1235; x_wconf 89' lang='lat' dir='ltr'><strong>percepisse</strong></span> <span class='ocrx_word' id='word_1_52' title='bbox 812 1155 1075 1231; x_wconf 83' lang='lat' dir='ltr'><strong>aliquod</strong></span> <span class='ocrx_word' id='word_1_53' title='bbox 1142 1169 1655 1235; x_wconf 86' lang='lat' dir='ltr'><strong>paccamentum,</strong></span> <span class='ocrx_word' id='word_1_54' title='bbox 1723 1173 1843 1215; x_wconf 91' lang='lat' dir='ltr'><strong>nec</strong></span> <span class='ocrx_word' id='word_1_55' title='bbox 1903 1155 1988 1215; x_wconf 90' lang='lat' dir='ltr'><strong>ab</strong></span> <span class='ocrx_word' id='word_1_56' title='bbox 2033 1155 2250 1233; x_wconf 91' lang='lat' dir='ltr'><strong>aliquo</strong></span> <span class='ocrx_word' id='word_1_57' title='bbox 2311 1172 2430 1233; x_wconf 92' lang='lat' dir='ltr'><strong>pro</strong></span> <span class='ocrx_word' id='word_1_58' title='bbox 2477 1173 2574 1215; x_wconf 81' lang='lat' dir='ltr'><strong>eo,</strong></span> <span class='ocrx_word' id='word_1_59' title='bbox 2627 1153 2815 1215; x_wconf 88' lang='lat' dir='ltr'><strong>Unde</strong></span> <span class='ocrx_word' id='word_1_60' title='bbox 2864 1172 3098 1234; x_wconf 86' lang='lat' dir='ltr'><strong>rogans</strong></span> 
     </span>
     <span class='ocr_line' id='line_1_8' title="bbox 399 1265 3094 1348; baseline -0.001 -19"><span class='ocrx_word' id='word_1_61' title='bbox 399 1270 568 1348; x_wconf 89' lang='lat' dir='ltr'><strong>petiit</strong></span> <span class='ocrx_word' id='word_1_62' title='bbox 612 1286 802 1347; x_wconf 88' lang='lat' dir='ltr'><strong>super</strong></span> <span class='ocrx_word' id='word_1_63' title='bbox 846 1268 963 1329; x_wconf 91' lang='lat' dir='ltr'><strong>hiis</strong></span> <span class='ocrx_word' id='word_1_64' title='bbox 1005 1287 1121 1347; x_wconf 86' lang='lat' dir='ltr'><strong>per</strong></span> <span class='ocrx_word' id='word_1_65' title='bbox 1164 1268 1371 1329; x_wconf 89' lang='lat' dir='ltr'><strong>dictos</strong></span> <span class='ocrx_word' id='word_1_66' title='bbox 1416 1279 1611 1329; x_wconf 87' lang='lat' dir='ltr'><strong>testes</strong></span> <span class='ocrx_word' id='word_1_67' title='bbox 1657 1286 1776 1329; x_wconf 86' lang='lat' dir='ltr'><strong>nos</strong></span> <span class='ocrx_word' id='word_1_68' title='bbox 1822 1266 2171 1329; x_wconf 86' lang='lat' dir='ltr'><strong>certificare</strong></span> <span class='ocrx_word' id='word_1_69' title='bbox 2216 1277 2280 1328; x_wconf 89' lang='lat' dir='ltr'><strong>et</strong></span> <span class='ocrx_word' id='word_1_70' title='bbox 2339 1266 2498 1327; x_wconf 87' lang='lat' dir='ltr'><strong>alios</strong></span> <span class='ocrx_word' id='word_1_71' title='bbox 2558 1277 2767 1326; x_wconf 89' lang='lat' dir='ltr'><strong>certos</strong></span> <span class='ocrx_word' id='word_1_72' title='bbox 2823 1265 3094 1328; x_wconf 85' lang='lat' dir='ltr'><strong>reddere</strong></span> 
     </span>
     <span class='ocr_line' id='line_1_9' title="bbox 404 1378 3094 1459; baseline -0.001 -18"><span class='ocrx_word' id='word_1_73' title='bbox 404 1382 788 1441; x_wconf 87' lang='lat' dir='ltr'><strong>deberemus.</strong></span> <span class='ocrx_word' id='word_1_74' title='bbox 853 1380 991 1442; x_wconf 89' lang='lat' dir='ltr'><strong>Nos</strong></span> <span class='ocrx_word' id='word_1_75' title='bbox 1048 1399 1205 1441; x_wconf 89' lang='lat' dir='ltr'><strong>uero</strong></span> <span class='ocrx_word' id='word_1_76' title='bbox 1264 1391 1527 1459; x_wconf 91' lang='lat' dir='ltr'><strong>propter</strong></span> <span class='ocrx_word' id='word_1_77' title='bbox 1582 1382 1893 1441; x_wconf 88' lang='lat' dir='ltr'><strong>maiorem</strong></span> <span class='ocrx_word' id='word_1_78' title='bbox 1940 1382 2342 1441; x_wconf 86' lang='lat' dir='ltr'><strong>securitatem</strong></span> <span class='ocrx_word' id='word_1_79' title='bbox 2391 1389 2456 1441; x_wconf 94' lang='lat' dir='ltr'><strong>et</strong></span> <span class='ocrx_word' id='word_1_80' title='bbox 2502 1378 2588 1440; x_wconf 90' lang='lat' dir='ltr'><strong>ad</strong></span> <span class='ocrx_word' id='word_1_81' title='bbox 2633 1378 2960 1439; x_wconf 87' lang='lat' dir='ltr'><strong>sciendam</strong></span> <span class='ocrx_word' id='word_1_82' title='bbox 3007 1381 3094 1439; x_wconf 91' lang='lat' dir='ltr'><strong>rei</strong></span> 
     </span>
     <span class='ocr_line' id='line_1_10' title="bbox 403 1492 3100 1573; baseline -0.001 -19"><span class='ocrx_word' id='word_1_83' title='bbox 403 1497 719 1555; x_wconf 90' lang='lat' dir='ltr'><strong>ueritatem</strong></span> <span class='ocrx_word' id='word_1_84' title='bbox 769 1512 998 1555; x_wconf 90' lang='lat' dir='ltr'><strong>omnes</strong></span> <span class='ocrx_word' id='word_1_85' title='bbox 1043 1494 1443 1573; x_wconf 90' lang='lat' dir='ltr'><strong>supradictos</strong></span> <span class='ocrx_word' id='word_1_86' title='bbox 1488 1504 1683 1556; x_wconf 88' lang='lat' dir='ltr'><strong>testes</strong></span> <span class='ocrx_word' id='word_1_87' title='bbox 1729 1492 1813 1554; x_wconf 89' lang='lat' dir='ltr'><strong>ad</strong></span> <span class='ocrx_word' id='word_1_88' title='bbox 1859 1495 2237 1573; x_wconf 89' lang='lat' dir='ltr'><strong>petitionem</strong></span> <span class='ocrx_word' id='word_1_89' title='bbox 2301 1492 2451 1553; x_wconf 90' lang='lat' dir='ltr'><strong>dicti</strong></span> <span class='ocrx_word' id='word_1_90' title='bbox 2507 1492 2817 1572; x_wconf 88' lang='lat' dir='ltr'><strong>Jeronimi</strong></span> <span class='ocrx_word' id='word_1_91' title='bbox 2880 1510 3100 1552; x_wconf 87' lang='lat' dir='ltr'><strong>coram</strong></span> 
     </span>
     <span class='ocr_line' id='line_1_11' title="bbox 400 1604 3102 1684; baseline -0.001 -17"><span class='ocrx_word' id='word_1_92' title='bbox 400 1608 574 1667; x_wconf 90' lang='lat' dir='ltr'><strong>nobis</strong></span> <span class='ocrx_word' id='word_1_93' title='bbox 621 1608 839 1667; x_wconf 85' lang='lat' dir='ltr'><strong>uocari</strong></span> <span class='ocrx_word' id='word_1_94' title='bbox 883 1606 1166 1681; x_wconf 78' lang='lat' dir='ltr'><strong>fecimuS,</strong></span> <span class='ocrx_word' id='word_1_95' title='bbox 1210 1606 1439 1668; x_wconf 86' lang='lat' dir='ltr'><strong>dantes</strong></span> <span class='ocrx_word' id='word_1_96' title='bbox 1493 1606 1738 1668; x_wconf 92' lang='lat' dir='ltr'><strong>eisdem</strong></span> <span class='ocrx_word' id='word_1_97' title='bbox 1799 1615 2293 1681; x_wconf 85' lang='lat' dir='ltr'><strong>sacramentum,</strong></span> <span class='ocrx_word' id='word_1_98' title='bbox 2356 1605 2532 1682; x_wconf 92' lang='lat' dir='ltr'><strong>quod</strong></span> <span class='ocrx_word' id='word_1_99' title='bbox 2578 1605 2662 1667; x_wconf 93' lang='lat' dir='ltr'><strong>de</strong></span> <span class='ocrx_word' id='word_1_100' title='bbox 2723 1604 3102 1684; x_wconf 89' lang='lat' dir='ltr'><strong>supradictis</strong></span> 
     </span>
     <span class='ocr_line' id='line_1_12' title="bbox 398 1717 3102 1798; baseline -0.001 -17"><span class='ocrx_word' id='word_1_101' title='bbox 398 1721 663 1781; x_wconf 85' lang='lat' dir='ltr'><strong>ueritatis</strong></span> <span class='ocrx_word' id='word_1_102' title='bbox 708 1722 1149 1781; x_wconf 88' lang='lat' dir='ltr'><strong>testimonium</strong></span> <span class='ocrx_word' id='word_1_103' title='bbox 1212 1718 1633 1798; x_wconf 87' lang='lat' dir='ltr'><strong>perhiberent.</strong></span> <span class='ocrx_word' id='word_1_104' title='bbox 1698 1717 1825 1798; x_wconf 82' lang='lat' dir='ltr'><strong>Qui</strong></span> <span class='ocrx_word' id='word_1_105' title='bbox 1888 1738 2117 1780; x_wconf 91' lang='lat' dir='ltr'><strong>omnes</strong></span> <span class='ocrx_word' id='word_1_106' title='bbox 2177 1738 2396 1780; x_wconf 90' lang='lat' dir='ltr'><strong>coram</strong></span> <span class='ocrx_word' id='word_1_107' title='bbox 2461 1718 2646 1779; x_wconf 91' lang='lat' dir='ltr'><strong>nobis</strong></span> <span class='ocrx_word' id='word_1_108' title='bbox 2708 1728 2772 1778; x_wconf 91' lang='lat' dir='ltr'><strong>et</strong></span> <span class='ocrx_word' id='word_1_109' title='bbox 2834 1720 2897 1779; x_wconf 89' lang='lat' dir='ltr'><strong>in</strong></span> <span class='ocrx_word' id='word_1_110' title='bbox 2961 1736 3102 1796; x_wconf 92' lang='lat' dir='ltr'><strong>pre-</strong></span> 
     </span>
     <span class='ocr_line' id='line_1_13' title="bbox 396 1830 3095 1913; baseline -0.002 -18"><span class='ocrx_word' id='word_1_111' title='bbox 396 1836 585 1895; x_wconf 86' lang='lat' dir='ltr'><strong>sentia</strong></span> <span class='ocrx_word' id='word_1_112' title='bbox 630 1830 955 1895; x_wconf 88' lang='lat' dir='ltr'><strong>Grubesse</strong></span> <span class='ocrx_word' id='word_1_113' title='bbox 1000 1831 1151 1894; x_wconf 85' lang='lat' dir='ltr'><strong>Zani</strong></span> <span class='ocrx_word' id='word_1_114' title='bbox 1199 1832 1285 1893; x_wconf 93' lang='lat' dir='ltr'><strong>de</strong></span> <span class='ocrx_word' id='word_1_115' title='bbox 1329 1832 1580 1894; x_wconf 88' lang='lat' dir='ltr'><strong>Ranina</strong></span> <span class='ocrx_word' id='word_1_116' title='bbox 1628 1842 1691 1893; x_wconf 90' lang='lat' dir='ltr'><strong>et</strong></span> <span class='ocrx_word' id='word_1_117' title='bbox 1740 1832 1981 1894; x_wconf 87' lang='lat' dir='ltr'><strong>Mathie</strong></span> <span class='ocrx_word' id='word_1_118' title='bbox 2030 1831 2112 1893; x_wconf 93' lang='lat' dir='ltr'><strong>de</strong></span> <span class='ocrx_word' id='word_1_119' title='bbox 2159 1832 2332 1894; x_wconf 85' lang='lat' dir='ltr'><strong>Rasti</strong></span> <span class='ocrx_word' id='word_1_120' title='bbox 2369 1831 2866 1913; x_wconf 85' lang='lat' dir='ltr'><strong>Ragusiensibus</strong></span> <span class='ocrx_word' id='word_1_121' title='bbox 2912 1832 3095 1892; x_wconf 88' lang='lat' dir='ltr'><strong>iurati</strong></span> 
     </span>
     <span class='ocr_line' id='line_1_14' title="bbox 394 1943 3098 2027; baseline -0.001 -20"><span class='ocrx_word' id='word_1_122' title='bbox 394 1946 473 2007; x_wconf 88' lang='lat' dir='ltr'><strong>ad</strong></span> <span class='ocrx_word' id='word_1_123' title='bbox 528 1955 746 2007; x_wconf 89' lang='lat' dir='ltr'><strong>sancta</strong></span> <span class='ocrx_word' id='word_1_124' title='bbox 810 1946 913 2005; x_wconf 90' lang='lat' dir='ltr'><strong>dei</strong></span> <span class='ocrx_word' id='word_1_125' title='bbox 972 1945 1305 2027; x_wconf 84' lang='lat' dir='ltr'><strong>euangelia</strong></span> <span class='ocrx_word' id='word_1_126' title='bbox 1365 1944 1685 2018; x_wconf 86' lang='lat' dir='ltr'><strong>dixerunt,</strong></span> <span class='ocrx_word' id='word_1_127' title='bbox 1750 1945 1928 2025; x_wconf 91' lang='lat' dir='ltr'><strong>quod</strong></span> <span class='ocrx_word' id='word_1_128' title='bbox 1990 1947 2144 2006; x_wconf 87' lang='lat' dir='ltr'><strong>certi</strong></span> <span class='ocrx_word' id='word_1_129' title='bbox 2208 1956 2388 2007; x_wconf 89' lang='lat' dir='ltr'><strong>erant</strong></span> <span class='ocrx_word' id='word_1_130' title='bbox 2449 1956 2512 2007; x_wconf 90' lang='lat' dir='ltr'><strong>et</strong></span> <span class='ocrx_word' id='word_1_131' title='bbox 2574 1946 2742 2006; x_wconf 91' lang='lat' dir='ltr'><strong>bene</strong></span> <span class='ocrx_word' id='word_1_132' title='bbox 2801 1943 3098 2006; x_wconf 85' lang='lat' dir='ltr'><strong>recorda-</strong></span> 
     </span>
     <span class='ocr_line' id='line_1_15' title="bbox 394 2056 3092 2139; baseline -0 -21"><span class='ocrx_word' id='word_1_133' title='bbox 394 2059 627 2133; x_wconf 85' lang='lat' dir='ltr'><strong>bantur,</strong></span> <span class='ocrx_word' id='word_1_134' title='bbox 674 2061 981 2139; x_wconf 88' lang='lat' dir='ltr'><strong>quoniam</strong></span> <span class='ocrx_word' id='word_1_135' title='bbox 1026 2057 1235 2119; x_wconf 90' lang='lat' dir='ltr'><strong>dictus</strong></span> <span class='ocrx_word' id='word_1_136' title='bbox 1272 2057 1634 2138; x_wconf 80' lang='lat' dir='ltr'><strong>jeronimus</strong></span> <span class='ocrx_word' id='word_1_137' title='bbox 1682 2057 1922 2119; x_wconf 88' lang='lat' dir='ltr'><strong>dictam</strong></span> <span class='ocrx_word' id='word_1_138' title='bbox 1963 2060 2382 2137; x_wconf 87' lang='lat' dir='ltr'><strong>quantitatem</strong></span> <span class='ocrx_word' id='word_1_139' title='bbox 2431 2060 2598 2119; x_wconf 86' lang='lat' dir='ltr'><strong>casei</strong></span> <span class='ocrx_word' id='word_1_140' title='bbox 2645 2058 2818 2119; x_wconf 90' lang='lat' dir='ltr'><strong>dicto</strong></span> <span class='ocrx_word' id='word_1_141' title='bbox 2864 2056 3092 2119; x_wconf 91' lang='lat' dir='ltr'><strong>Stitico</strong></span> 
     </span>
     <span class='ocr_line' id='line_1_16' title="bbox 393 2167 3098 2250; baseline -0 -19"><span class='ocrx_word' id='word_1_142' title='bbox 393 2190 597 2231; x_wconf 89' lang='lat' dir='ltr'><strong>coram</strong></span> <span class='ocrx_word' id='word_1_143' title='bbox 644 2172 797 2250; x_wconf 88' lang='lat' dir='ltr'><strong>ipsis</strong></span> <span class='ocrx_word' id='word_1_144' title='bbox 844 2170 1037 2232; x_wconf 92' lang='lat' dir='ltr'><strong>dedit.</strong></span> <span class='ocrx_word' id='word_1_145' title='bbox 1102 2167 1194 2232; x_wconf 85' lang='lat' dir='ltr'><strong>At</strong></span> <span class='ocrx_word' id='word_1_146' title='bbox 1240 2171 1347 2232; x_wconf 91' lang='lat' dir='ltr'><strong>ubi</strong></span> <span class='ocrx_word' id='word_1_147' title='bbox 1414 2171 1501 2231; x_wconf 90' lang='lat' dir='ltr'><strong>ad</strong></span> <span class='ocrx_word' id='word_1_148' title='bbox 1571 2174 1907 2232; x_wconf 87' lang='lat' dir='ltr'><strong>ueritatem</strong></span> <span class='ocrx_word' id='word_1_149' title='bbox 1983 2173 2392 2250; x_wconf 84' lang='lat' dir='ltr'><strong>peruenimus</strong></span> <span class='ocrx_word' id='word_1_150' title='bbox 2463 2182 2528 2232; x_wconf 87' lang='lat' dir='ltr'><strong>et</strong></span> <span class='ocrx_word' id='word_1_151' title='bbox 2573 2172 2922 2250; x_wconf 86' lang='lat' dir='ltr'><strong>reperimus</strong></span> <span class='ocrx_word' id='word_1_152' title='bbox 2981 2189 3098 2250; x_wconf 87' lang='lat' dir='ltr'><strong>per</strong></span> 
     </span>
     <span class='ocr_line' id='line_1_17' title="bbox 391 2272 3092 2364; baseline -0.001 -19"><span class='ocrx_word' id='word_1_153' title='bbox 391 2284 585 2345; x_wconf 82' lang='lat' dir='ltr'><strong>dictos</strong></span> <span class='ocrx_word' id='word_1_154' title='bbox 629 2283 926 2363; x_wconf 85' lang='lat' dir='ltr'><strong>ydoneos</strong></span> <span class='ocrx_word' id='word_1_155' title='bbox 970 2294 1167 2345; x_wconf 90' lang='lat' dir='ltr'><strong>testes</strong></span> <span class='ocrx_word' id='word_1_156' title='bbox 1212 2283 1383 2345; x_wconf 88' lang='lat' dir='ltr'><strong>dicta</strong></span> <span class='ocrx_word' id='word_1_157' title='bbox 1438 2284 1745 2364; x_wconf 90' lang='lat' dir='ltr'><strong>Jeronimi</strong></span> <span class='ocrx_word' id='word_1_158' title='bbox 1806 2303 1946 2346; x_wconf 87' lang='lat' dir='ltr'><strong>esse</strong></span> <span class='ocrx_word' id='word_1_159' title='bbox 1993 2272 2162 2355; x_wconf 77' lang='lat' dir='ltr'><strong>uera.</strong></span> <span class='ocrx_word' id='word_1_160' title='bbox 2225 2294 2296 2345; x_wconf 89' lang='lat' dir='ltr'><strong>ut</strong></span> <span class='ocrx_word' id='word_1_161' title='bbox 2343 2284 2554 2345; x_wconf 87' lang='lat' dir='ltr'><strong>nullus</strong></span> <span class='ocrx_word' id='word_1_162' title='bbox 2597 2302 2788 2363; x_wconf 88' lang='lat' dir='ltr'><strong>super</strong></span> <span class='ocrx_word' id='word_1_163' title='bbox 2836 2282 2931 2344; x_wconf 90' lang='lat' dir='ltr'><strong>his</strong></span> <span class='ocrx_word' id='word_1_164' title='bbox 2979 2282 3092 2344; x_wconf 91' lang='lat' dir='ltr'><strong>du-</strong></span> 
     </span>
     <span class='ocr_line' id='line_1_18' title="bbox 391 2396 3095 2477; baseline 0 -20"><span class='ocrx_word' id='word_1_165' title='bbox 391 2398 579 2459; x_wconf 88' lang='lat' dir='ltr'><strong>bitare</strong></span> <span class='ocrx_word' id='word_1_166' title='bbox 623 2400 843 2476; x_wconf 88' lang='lat' dir='ltr'><strong>possit,</strong></span> <span class='ocrx_word' id='word_1_167' title='bbox 888 2396 1218 2477; x_wconf 88' lang='lat' dir='ltr'><strong>puplicum</strong></span> <span class='ocrx_word' id='word_1_168' title='bbox 1263 2397 1347 2457; x_wconf 93' lang='lat' dir='ltr'><strong>de</strong></span> <span class='ocrx_word' id='word_1_169' title='bbox 1395 2398 1678 2475; x_wconf 90' lang='lat' dir='ltr'><strong>ipsorum</strong></span> <span class='ocrx_word' id='word_1_170' title='bbox 1742 2400 2151 2459; x_wconf 85' lang='lat' dir='ltr'><strong>attestatione</strong></span> <span class='ocrx_word' id='word_1_171' title='bbox 2197 2398 2314 2459; x_wconf 90' lang='lat' dir='ltr'><strong>sibi</strong></span> <span class='ocrx_word' id='word_1_172' title='bbox 2361 2398 2630 2458; x_wconf 85' lang='lat' dir='ltr'><strong>fecimus</strong></span> <span class='ocrx_word' id='word_1_173' title='bbox 2685 2396 2821 2458; x_wconf 88' lang='lat' dir='ltr'><strong>fieri</strong></span> <span class='ocrx_word' id='word_1_174' title='bbox 2870 2400 3095 2458; x_wconf 89' lang='lat' dir='ltr'><strong>instru-</strong></span> 
     </span>
     <span class='ocr_line' id='line_1_19' title="bbox 392 2508 3084 2592; baseline 0 -22"><span class='ocrx_word' id='word_1_175' title='bbox 392 2521 687 2571; x_wconf 89' lang='lat' dir='ltr'><strong>mentum.</strong></span> <span class='ocrx_word' id='word_1_176' title='bbox 732 2508 975 2571; x_wconf 92' lang='lat' dir='ltr'><strong>Actum</strong></span> <span class='ocrx_word' id='word_1_177' title='bbox 1022 2512 1085 2571; x_wconf 92' lang='lat' dir='ltr'><strong>in</strong></span> <span class='ocrx_word' id='word_1_178' title='bbox 1131 2509 1345 2589; x_wconf 88' lang='lat' dir='ltr'><strong>platea</strong></span> <span class='ocrx_word' id='word_1_179' title='bbox 1390 2528 1611 2570; x_wconf 88' lang='lat' dir='ltr'><strong>coram</strong></span> <span class='ocrx_word' id='word_1_180' title='bbox 1658 2512 1829 2571; x_wconf 83' lang='lat' dir='ltr'><strong>curia</strong></span> <span class='ocrx_word' id='word_1_181' title='bbox 1876 2512 1938 2571; x_wconf 90' lang='lat' dir='ltr'><strong>in</strong></span> <span class='ocrx_word' id='word_1_182' title='bbox 1987 2513 2315 2590; x_wconf 87' lang='lat' dir='ltr'><strong>presencia</strong></span> <span class='ocrx_word' id='word_1_183' title='bbox 2360 2521 2424 2572; x_wconf 90' lang='lat' dir='ltr'><strong>et</strong></span> <span class='ocrx_word' id='word_1_184' title='bbox 2470 2511 2842 2572; x_wconf 90' lang='lat' dir='ltr'><strong>testimonio</strong></span> <span class='ocrx_word' id='word_1_185' title='bbox 2890 2509 3084 2592; x_wconf 86' lang='lat' dir='ltr'><strong>Dragi</strong></span> 
     </span>
     <span class='ocr_line' id='line_1_20' title="bbox 393 2621 3094 2704; baseline -0 -20"><span class='ocrx_word' id='word_1_186' title='bbox 393 2622 684 2701; x_wconf 88' lang='lat' dir='ltr'><strong>Stephani</strong></span> <span class='ocrx_word' id='word_1_187' title='bbox 734 2632 797 2682; x_wconf 93' lang='lat' dir='ltr'><strong>et</strong></span> <span class='ocrx_word' id='word_1_188' title='bbox 844 2621 1075 2684; x_wconf 86' lang='lat' dir='ltr'><strong>Marini</strong></span> <span class='ocrx_word' id='word_1_189' title='bbox 1120 2622 1485 2703; x_wconf 88' lang='lat' dir='ltr'><strong>Bonagutte</strong></span> <span class='ocrx_word' id='word_1_190' title='bbox 1531 2632 1595 2683; x_wconf 90' lang='lat' dir='ltr'><strong>et</strong></span> <span class='ocrx_word' id='word_1_191' title='bbox 1641 2622 1913 2683; x_wconf 88' lang='lat' dir='ltr'><strong>aliorum</strong></span> <span class='ocrx_word' id='word_1_192' title='bbox 1960 2622 2232 2700; x_wconf 88' lang='lat' dir='ltr'><strong>plurium</strong></span> <span class='ocrx_word' id='word_1_193' title='bbox 2293 2622 2622 2684; x_wconf 89' lang='lat' dir='ltr'><strong>nobilium.</strong></span> <span class='ocrx_word' id='word_1_194' title='bbox 2690 2622 2833 2704; x_wconf 86' lang='lat' dir='ltr'><strong>Ego</strong></span> <span class='ocrx_word' id='word_1_195' title='bbox 2882 2622 3094 2683; x_wconf 88' lang='lat' dir='ltr'><strong>Lucas</strong></span> 
     </span>
     <span class='ocr_line' id='line_1_21' title="bbox 388 2734 3091 2817; baseline 0.001 -22"><span class='ocrx_word' id='word_1_196' title='bbox 388 2734 567 2814; x_wconf 87' lang='lat' dir='ltr'><strong>Janzii</strong></span> <span class='ocrx_word' id='word_1_197' title='bbox 626 2736 1031 2796; x_wconf 85' lang='lat' dir='ltr'><strong>examinator</strong></span> <span class='ocrx_word' id='word_1_198' title='bbox 1094 2754 1355 2795; x_wconf 89' lang='lat' dir='ltr'><strong>manum</strong></span> <span class='ocrx_word' id='word_1_199' title='bbox 1421 2754 1635 2795; x_wconf 87' lang='lat' dir='ltr'><strong>meam</strong></span> <span class='ocrx_word' id='word_1_200' title='bbox 1698 2737 1837 2796; x_wconf 90' lang='lat' dir='ltr'><strong>misi</strong></span> <span class='ocrx_word' id='word_1_201' title='bbox 1883 2745 1948 2796; x_wconf 91' lang='lat' dir='ltr'><strong>et</strong></span> <span class='ocrx_word' id='word_1_202' title='bbox 1995 2753 2120 2817; x_wconf 84' lang='lat' dir='ltr'><strong>ego</strong></span> <span class='ocrx_word' id='word_1_203' title='bbox 2171 2735 2382 2797; x_wconf 89' lang='lat' dir='ltr'><strong>Lucas</strong></span> <span class='ocrx_word' id='word_1_204' title='bbox 2441 2735 2835 2814; x_wconf 84' lang='lat' dir='ltr'><strong>Spalatensis</strong></span> <span class='ocrx_word' id='word_1_205' title='bbox 2897 2753 3091 2797; x_wconf 90' lang='lat' dir='ltr'><strong>cano-</strong></span> 
     </span>
     <span class='ocr_line' id='line_1_22' title="bbox 394 2844 3088 2930; baseline 0.001 -22"><span class='ocrx_word' id='word_1_206' title='bbox 394 2850 559 2909; x_wconf 91' lang='lat' dir='ltr'><strong>nicus</strong></span> <span class='ocrx_word' id='word_1_207' title='bbox 600 2850 837 2910; x_wconf 89' lang='lat' dir='ltr'><strong>iuratus</strong></span> <span class='ocrx_word' id='word_1_208' title='bbox 898 2849 1213 2928; x_wconf 79' lang='lat' dir='ltr'><strong>(notarius</strong></span> <span class='ocrx_word' id='word_1_209' title='bbox 1229 2844 1274 2930; x_wconf 73' lang='grc' dir='ltr'><strong>Ρ)</strong></span> <span class='ocrx_word' id='word_1_210' title='bbox 1338 2849 1817 2910; x_wconf 88' lang='lat' dir='ltr'><strong>communitatis</strong></span> <span class='ocrx_word' id='word_1_211' title='bbox 1871 2847 1968 2910; x_wconf 89' lang='lat' dir='ltr'><strong>his</strong></span> <span class='ocrx_word' id='word_1_212' title='bbox 2011 2848 2261 2911; x_wconf 84' lang='lat' dir='ltr'><strong>interfui</strong></span> <span class='ocrx_word' id='word_1_213' title='bbox 2310 2859 2372 2910; x_wconf 92' lang='lat' dir='ltr'><strong>et</strong></span> <span class='ocrx_word' id='word_1_214' title='bbox 2419 2868 2504 2910; x_wconf 86' lang='lat' dir='ltr'><strong>ex</strong></span> <span class='ocrx_word' id='word_1_215' title='bbox 2551 2859 2856 2929; x_wconf 91' lang='lat' dir='ltr'><strong>precepto</strong></span> <span class='ocrx_word' id='word_1_216' title='bbox 2918 2850 3088 2910; x_wconf 91' lang='lat' dir='ltr'><strong>curie</strong></span> 
     </span>
    </p>
   </div>
   <div class='ocr_carea' id='block_1_3' title="bbox 396 2959 1081 3042">
    <p class='ocr_par' dir='ltr' id='par_1_3' title="bbox 396 2959 1081 3042">
     <span class='ocr_line' id='line_1_23' title="bbox 396 2959 1081 3042; baseline 0 -22"><span class='ocrx_word' id='word_1_217' title='bbox 396 2960 511 3021; x_wconf 93' lang='lat' dir='ltr'><strong>hoc</strong></span> <span class='ocrx_word' id='word_1_218' title='bbox 554 2959 795 3042; x_wconf 84' lang='lat' dir='ltr'><strong>brev(e)</strong></span> <span class='ocrx_word' id='word_1_219' title='bbox 843 2963 1081 3040; x_wconf 85' lang='lat' dir='ltr'><strong>scripsi.</strong></span> 
     </span>
    </p>
   </div>
   <div class='ocr_carea' id='block_1_4' title="bbox 386 3153 3089 3334">
    <p class='ocr_par' dir='ltr' id='par_1_4' title="bbox 386 3153 3089 3334">
     <span class='ocr_line' id='line_1_24' title="bbox 558 3153 3089 3232; baseline -0.001 -20"><span class='ocrx_word' id='word_1_220' title='bbox 558 3153 853 3228; x_wconf 68' lang='lat' dir='ltr'><strong>Orzgrinal</strong></span> <span class='ocrx_word' id='word_1_221' title='bbox 892 3174 933 3211; x_wconf 86' lang='lat' dir='ltr'><em>u</em></span> <span class='ocrx_word' id='word_1_222' title='bbox 965 3153 1409 3212; x_wconf 72' lang='lat' dir='ltr'><strong>dubrovac&#39;kom</strong></span> <span class='ocrx_word' id='word_1_223' title='bbox 1442 3153 1685 3212; x_wconf 81' lang='lat' dir='ltr'><strong>arkivu.</strong></span> <span class='ocrx_word' id='word_1_224' title='bbox 1725 3155 1831 3212; x_wconf 68' lang='grc' dir='ltr'><strong>Αἶα</strong></span> <span class='ocrx_word' id='word_1_225' title='bbox 1860 3164 2140 3231; x_wconf 76' lang='lat' dir='ltr'><strong>premam</strong></span> <span class='ocrx_word' id='word_1_226' title='bbox 2185 3165 2338 3231; x_wconf 81' lang='lat' dir='ltr'><strong>rupe</strong></span> <span class='ocrx_word' id='word_1_227' title='bbox 2359 3153 2688 3232; x_wconf 81' lang='lat' dir='ltr'><strong>pokazuju,</strong></span> <span class='ocrx_word' id='word_1_228' title='bbox 2720 3155 2803 3211; x_wconf 83' lang='lat' dir='ltr'><strong>da</strong></span> <span class='ocrx_word' id='word_1_229' title='bbox 2818 3156 2893 3228; x_wconf 78' lang='lat' dir='ltr'><strong>je</strong></span> <span class='ocrx_word' id='word_1_230' title='bbox 2925 3155 3089 3211; x_wconf 85' lang='lat' dir='ltr'><strong>imao</strong></span> 
     </span>
     <span class='ocr_line' id='line_1_25' title="bbox 386 3256 1459 3334; baseline 0.004 -22"><span class='ocrx_word' id='word_1_231' title='bbox 386 3256 494 3313; x_wconf 82' lang='lat' dir='ltr'><strong>biti</strong></span> <span class='ocrx_word' id='word_1_232' title='bbox 524 3263 719 3334; x_wconf 67' lang='lat' dir='ltr'><strong>pec‘at.</strong></span> <span class='ocrx_word' id='word_1_233' title='bbox 770 3257 998 3315; x_wconf 86' lang='lat' dir='ltr'><strong>Zbirka</strong></span> <span class='ocrx_word' id='word_1_234' title='bbox 1050 3259 1225 3316; x_wconf 84' lang='lat' dir='ltr'><strong>Saec.</strong></span> <span class='ocrx_word' id='word_1_235' title='bbox 1276 3259 1459 3316; x_wconf 85' lang='lat' dir='ltr'><em>XIII.</em></span> 
     </span>
    </p>
   </div>
   <div class='ocr_carea' id='block_1_5' title="bbox 378 3631 1826 3900">
    <p class='ocr_par' dir='ltr' id='par_1_5' title="bbox 378 3631 1826 3900">
     <span class='ocr_line' id='line_1_26' title="bbox 1631 3631 1826 3710; baseline 0.005 -1"><span class='ocrx_word' id='word_1_236' title='bbox 1631 3631 1826 3710; x_wconf 86' lang='lat'><strong>604.</strong></span> 
     </span>
     <span class='ocr_line' id='line_1_27' title="bbox 378 3817 1585 3900; baseline 0.003 -18"><span class='ocrx_word' id='word_1_237' title='bbox 378 3818 563 3900; x_wconf 82' lang='lat'>1258,</span> <span class='ocrx_word' id='word_1_238' title='bbox 607 3820 713 3884; x_wconf 87' lang='lat'><strong>18.</strong></span> <span class='ocrx_word' id='word_1_239' title='bbox 758 3817 1127 3887; x_wconf 80' lang='lat' dir='ltr'><strong>februara.</strong></span> <span class='ocrx_word' id='word_1_240' title='bbox 1176 3821 1235 3886; x_wconf 91' lang='lat' dir='ltr'>U</span> <span class='ocrx_word' id='word_1_241' title='bbox 1278 3820 1585 3888; x_wconf 83' lang='lat' dir='ltr'><strong>Ankoni.</strong></span> 
     </span>
    </p>
   </div>
   <div class='ocr_carea' id='block_1_6' title="bbox 374 4007 3075 4326">
    <p class='ocr_par' dir='ltr' id='par_1_6' title="bbox 374 4007 3075 4326">
     <span class='ocr_line' id='line_1_28' title="bbox 374 4007 3075 4100; baseline 0.003 -30"><span class='ocrx_word' id='word_1_242' title='bbox 374 4007 775 4092; x_wconf 71' lang='lat' dir='ltr'><strong>Papafonus</strong></span> <span class='ocrx_word' id='word_1_243' title='bbox 814 4011 1097 4094; x_wconf 76' lang='lat' dir='ltr'><strong>podesta</strong></span> <span class='ocrx_word' id='word_1_244' title='bbox 1144 4011 1493 4074; x_wconf 81' lang='lat' dir='ltr'><strong>ankonski</strong></span> <span class='ocrx_word' id='word_1_245' title='bbox 1544 4013 1912 4097; x_wconf 76' lang='lat' dir='ltr'><strong>povjerava</strong></span> <span class='ocrx_word' id='word_1_246' title='bbox 1971 4013 2275 4099; x_wconf 85' lang='lat' dir='ltr'><strong>Symonu</strong></span> <span class='ocrx_word' id='word_1_247' title='bbox 2320 4013 2815 4100; x_wconf 65' lang='lat' dir='ltr'><strong>Bom&#39;valdz‘y&#39;u</strong></span> <span class='ocrx_word' id='word_1_248' title='bbox 2855 4017 3075 4100; x_wconf 57' lang='grc' dir='ltr'><em>βοεία-</em></span> 
     </span>
     <span class='ocr_line' id='line_1_29' title="bbox 375 4119 3072 4211; baseline 0.004 -29"><span class='ocrx_word' id='word_1_249' title='bbox 375 4119 539 4183; x_wconf 81' lang='lat' dir='ltr'><strong>m&#39;ku</strong></span> <span class='ocrx_word' id='word_1_250' title='bbox 585 4122 1074 4202; x_wconf 81' lang='lat' dir='ltr'><strong>ankonskomu,</strong></span> <span class='ocrx_word' id='word_1_251' title='bbox 1126 4124 1215 4188; x_wconf 83' lang='lat' dir='ltr'><strong>da</strong></span> <span class='ocrx_word' id='word_1_252' title='bbox 1261 4147 1296 4186; x_wconf 86' lang='lat' dir='ltr'><strong>s</strong></span> <span class='ocrx_word' id='word_1_253' title='bbox 1332 4125 1625 4188; x_wconf 82' lang='lat' dir='ltr'><strong>Paskom</strong></span> <span class='ocrx_word' id='word_1_254' title='bbox 1684 4123 2165 4200; x_wconf 68' lang='lat' dir='ltr'><strong>Varz‘kas‘z&#39;c‘em,</strong></span> <span class='ocrx_word' id='word_1_255' title='bbox 2195 4126 2624 4211; x_wconf 76' lang='lat' dir='ltr'><strong>poslam&#39;kom</strong></span> <span class='ocrx_word' id='word_1_256' title='bbox 2665 4128 3072 4202; x_wconf 80' lang='lat' dir='ltr'><strong>zada&#39;rskz&#39;m,</strong></span> 
     </span>
     <span class='ocr_line' id='line_1_30' title="bbox 906 4234 2518 4326; baseline 0.002 -26"><span class='ocrx_word' id='word_1_257' title='bbox 906 4234 1173 4320; x_wconf 56' lang='lat' dir='ltr'><strong>ry&#39;efava</strong></span> <span class='ocrx_word' id='word_1_258' title='bbox 1220 4236 1573 4302; x_wconf 78' lang='lat' dir='ltr'><strong>razmirice</strong></span> <span class='ocrx_word' id='word_1_259' title='bbox 1622 4237 1922 4324; x_wconf 81' lang='lat' dir='ltr'><strong>z&#39;zmedju</strong></span> <span class='ocrx_word' id='word_1_260' title='bbox 1968 4239 2154 4324; x_wconf 80' lang='lat' dir='ltr'><strong>obiju</strong></span> <span class='ocrx_word' id='word_1_261' title='bbox 2190 4241 2518 4326; x_wconf 76' lang='lat' dir='ltr'><strong>gradova.</strong></span> 
     </span>
    </p>
   </div>
   <div class='ocr_carea' id='block_1_7' title="bbox 367 4445 3072 5208">
    <p class='ocr_par' dir='ltr' id='par_1_7' title="bbox 367 4445 3072 5208">
     <span class='ocr_line' id='line_1_31' title="bbox 536 4445 3072 4532; baseline 0.004 -27"><span class='ocrx_word' id='word_1_262' title='bbox 536 4445 609 4506; x_wconf 90' lang='lat' dir='ltr'><strong>In</strong></span> <span class='ocrx_word' id='word_1_263' title='bbox 656 4445 757 4507; x_wconf 92' lang='lat' dir='ltr'><strong>dei</strong></span> <span class='ocrx_word' id='word_1_264' title='bbox 807 4449 1069 4508; x_wconf 91' lang='lat' dir='ltr'><strong>nomine</strong></span> <span class='ocrx_word' id='word_1_265' title='bbox 1115 4465 1322 4508; x_wconf 88' lang='lat' dir='ltr'><strong>amen.</strong></span> <span class='ocrx_word' id='word_1_266' title='bbox 1375 4447 1696 4510; x_wconf 89' lang='lat' dir='ltr'><strong>Dominus</strong></span> <span class='ocrx_word' id='word_1_267' title='bbox 1743 4451 2120 4529; x_wconf 68' lang='lat' dir='ltr'><strong>Papaconus</strong></span> <span class='ocrx_word' id='word_1_268' title='bbox 2181 4460 2466 4532; x_wconf 87' lang='lat' dir='ltr'><strong>potestas</strong></span> <span class='ocrx_word' id='word_1_269' title='bbox 2510 4451 2787 4514; x_wconf 91' lang='lat' dir='ltr'><strong>Ancone</strong></span> <span class='ocrx_word' id='word_1_270' title='bbox 2833 4453 2916 4515; x_wconf 93' lang='lat' dir='ltr'><strong>de</strong></span> <span class='ocrx_word' id='word_1_271' title='bbox 2960 4474 3072 4516; x_wconf 91' lang='lat' dir='ltr'><strong>vo-</strong></span> 
     </span>
     <span class='ocr_line' id='line_1_32' title="bbox 370 4556 3068 4649; baseline 0.004 -32"><span class='ocrx_word' id='word_1_272' title='bbox 370 4556 601 4619; x_wconf 88' lang='lat' dir='ltr'><strong>luntate</strong></span> <span class='ocrx_word' id='word_1_273' title='bbox 645 4559 956 4641; x_wconf 87' lang='lat' dir='ltr'><strong>generalis</strong></span> <span class='ocrx_word' id='word_1_274' title='bbox 1002 4561 1287 4622; x_wconf 84' lang='lat' dir='ltr'><strong>conscilii.</strong></span> <span class='ocrx_word' id='word_1_275' title='bbox 1332 4561 1415 4622; x_wconf 93' lang='lat' dir='ltr'><strong>de</strong></span> <span class='ocrx_word' id='word_1_276' title='bbox 1460 4559 1754 4636; x_wconf 84' lang='lat' dir='ltr'><strong>Ancona,</strong></span> <span class='ocrx_word' id='word_1_277' title='bbox 1816 4583 1999 4626; x_wconf 89' lang='lat' dir='ltr'><strong>more</strong></span> <span class='ocrx_word' id='word_1_278' title='bbox 2043 4564 2232 4625; x_wconf 83' lang='lat' dir='ltr'><strong>solito</strong></span> <span class='ocrx_word' id='word_1_279' title='bbox 2295 4569 2663 4648; x_wconf 86' lang='lat' dir='ltr'><strong>congregati</strong></span> <span class='ocrx_word' id='word_1_280' title='bbox 2711 4568 2775 4626; x_wconf 90' lang='lat' dir='ltr'><strong>in</strong></span> <span class='ocrx_word' id='word_1_281' title='bbox 2820 4568 3068 4649; x_wconf 88' lang='lat' dir='ltr'><strong>palacio</strong></span> 
     </span>
     <span class='ocr_line' id='line_1_33' title="bbox 369 4668 3067 4767; baseline 0.004 -37"><span class='ocrx_word' id='word_1_282' title='bbox 369 4668 629 4732; x_wconf 89' lang='lat' dir='ltr'><strong>filiorum</strong></span> <span class='ocrx_word' id='word_1_283' title='bbox 677 4672 1010 4748; x_wconf 89' lang='lat' dir='ltr'><strong>quondam</strong></span> <span class='ocrx_word' id='word_1_284' title='bbox 1056 4673 1302 4735; x_wconf 92' lang='lat' dir='ltr'><strong>domini</strong></span> <span class='ocrx_word' id='word_1_285' title='bbox 1348 4675 1703 4738; x_wconf 89' lang='lat' dir='ltr'><strong>Tarabocci</strong></span> <span class='ocrx_word' id='word_1_286' title='bbox 1752 4676 1837 4738; x_wconf 90' lang='lat' dir='ltr'><strong>ad</strong></span> <span class='ocrx_word' id='word_1_287' title='bbox 1883 4696 2117 4740; x_wconf 89' lang='lat' dir='ltr'><strong>sonum</strong></span> <span class='ocrx_word' id='word_1_288' title='bbox 2164 4696 2479 4758; x_wconf 88' lang='lat' dir='ltr'><strong>campane</strong></span> <span class='ocrx_word' id='word_1_289' title='bbox 2526 4691 2591 4741; x_wconf 89' lang='lat' dir='ltr'><strong>et</strong></span> <span class='ocrx_word' id='word_1_290' title='bbox 2629 4682 2835 4767; x_wconf 91' lang='lat' dir='ltr'><strong>ipsum</strong></span> <span class='ocrx_word' id='word_1_291' title='bbox 2883 4698 3067 4742; x_wconf 91' lang='lat' dir='ltr'><strong>cons-</strong></span> 
     </span>
     <span class='ocr_line' id='line_1_34' title="bbox 368 4782 3066 4866; baseline 0.005 -24"><span class='ocrx_word' id='word_1_292' title='bbox 368 4782 568 4845; x_wconf 90' lang='lat' dir='ltr'><strong>cilium</strong></span> <span class='ocrx_word' id='word_1_293' title='bbox 614 4787 981 4847; x_wconf 90' lang='lat' dir='ltr'><strong>uniuersum</strong></span> <span class='ocrx_word' id='word_1_294' title='bbox 1027 4790 1291 4848; x_wconf 90' lang='lat' dir='ltr'><strong>nomine</strong></span> <span class='ocrx_word' id='word_1_295' title='bbox 1335 4788 1488 4849; x_wconf 88' lang='lat' dir='ltr'><strong>dicti</strong></span> <span class='ocrx_word' id='word_1_296' title='bbox 1537 4792 1904 4851; x_wconf 89' lang='lat' dir='ltr'><strong>communis</strong></span> <span class='ocrx_word' id='word_1_297' title='bbox 1948 4788 2223 4853; x_wconf 90' lang='lat' dir='ltr'><strong>Ancone</strong></span> <span class='ocrx_word' id='word_1_298' title='bbox 2255 4793 2737 4866; x_wconf 85' lang='lat' dir='ltr'><strong>constituerunt,</strong></span> <span class='ocrx_word' id='word_1_299' title='bbox 2783 4793 3066 4856; x_wconf 81' lang='lat' dir='ltr'><strong>iecerunt</strong></span> 
     </span>
     <span class='ocr_line' id='line_1_35' title="bbox 368 4897 3064 4984; baseline 0.004 -29"><span class='ocrx_word' id='word_1_300' title='bbox 368 4906 427 4956; x_wconf 89' lang='lat' dir='ltr'><strong>et</strong></span> <span class='ocrx_word' id='word_1_301' title='bbox 466 4897 941 4974; x_wconf 86' lang='lat' dir='ltr'><strong>ordinauerunt,</strong></span> <span class='ocrx_word' id='word_1_302' title='bbox 986 4899 1325 4962; x_wconf 89' lang='lat' dir='ltr'><strong>dominum</strong></span> <span class='ocrx_word' id='word_1_303' title='bbox 1374 4900 1817 4964; x_wconf 89' lang='lat' dir='ltr'><strong>Marcellinum</strong></span> <span class='ocrx_word' id='word_1_304' title='bbox 1867 4903 2269 4965; x_wconf 79' lang='lat' dir='ltr'><strong>Bartholocci</strong></span> <span class='ocrx_word' id='word_1_305' title='bbox 2312 4916 2677 4984; x_wconf 91' lang='lat' dir='ltr'><strong>presentem</strong></span> <span class='ocrx_word' id='word_1_306' title='bbox 2723 4906 3064 4983; x_wconf 89' lang='lat' dir='ltr'><strong>syndicum</strong></span> 
     </span>
     <span class='ocr_line' id='line_1_36' title="bbox 367 5015 2901 5094; baseline 0.004 -25"><span class='ocrx_word' id='word_1_307' title='bbox 367 5021 833 5086; x_wconf 87' lang='lat' dir='ltr'><strong>procuratorem</strong></span> <span class='ocrx_word' id='word_1_308' title='bbox 881 5022 944 5074; x_wconf 91' lang='lat' dir='ltr'><strong>et</strong></span> <span class='ocrx_word' id='word_1_309' title='bbox 992 5016 1287 5075; x_wconf 91' lang='lat' dir='ltr'><strong>nuntium</strong></span> <span class='ocrx_word' id='word_1_310' title='bbox 1335 5015 1677 5094; x_wconf 89' lang='lat' dir='ltr'><strong>specialem</strong></span> <span class='ocrx_word' id='word_1_311' title='bbox 1727 5016 1877 5077; x_wconf 92' lang='lat' dir='ltr'><strong>dicti</strong></span> <span class='ocrx_word' id='word_1_312' title='bbox 1941 5019 2302 5079; x_wconf 88' lang='lat' dir='ltr'><strong>communis</strong></span> <span class='ocrx_word' id='word_1_313' title='bbox 2347 5015 2626 5080; x_wconf 89' lang='lat' dir='ltr'><strong>Ancone</strong></span> <span class='ocrx_word' id='word_1_314' title='bbox 2669 5039 2708 5080; x_wconf 89' lang='lat' dir='ltr'><strong>a</strong></span> <span class='ocrx_word' id='word_1_315' title='bbox 2884 5039 2901 5078; x_wconf 83' lang='grc' dir='ltr'>ι</span> 
     </span>
     <span class='ocr_line' id='line_1_37' title="bbox 369 5123 3062 5208; baseline 0.005 -27"><span class='ocrx_word' id='word_1_316' title='bbox 369 5123 624 5184; x_wconf 88' lang='lat' dir='ltr'><strong>tendum</strong></span> <span class='ocrx_word' id='word_1_317' title='bbox 670 5134 735 5187; x_wconf 91' lang='lat' dir='ltr'><strong>et</strong></span> <span class='ocrx_word' id='word_1_318' title='bbox 778 5127 1414 5206; x_wconf 88' lang='lat' dir='ltr'><strong>conpromittendum</strong></span> <span class='ocrx_word' id='word_1_319' title='bbox 1463 5130 1526 5189; x_wconf 91' lang='lat' dir='ltr'><strong>in</strong></span> <span class='ocrx_word' id='word_1_320' title='bbox 1576 5129 1914 5191; x_wconf 88' lang='lat' dir='ltr'><strong>dominum</strong></span> <span class='ocrx_word' id='word_1_321' title='bbox 1962 5128 2320 5208; x_wconf 88' lang='lat' dir='ltr'><strong>Symonem</strong></span> <span class='ocrx_word' id='word_1_322' title='bbox 2348 5131 2684 5195; x_wconf 88' lang='lat' dir='ltr'><strong>Boniualdi</strong></span> <span class='ocrx_word' id='word_1_323' title='bbox 2719 5131 3062 5194; x_wconf 89' lang='lat' dir='ltr'><strong>discretum</strong></span> 
     </span>
    </p>
   </div>
  </div>
 </body>
</html>
