3797 5795
368 538 549 617 prima
596 549 763 596 meta
820 547 983 594 terre
1031 552 1155 611 que
1202 531 1749 595 Ol-Guersenicha
1812 534 2040 594 dicitur
2084 546 2148 595 et
2196 534 2464 608 alterius,
2513 555 2706 614 quam
2772 540 2925 598 emit
2973 539 3056 599 de

368 650 693 714 Druscone,
759 649 973 726 incipit
1034 648 1153 707 sub
1213 647 1546 708 arboribus
1592 647 1674 707 de
1720 647 1876 708 tulfa
1924 649 1986 707 in
2033 666 2158 708 una
2221 649 2432 708 radice
2487 653 2832 726 procreatis
2872 653 3056 711 iuxta

372 767 585 822 siccam
633 762 880 835 vallem,
924 779 1037 839 per
1084 769 1277 838 quam
1328 759 1499 820 vadit
1544 762 1831 839 superius
1875 779 2092 820 versus
2123 763 2434 821 orientem
2483 761 2567 821 ad
2613 773 2899 840 pontem,
2943 765 3054 824 ubi

368 887 453 936 est
496 885 659 936 meta
708 877 769 935 in
818 873 1050 955 egurfa,
1098 873 1247 933 inde
1278 893 1389 951 per
1436 873 1707 934 eandem
1758 875 1878 933 itur
1910 873 1993 933 ad
2029 884 2266 933 metam
2315 870 2553 952 (prout)
2601 886 2749 935 ante
2796 885 2860 936 et
2907 876 3055 937 inde

365 991 419 1050 in
462 989 641 1048 aliam
688 987 916 1048 vallem
948 1005 1163 1046 versus
1196 986 1543 1057 meridiem,
1590 988 1651 1045 in
1687 1006 1814 1064 qua
1844 1006 1958 1065 per
1987 987 2248 1047 arbores
2293 990 2761 1068 crucesignatas
2809 991 3056 1049 venitur

367 1102 441 1160 ad
486 1111 767 1160 montem
830 1118 1029 1177 usque
1076 1099 1159 1159 ad
1208 1111 1446 1159 metam
1495 1099 1576 1158 de
1625 1098 1777 1160 tulfa
1833 1100 2012 1159 iuxta
2060 1099 2244 1172 viam,
2291 1099 2504 1177 ibique
2549 1101 2764 1178 incipit
2831 1111 3050 1162 tenere

364 1223 583 1274 metam
633 1231 781 1272 cum
828 1212 1265 1282 castrensibus
1320 1212 1650 1272 descendit
1698 1215 1759 1271 in
1808 1211 2038 1272 vallem
2085 1231 2300 1272 versus
2361 1213 2762 1273 occidentem
2811 1225 2873 1273 et
2921 1216 3054 1274 exit

360 1327 434 1387 de
474 1345 545 1386 ea
590 1325 673 1386 ad
721 1335 958 1386 metam
1004 1324 1086 1385 de
1133 1325 1307 1396 tulta,
1363 1326 1511 1385 inde
1556 1324 1641 1384 ad
1688 1327 1853 1384 viam
1905 1343 2225 1406 magnam,
2272 1327 2449 1385 iuxta
2497 1345 2691 1404 quam
2739 1336 2832 1386 est
2883 1337 3055 1386 meta

358 1451 561 1508 terrea,
608 1438 759 1498 inde
802 1437 886 1497 ad
932 1438 1226 1499 arborem
1274 1437 1427 1497 tulfa
1473 1440 1976 1518 crucesignatam
2025 1438 2238 1516 ibique
2287 1441 2475 1498 intrat
2524 1439 2744 1499 silvam
2785 1451 2850 1499 et
2879 1439 3052 1500 vadit

356 1570 555 1611 versus
617 1549 947 1612 meridiem
998 1569 1111 1628 per
1156 1551 1415 1610 arbores
1476 1552 1944 1630 crucesignatas
1993 1568 2190 1628 usque
2237 1551 2320 1610 ad
2354 1551 2584 1626 locum,
2634 1552 2744 1611 ubi
2790 1552 2922 1612 exit
2969 1552 3054 1612 ad

356 1683 644 1743 campum
695 1664 910 1742 ibique
958 1673 1051 1723 est
1098 1673 1270 1724 meta
1304 1663 1423 1723 sub
1454 1663 1787 1722 arboribus
1832 1662 1988 1723 tulfa
2039 1663 2381 1741 triplicatis,
2427 1663 2661 1724 deinde
2697 1663 2780 1724 ad
2813 1676 3053 1724 metam

354 1778 463 1836 sub
506 1776 731 1836 arbore
777 1776 970 1848 naria,
1016 1775 1163 1835 inde
1209 1776 1425 1836 eundo
1474 1779 1661 1835 intrat
1711 1777 1771 1834 in
1810 1777 2078 1854 rivulum
2126 1774 2555 1837 Guersenicha
2588 1787 2650 1836 et
2683 1796 2795 1854 per
2843 1779 3051 1855 ipsum

355 1890 511 1950 vadit
571 1891 855 1968 superius
914 1908 1127 1949 versus
1191 1891 1501 1949 orientem
1564 1908 1764 1968 usquc
1816 1888 1900 1949 ad
1961 1900 2246 1967 puteum,
2313 1889 2414 1948 ubi
2479 1891 2611 1950 exit
2672 1889 2756 1948 ad
2803 1903 3042 1949 metam

355 2015 628 2076 terream,
674 2001 823 2062 inde
868 2000 951 2061 ad
998 2002 1163 2061 viam
1212 2002 1294 2061 ad
1344 2011 1581 2062 metam
1633 2002 1715 2062 de
1745 2001 1919 2075 tulfa,
1965 2002 2114 2062 inde
2161 2021 2274 2080 per
2305 2003 2472 2061 viam
2504 2002 2721 2063 eundo
2768 2002 3045 2063 declinat

354 2135 457 2194 per
498 2126 775 2175 veterem
822 2116 989 2174 viam
1037 2117 1099 2174 in
1147 2125 1319 2175 meta
1364 2125 1584 2186 terrea,
1618 2115 1701 2174 de
1745 2115 1902 2175 tulia
1935 2116 2068 2174 exit
2100 2114 2184 2174 ad
2216 2133 2536 2193 campum,
2583 2115 2817 2176 deinde
2865 2117 3048 2176 iuxta

353 2229 559 2288 silvam
621 2228 837 2288 eundo
899 2229 1259 2306 pervenitur
1322 2226 1405 2287 ad
1468 2227 1696 2294 locum,
1744 2228 1850 2288 ubi
1914 2230 2103 2287 intrat
2150 2229 2214 2286 in
2260 2230 2356 2287 via
2405 2228 2487 2288 ad
2534 2228 2774 2302 silvam,
2841 2229 3054 2306 ibique

359 2353 445 2400 est
488 2353 657 2401 meta
704 2341 822 2401 sub
866 2341 1097 2401 arbore
1158 2340 1331 2414 tulfa,
1394 2339 1626 2401 deinde
1693 2343 1942 2401 venitur
1987 2340 2069 2401 ad
2119 2350 2359 2401 metam
2421 2341 2539 2402 sub
2585 2341 2812 2401 arbore
2860 2343 3058 2414 naria,

360 2454 629 2514 tenendo
676 2465 917 2514 metam
962 2472 1111 2514 cum
1158 2453 1215 2515 T
1220 2451 1345 2521 ulk,
1410 2454 1558 2513 inde
1618 2453 1701 2512 ad
1758 2453 2056 2513 arborem
2122 2453 2294 2526 tulfa,
2357 2454 2590 2514 deinde
2637 2455 2720 2515 ad
2767 2455 2946 2515 narsa
2993 2465 3056 2514 et

361 2586 462 2644 per
520 2567 673 2627 alias
732 2567 994 2627 arbores
1062 2569 1530 2647 crucesignatas
1594 2566 1762 2627 vadit
1809 2567 1891 2627 ad
1957 2585 2256 2648 magnam
2326 2567 2548 2628 silvam
2618 2586 3057 2641 communem,

362 2680 579 2740 deinde
623 2679 707 2740 ad
752 2699 1053 2759 campum
1104 2679 1353 2754 Louna,
1400 2680 1505 2739 ubi
1566 2690 1689 2739 stat
1736 2699 1922 2757 aqua,
1970 2679 2205 2740 deinde
2251 2680 2614 2758 incipiendo
2675 2679 2758 2740 de
2824 2679 3053 2740 Louna

363 2795 509 2852 inter
552 2793 709 2853 duas
756 2795 1102 2871 piscaturas
1151 2812 1277 2871 que
1322 2791 1529 2874 Seege
1574 2803 1883 2852 vocantur
1937 2792 2021 2852 ad
2069 2795 2438 2874 magistrum
2501 2793 2943 2871 Thyburcium
2992 2802 3054 2852 et

362 2906 435 2965 ad
490 2906 658 2968 Tull<
718 2910 1108 2986 pertinentes
1170 2907 1375 2967 tendit
1441 2908 1724 2985 superius
1791 2926 2008 2967 versus
2069 2907 2437 2984 aquilonem
2501 2917 2563 2967 et
2625 2924 2738 2984 per
2799 2906 3058 2967 arbores

362 3024 813 3101 crucesignatas
858 3021 994 3081 exit
1038 3021 1122 3080 ad
1168 3037 1468 3101 magnam
1534 3022 1699 3079 viam
1765 3038 1891 3097 que
1954 3029 2050 3079 est
2095 3022 2456 3079 communis
2502 3022 2600 3079 via
2646 3021 3054 3097 piscatorum,

362 3134 581 3193 exinde
644 3134 921 3194 declinat
966 3134 1049 3193 ad
1096 3133 1317 3193 silvam
1379 3133 1463 3192 ad
1528 3132 1822 3193 arborem
1885 3132 2042 3192 tulsa
2112 3133 2632 3213 crucesignatam,
2677 3131 2942 3210 perinde
2990 3134 3052 3191 in

360 3246 677 3306 arboribus
723 3247 1175 3327 crucesignatis
1220 3247 1429 3306 veniet
1476 3245 1559 3304 ad
1608 3244 1925 3305 stabulum
1975 3264 2320 3323 porcorum
2359 3242 2757 3325 Tulko(nis);
2803 3244 3057 3319 deinde,

364 3378 465 3436 per
504 3360 763 3419 arbores
824 3361 1289 3440 crucesignatas
1349 3360 1560 3419 veniet
1608 3360 1670 3417 in
1718 3356 2038 3439 Golobug,
2086 3359 2190 3418 ubi
2237 3349 2354 3418 ‘fuit
2400 3357 2633 3418 domus
2699 3357 3059 3418 chhizlou

368 3487 423 3530 et
462 3491 568 3549 per
611 3472 881 3533 rivulum
929 3473 1061 3531 exit
1108 3474 1171 3532 in
1218 3472 1459 3545 silvam,
1504 3490 1581 3532 ac
1627 3455 1740 3549 per
1784 3472 2044 3531 arbores
2089 3474 2556 3552 crucesignatas
2601 3472 2930 3531 revertitur
2973 3470 3058 3530 ad

368 3595 618 3662 quatuor
662 3586 927 3645 arbores
958 3584 1111 3645 tulfa
1159 3588 1445 3664 superius
1490 3585 1710 3657 dictas,
1758 3584 1863 3644 ubi
1911 3586 2114 3662 prima
2161 3594 2332 3644 meta
2379 3584 2493 3644 fuit
2539 3586 2810 3662 incepta,
2844 3583 3059 3661 ibique

367 3699 734 3758 terminatur.
808 3697 969 3758 Item
1016 3699 1341 3775 quandam
1403 3698 1777 3776 particulam
1844 3707 2006 3756 terre
2052 3696 2338 3756 eiusdem
2385 3698 2561 3757 iuxta
2610 3694 2846 3758 Sauam
2895 3699 3060 3756 exis-

366 3819 605 3881 tentem,
676 3830 803 3889 que
870 3812 1209 3873 Vstilouna
1271 3821 1691 3889 nuncupatur,
1751 3829 1947 3889 quam
2025 3811 2108 3869 ab
2183 3812 2450 3890 antiquo
2518 3809 2820 3888 possedit,
2883 3810 3054 3869 idem

365 3924 694 4000 capitulum
744 3927 929 3984 metis
977 3943 1107 3983 non
1154 3924 1441 3984 distinxit
1489 3943 1606 4002 pro
1648 3942 1743 3997 e0,
1791 3923 1966 4001 quod
2001 3924 2177 3983 locus
2208 3924 2595 4001 piscatorum
2645 3942 2784 3984 esse
2831 3922 3060 3982 dicitur

363 4044 419 4094 et
462 4048 652 4097 terras
714 4038 986 4097 arabiles
1032 4056 1163 4097 non
1208 4036 1489 4097 habebat
1535 4038 1648 4096 nisi
1698 4056 1951 4115 paucas
2021 4036 2108 4097 Ut
2155 4038 2341 4117 igitur
2399 4035 2518 4096 hec
2563 4055 2600 4096 a
2648 4036 2834 4096 nobis
2892 4034 3058 4095 facta

364 4148 761 4210 confirmacio
802 4150 995 4210 robur
1025 4152 1311 4228 optineat
1358 4158 1665 4228 perpetue
1696 4149 2025 4223 firmitatiS,
2058 4168 2178 4209 nec
2209 4168 2322 4227 per
2353 4150 2724 4227 quempiam
2757 4165 3059 4227 processu

369 4264 659 4340 temporis
706 4262 910 4323 valeat
960 4264 1021 4322 in
1070 4264 1308 4321 irritum
1343 4264 1642 4333 revocari,
1688 4272 2016 4340 presentes
2061 4265 2491 4322 concessimus
2537 4260 2747 4321 literas
2793 4259 3060 4337 duplicis

364 4377 544 4435 nostri
591 4375 772 4457 sigilli
820 4376 1172 4436 munimine
1240 4376 1584 4434 roboratas.
1636 4374 1876 4437 Datum
1921 4394 2035 4453 per
2101 4394 2326 4435 manus
2373 4375 2654 4455 magistri
2702 4372 3058 4453 Smaragdi,

364 4491 648 4566 prepositi
696 4486 1015 4561 AlbensiS,
1058 4488 1201 4548 aule
1232 4498 1447 4548 nostre
1492 4487 1982 4548 vicecancellarii
2033 4487 2242 4548 dilecti
2277 4499 2338 4548 et
2371 4486 2574 4548 fidelis
2622 4489 2839 4557 nostri,
2886 4503 3059 4545 anno

365 4599 591 4661 domini
664 4600 1000 4661 millesimo
1069 4602 1509 4661 ducentesimo
1578 4604 2110 4681 quinquagesimo
2180 4604 2472 4679 septim0‚
2549 4609 2778 4678 quarto
2850 4616 3060 4658 nonas

369 4717 587 4787 marcii,
634 4715 811 4797 regni
857 4724 1071 4775 autem
1122 4717 1315 4774 nostri
1362 4733 1534 4773 anno
1582 4716 1883 4774 vicesimo
1932 4714 2232 4774 secund0.

533 4847 832 4921 Orzginal
871 4866 911 4903 u
957 4846 1179 4903 arkivu
1247 4846 1483 4921 obz'telji
1515 4849 1785 4923 grofoz’a
1838 4848 2088 4903 Erdo‘da
2137 4867 2176 4902 u
2232 4846 2551 4918 Glogovcu.

533 4952 673 5009 cod.
718 4952 865 5027 dipl.
906 4953 1158 5027 patrius
1220 4952 1347 5009 Vll.
1415 4955 1639 5008 64--7.
1702 4970 1798 5008 κο.
1854 4953 1946 5007 52.
2009 4984 2088 4992 -
2137 4950 2512 5024 Kukuljevic‘
2568 4948 2720 5020 Re’g.
2773 4966 2865 5003 no.
2927 4950 3060 5003 7:29.
