3797 5795
1840 441 1912 449 —
1979 407 2248 468 37:2—

688 595 1151 674 quinquenium
1214 598 1478 656 minime
1540 596 1835 656 valituris
1898 596 2140 658 Datum
2187 597 2425 658 Perusii
2485 596 2628 658 idus
2687 599 2922 662 marcii.
2981 594 3406 674 pontifioetus

690 709 887 768 nostri
935 725 1109 768 anno
1153 709 1456 769 secundo.

862 903 931 959 Iz
962 903 1269 978 prijepisa
1314 901 1695 977 Laurencija
1742 902 2132 978 nadbiskupa
2177 903 2564 977 zadarskoga
2609 905 2696 960 od
2717 923 2782 976 g.
2819 906 2990 959 1:267.
3031 907 3082 958 5.
3115 901 3400 962 oktobra.

694 1039 773 1048 —-
823 1006 1107 1064 Izvornik
1162 1009 1453 1082 potonjeg
1506 1008 1811 1082 prijepisa
1874 1027 1914 1062 u
1951 1007 2218 1080 gubern.
2265 1007 2402 1066 ark.
2447 1028 2488 1064 u
2533 1008 2748 1064 Zadru
2803 1009 2971 1078 (odio
3033 1016 3402 1064 samostana

690 1129 781 1168 sv-
829 1111 1168 1168 Dominika
1214 1111 1301 1168 br.
1348 1113 1545 1176 2152.)

866 1215 1125 1272 Farlati
1166 1215 1265 1272 Ill.
1312 1235 1472 1273 sacr.
1520 1217 1581 1273 V.
1620 1219 1711 1273 78.
1746 1249 1831 1256 —
1880 1216 2125 1272 Wenzel
2172 1215 2316 1273 cod.
2359 1216 2510 1292 dipl.
2547 1215 2695 1291 Arp.
2725 1224 2877 1272 cont.
2923 1215 3092 1272 VIII.
3131 1219 3332 1270 148-
3343 1218 3400 1272 9.

694 1323 795 1395 (po
840 1321 1159 1392 Farlatu).
1216 1354 1301 1362 —
1363 1319 1648 1377 Potthast
1704 1321 1855 1393 Reg.
1914 1321 2146 1396 pontif.
2211 1339 2307 1376 no.
2369 1323 2601 1378 19.578.
2667 1352 2753 1362 —-
2811 1318 3190 1394 Kukuljevic'
3247 1320 3402 1392 Reg.

694 1443 791 1480 no·
845 1427 980 1481 905.

1945 1731 2139 1814 855.

696 1905 891 1986 1266,
934 1906 1045 1972 20.
1094 1908 1358 1974 marta.

696 2097 1042 2182 ,Magzlrter
1086 2095 1356 2180 Milzalj
1378 2097 1494 2159 sin
1530 2085 1865 2160 Simunov
1915 2099 2201 2184 prodaje
2235 2098 2668 2183 Pankracz'ju
2715 2097 2751 2160 ι’
2785 2099 3008 2161 Pavlu
3055 2097 3406 2161 st‘rtovima

698 2209 1061 2274 Paskovz'm
1130 2210 1361 2292 zemlje
1406 2211 1541 2273 kod
1585 2209 1857 2282 Garic‘a,
1922 2211 2072 2296 koje
2131 2234 2244 2274 mu
2297 2211 2380 2296 je
2439 2211 2543 2274 bio
2611 2211 2801 2295 kralj
2841 2211 3014 2274 Bela
3053 2210 3406 2296 poklom'o,

1422 2347 1462 2385 a
1510 2325 1728 2407 produ
1722 2325 1813 2407 ju
1850 2324 2250 2409 potvrdjuje
2295 2323 2426 2386 isti
2463 2325 2665 2408 kralj.

871 2515 1021 2576 Bela
1055 2515 1157 2576 dei
1190 2515 1401 2597 gracia
1450 2515 1797 2596 Hungarie‚
1843 2515 2194 2590 Dalmacie‚
2240 2515 2520 2590 Croacie,
2565 2518 2787 2590 Rame;
2831 2516 3068 2590 Seruie,
3113 2515 3407 2586 Gallicie,

696 2629 1105 2701 Lodomerie,
1138 2625 1583 2708 Cumanieque
1614 2649 1729 2690 rex
1762 2630 2062 2690 omnibus
2100 2641 2430 2709 presentes
2465 2630 2704 2690 litteras
2727 2631 3098 2708 inspecturis
3129 2630 3404 2690 salutem

694 2743 756 2801 in
804 2760 959 2802 uero
1004 2741 1281 2802 salutari.
1344 2741 1439 2804 Vt
1500 2753 1864 2802 contractus
1923 2745 2030 2822 qui
2096 2743 2179 2803 de
2240 2761 2555 2804 consensu
2617 2742 2846 2802 fuerint
2906 2744 3080 2824 regio
3141 2743 3408 2803 stabiles

693 2866 1121 2935 perseverent,
1182 2854 1530 2916 litterarum
1578 2855 1785 2915 solent
1854 2841 2220 2916 testimonio
2287 2855 2590 2926 roborari,
2649 2857 3096 2918 inconcussum
3159 2857 3406 2936 quippe

694 2979 1030 3048 permanet
1078 2979 1272 3047 atque
1319 2968 1593 3042 firmum,
1640 2968 1818 3043 quod
1863 2972 2040 3049 regio
2086 2969 2272 3031 suerit
2317 2970 2673 3048 patrocinio
2718 2971 3203 3029 communitum.
3255 2970 3411 3029 Pro-

694 3082 849 3142 inde
916 3081 999 3141 ad
1061 3082 1498 3141 vniuersorum
1560 3082 1863 3141 noticiam
1941 3092 2162 3141 tenore
2232 3082 2631 3160 presencium
2696 3082 2994 3142 uolumus
3053 3084 3410 3160 peruenire,

697 3194 875 3273 quod
923 3195 1227 3275 magistro
1292 3192 1606 3255 Michaele
1668 3192 1797 3253 filio
1852 3192 2158 3271 Symonis
2204 3213 2288 3254 ex
2333 3212 2458 3254 vna
2504 3204 2702 3273 parte,
2762 3196 2999 3255 comite
3059 3194 3410 3255 Pancracio

698 3318 763 3367 et
828 3306 1025 3367 Paulo
1088 3302 1227 3365 filiis
1290 3306 1487 3367 Pasca
1551 3326 1635 3366 ex
1702 3305 1897 3366 altera
1971 3308 2032 3365 in
2103 3318 2318 3367 nostra
2385 3308 2712 3386 presencia
2779 3308 3154 3379 constitutiS,
3227 3307 3406 3367 idem

701 3420 1001 3500 magister
1074 3418 1347 3497 Mrichael
1393 3428 1488 3479 est
1535 3418 1877 3492 confessuS‚
1949 3418 2124 3498 quod
2187 3432 2438 3494 terram,
2500 3439 2695 3498 quam
2742 3422 2803 3481 in
2851 3418 3049 3501 Garig
3106 3418 3412 3501 Garigfeu

702 3542 993 3591 vocatam
1058 3551 1141 3592 ex
1206 3544 1422 3591 nostra
1491 3532 1851 3591 donacione
1910 3532 2286 3610 possidebat
2349 3536 2717 3614 contiguam
2779 3536 2842 3594 in
2891 3533 3170 3611 quadam
3227 3548 3412 3611 parte

702 3654 867 3704 terre
914 3643 1229 3705 dictorum
1277 3645 1530 3704 comitis
1577 3642 1986 3725 Pangraciffl)
2050 3656 2113 3704 et
2161 3644 2332 3705 Pauli
2391 3645 2632 3705 eisdem
2679 3647 2897 3705 comiti
2949 3646 3294 3727 Pangracio
3341 3657 3408 3705 et

705 3756 901 3817 Paulo
948 3776 1065 3836 pro
1112 3766 1371 3817 centum
1406 3758 1635 3818 marcis
1680 3758 1925 3839 argenti
1971 3758 2360 3819 vendidisset
2407 3769 2718 3838 perpetuo
2763 3758 3240 3837 possidendam,
3285 3758 3408 3818 sub

703 3868 944 3930 eisdem
1018 3871 1203 3930 metis
1266 3882 1329 3930 et
1392 3871 1691 3942 terminis,
1760 3889 1885 3945 que
1955 3872 2018 3930 in
2079 3871 2409 3953 priuilegio
2484 3870 2860 3932 donacionis
2917 3881 3134 3931 nostre
3192 3871 3402 3932 eidem

707 3984 1007 4063 magistro
1056 3982 1349 4043 Michaeli
1397 3983 1569 4061 prius
1637 4002 1944 4043 concesso
2007 3986 2414 4044 continentur
2458 3995 2522 4045 et
2568 3984 2745 4063 quod
2807 3986 3008 4062 ipsam
3069 3984 3404 4061 pecuniam

706 4095 789 4155 ab
834 4094 1075 4155 eisdem
1123 4096 1401 4175 plenarie
1456 4098 1814 4174 recepisset,
1879 4095 2057 4175 quod
2105 4095 2367 4173 quidem
2413 4097 2808 4178 priuilegium
2858 4099 2921 4156 in
2979 4098 3181 4157 maius
3225 4114 3408 4176 argu-

708 4217 994 4268 mentum
1051 4208 1195 4269 facti
1260 4218 1625 4269 contractus
1686 4206 1855 4268 idem
1925 4210 2224 4289 magister
2287 4208 2557 4270 Michael
2634 4210 2810 4270 dedit
2871 4209 3128 4288 prefatis
3187 4210 3408 4269 comiti

710 4322 1055 4403 Pangracio
1116 4333 1177 4382 et
1222 4322 1440 4413 ‘Paulo
1508 4340 1725 4383 coram
1798 4322 2000 4383 nobis.
2083 4323 2162 4383 Et
2219 4334 2288 4382 ut
2351 4322 2542 4383 iidem
2610 4341 2830 4383 comes
2899 4324 3280 4404 Pangracius
3341 4337 3406 4381 et

706 4433 953 4505 PauluS,
1014 4454 1089 4495 ac
1137 4435 1403 4496 heredes
1464 4436 1745 4513 ipsorum
1808 4434 2045 4495 dictam
2116 4446 2346 4496 terram
2417 4438 2664 4514 possint
2723 4437 2995 4515 quietius
3061 4436 3408 4514 possidere,

707 4546 1076 4607 fidelitatem
1143 4566 1365 4608 eorum
1427 4547 1851 4621 attendentes,
1916 4567 2108 4627 quam
2172 4566 2410 4609 corone
2457 4557 2520 4608 et
2566 4566 2764 4629 regno
2827 4548 3252 4627 multipliciter
3295 4550 3411 4607 im-

702 4658 1067 4737 penderunt
1116 4671 1179 4720 et
1225 4660 1599 4738 impendere
1661 4670 1963 4738 poterunt
2012 4662 2073 4721 in
2122 4662 2423 4735 futurum,
2467 4662 2553 4721 ad
2598 4663 2984 4741 peticionem
3031 4660 3408 4721 eorumdem

707 4773 1159 4845 concessimuS,
1228 4782 1296 4833 ut
1372 4791 1503 4833 non
1575 4772 1873 4833 obstante
1941 4773 2456 4834 contradiccione
2531 4773 2818 4855 Gregorii
2896 4770 3002 4833 filii
3080 4772 3410 4852 quondam

678 4882 762 4944 *T
770 4883 964 4945 home
1019 4883 1187 4959 bani,
1251 4888 1355 4963 qui
1405 4885 1486 4945 de
1532 4885 1968 4963 comparanda
2031 4886 2198 4946 dicta
2263 4896 2426 4947 terra
2473 4906 2541 4948 se
2588 4888 3007 4947 intromittere
3064 4886 3412 4959 dicebatur,

708 5014 842 5055 non
921 4995 1219 5058 obstante
1294 4999 1495 5058 eciam
1574 4997 2094 5059 contradiccione
2178 5009 2770 5060 commetaneorum
2841 5016 3411 5079 quorumcumque,

706 5108 899 5169 iidem
968 5111 1169 5187 ipsam
1237 5120 1467 5170 terram
1535 5128 1749 5169 emere
1820 5113 2064 5189 possint
2113 5122 2174 5171 et
2221 5124 2534 5191 perpetuo
2602 5131 2676 5172 ac
2735 5112 3001 5191 pacifice
3066 5111 3410 5189 possidere,
