3797 5795
1595 316 1864 381 —261
1938 352 2007 361 -—

464 506 556 569 ad
609 507 889 569 dextram
949 505 1120 567 vadit
1191 524 1436 569 versus·
1472 507 1802 568 meridiem
1861 527 1979 587 per
2041 517 2295 569 montes
2358 527 2471 586 per
2534 518 2736 569 metas
2799 518 3035 571 terreas
3080 518 3149 567 et

463 620 642 701 signa
679 630 740 681 et
784 620 933 681 inde
991 619 1323 681 descendit
1376 622 1556 685 iuxta
1601 620 1874 681 eandem
1938 632 2169 683 terram
2217 621 2403 681 castri
2429 622 2513 681 ·in
2560 638 2752 682 vnam
2814 620 3043 681 vallem
3090 622 3155 681 in

465 751 598 813 qua
636 744 720 795 est
767 735 863 793 via
929 751 1054 811 que
1112 732 1288 795 vadit
1332 733 1416 794 de
1460 732 1608 795 loco
1675 736 1846 795 curie
1908 732 2271 797 Goricensis
2330 732 2415 795 ad
2482 733 2753 794 domum
2810 731 3155 811 Otmyzlau

465 864 676 907 versus
727 845 1054 906 meridiem
1115 844 1222 907 vbi
1267 855 1414 907 sunt
1475 858 1646 907 mete
1691 857 1895 907 terree
1942 856 2005 907 et
2051 845 2287 907 deinde
2346 846 2697 927 regreditur
2742 865 2854 925 per
2901 856 3157 907 montes

463 976 676 1019 versus
728 958 1034 1019 orientem
1080 959 1144 1019 in
1192 977 1385 1021 vnam
1433 978 1734 1041 magnam
1794 959 2025 1020 vallem
2088 961 2192 1021 vbi
2253 968 2347 1020 est
2412 969 2582 1019 meta
2646 970 2848 1019 terrea
2895 970 2959 1019 et
3004 958 3156 1019 inde

461 1089 587 1149 per
624 1071 868 1133 easdem
925 1082 1138 1150 partes
1206 1074 1412 1132 veniet
1459 1072 1544 1133 ad
1590 1091 1892 1154 magnam
1956 1074 2155 1135 tiliam
2201 1084 2264 1133 et
2311 1073 2461 1135 inde
2504 1091 2618 1150 per
2666 1080 2871 1132 metas
2932 1072 3156 1133 transit

457 1184 534 1245 in
583 1182 822 1245 fluuium
868 1182 1228 1262 Zalathnyk
1271 1203 1486 1245 versus
1532 1186 1844 1247 orientem
1892 1188 1955 1245 in
2001 1206 2131 1265 quo
2179 1189 2407 1246 iterum
2438 1185 2609 1246 cadit
2656 1186 2718 1244 in
2768 1183 3043 1263 Culpam
3091 1196 3155 1245 et

452 1296 552 1357 ibi
605 1308 755 1359 mete
797 1296 1081 1358 eiusdem
1126 1308 1291 1358 terre
1337 1300 1770 1359 terminantur.
1803 1298 1876 1359 In
1908 1301 2085 1360 cuius
2114 1302 2199 1359 rei
2235 1300 2613 1359 memoriam
2659 1296 3156 1377 firmitatemque

450 1421 824 1489 perpetuam
878 1420 1205 1489 presentes
1265 1410 1562 1472 dedimus
1630 1412 1866 1473 litteras
1928 1412 2240 1491 dupplicis
2300 1413 2480 1493 sigilli
2544 1414 2739 1473 nostri
2804 1411 3156 1471 munimine

448 1524 796 1583 roboratas,
842 1522 1086 1585 Datum
1117 1542 1230 1602 per
1263 1543 1490 1584 manus
1530 1526 1807 1606 magistri
1841 1524 1896 1586 F
1898 1528 2116 1587 arcasii
2165 1525 2603 1607 Zagrabiensis
2648 1525 2913 1585 ecclesie
2954 1522 3157 1597 electi,

447 1636 620 1697 aule
657 1646 852 1697 nostre
899 1636 1390 1697 vicecancellarii
1438 1637 1647 1699 dilecti
1698 1649 1762 1697 et
1809 1636 2014 1699 fidelis
2046 1640 2259 1712 nostri,
2305 1657 2477 1698 anno
2525 1638 2768 1698 domini
2819 1637 3157 1697 millesimo

445 1748 888 1809 ducentesimo
933 1752 1340 1831 sexagesimo
1371 1752 1586 1824 terci0‚
1632 1752 1805 1831 regni
1854 1761 2073 1811 autem
2120 1752 2316 1811 nostri
2348 1769 2520 1811 auno
2554 1752 2853 1810 vicesimo
2901 1758 3157 1809 octau0.

645 1942 701 1998 lz
740 1942 1022 2016 izvornog
1059 1943 1360 2019 prg'jepisa
1404 1942 1646 2016 zagreb.
1696 1942 1945 2019 kaptola
1991 1945 2075 2000 od
2120 1952 2263 2017 gad.
2323 1944 2496 1998 1463.
2551 1945 2635 1998 31.
2688 1962 2919 2009 marca,
2970 1961 3009 1999 u
3057 1940 3151 1997 kr.

447 2066 647 2121 agar.
691 2048 803 2103 dri.
853 2046 1081 2104 arkivu
1101 2068 1120 2102 .·
1163 2047 1253 2103 M.
1301 2046 1368 2105 O.
1406 2047 1484 2104 D.
1520 2047 1591 2103 L.
1647 2051 1863 2105 35151.
1917 2048 2107 2104 Stara
2138 2049 2505 2121 szjgnatura:
2548 2047 2747 2103 Aclor.
2799 2046 3163 2103 monasterii

447 2151 806 2209 Kamenska
833 2154 1010 2228 fasc.
1062 2151 1112 2210 J.
1163 2170 1256 2209 no.
1313 2155 1366 2208 3.
1405 2184 1484 2193 --
1534 2154 1676 2210 Vidi
1717 2152 2001 2227 slijedec‘z'
2043 2152 2181 2227 broj
2216 2156 2340 2208 761.
2392 2136 2675 2207 Zalibozie
2722 2152 2806 2207 da
2853 2152 3156 2206 neimamo

447 2256 769 2329 ortgr'nala
811 2258 934 2313 niti
973 2276 1048 2314 za
1076 2259 1286 2332 jednu
1332 2259 1455 2315 niti
1495 2277 1570 2315 za
1601 2258 1826 2331 drugu.
1882 2256 2169 2314 Svakako
2217 2259 2273 2315 ie
2300 2258 2505 2332 jedna
2538 2258 2623 2313 od
2648 2256 2787 2331 njile
2802 2254 3155 2333 salzifikat.

465 2360 768 2434 Obadvije
809 2381 882 2417 su
926 2362 1250 2436 sumnjive.

645 2472 1000 2547 Kukuljevic‘
1038 2476 1189 2548 Reg.
1239 2494 1336 2532 no·
1388 2478 1526 2530 847.

1712 2867 1908 2950 761.

467 3059 670 3134 1263,
708 3061 890 3144 prije
936 3061 1044 3126 13.
1091 3059 1422 3156 oktobra.

469 3248 640 3311 Bela
701 3251 880 3335 kragj
941 3251 1232 3335 ugarskz‘
1293 3251 1328 3313 ι’
1387 3250 1702 3314 lzrvatskz'
1747 3251 2145 3334 potvrdjuje
2212 3251 2586 3335 darevanje
2656 3252 3155 3336 Kamenskoga,

705 3363 1021 3448 us'injeno
1069 3365 1294 3428 Ivanu
1341 3363 1376 3427 i
1416 3365 1678 3427 Marku
1725 3362 2067 3427 sz‘novz‘ma
2132 3364 2478 3449 Vukovoja
2529 3365 2924 3450 Gorz‘c‘koga.

643 3555 778 3617 Bela
809 3558 910 3618 dei
944 3560 1156 3638 gracia
1207 3557 1551 3640 Hungarie,
1600 3557 1951 3630 Dalmacie‚
2000 3555 2282 3632 Croacie‚
2332 3559 2551 3631 Kame,
2599 3560 2835 3631 Seruio,
2882 3557 3162 3634 Gallicie‚

473 3663 860 3742 Lodomerie,
930 3669 1370 3748 Cumanieque
1437 3690 1554 3732 rex
1600 3672 1901 3732 omnibus
1948 3668 2174 3760 Christi
2240 3671 2535 3732 fidelibus
2582 3683 2715 3732 tam
2764 3672 3163 3750 presentibus

471 3797 658 3859 quam
702 3783 916 3844 futuris
963 3785 1231 3845 salutem
1268 3786 1328 3845 in
1361 3786 1580 3846 salutis
1615 3785 1923 3866 largitore.
1970 3783 2075 3846 Ad
2108 3785 2543 3846 vniuersorum
2586 3787 2885 3845 noticiam
2935 3785 3159 3846 harum

472 3894 627 3954 serie
654 3895 936 3958 volumus
967 3899 1317 3978 peruenire,
1362 3899 1540 3978 quod
1573 3917 1720 3959 cum
1756 3910 1989 3958 terram
2044 3898 2295 3959 Hualus
2328 3899 2409 3958 de
2442 3896 2717 3959 Goriche
2763 3900 2897 3958 sine
2930 3898 3163 3960 herede

471 4004 821 4069 decedentis
870 4009 1292 4072 Kemenchke
1341 4023 1631 4072 vocatam
1682 4014 1866 4070 sitam
1904 4013 1963 4071 in
1999 4009 2297 4083 confini0‚
2330 4029 2523 4089 quam
2564 4009 2927 4088 Stephanus
2962 4012 3163 4072 banus

467 4119 636 4180 bone
695 4126 998 4184 memorie
1070 4121 1252 4186 Chak
1319 4139 1596 4206 cognato
1666 4144 1782 4185 suo
1849 4125 2204 4185 contulerat
2266 4136 2327 4184 et
2391 4129 2523 4202 ipse
2604 4123 2879 4183 eandem
2930 4133 3156 4185 terram

469 4231 890 4314 relinquend0‚
957 4237 1220 4316 quidam
1291 4236 1649 4298 Mirizlauus
1726 4240 1987 4298 nomine
2062 4238 2310 4315 absque
2379 4251 2591 4298 nostra
2639 4236 2989 4296 collacione
3054 4255 3163 4296 seu

468 4345 814 4410 donacione
859 4362 1301 4429 occupauerat,
1347 4350 1615 4412 domino
1667 4351 1874 4412 [wano
1908 4362 1971 4412 et
2006 4351 2231 4412 Marko
2274 4349 2483 4411 Ramk
2514 4351 2620 4410 filii
2654 4349 2791 4410 filiis
2840 4349 3165 4426 Wokowy

468 4459 552 4519 de
607 4459 873 4525 Goricha
946 4475 1208 4543 propter
1275 4464 1564 4524 militaria
1635 4467 1898 4546 insignia
1968 4465 2085 4525 sibi
2155 4463 2550 4524 conferendo
2616 4483 2727 4541 per
2787 4461 3043 4523 fidelem
3101 4475 3163 4522 et

470 4572 760 4637 dilectum
795 4587 1080 4638 nostrum
1117 4577 1482 4639 Rolandum
1517 4579 1758 4639 banum
1795 4581 1997 4638 tocius
2028 4577 2368 4640 Sclauonie
2404 4577 2645 4636 eisdem
2681 4575 3166 4637 mandassemus

471 4690 774 4770 assignari.
824 4690 1000 4751 Idem
1052 4691 1384 4753 Rolandus
1432 4693 1635 4752 banus
1682 4691 1866 4750 nobis
1902 4693 1961 4750 in
2008 4693 2134 4750 suis
2179 4689 2397 4750 litteris
2444 4689 2775 4763 intimauit‚
2822 4690 2997 4767 quod
3030 4691 3164 4767 ipse

465 4803 866 4880 personaliter
933 4805 1016 4866 ad
1087 4808 1289 4883 ipsam
1368 4819 1598 4865 terram
1662 4805 1890 4864 nostris
1960 4804 2187 4878 quibus
2258 4802 2393 4861 aliis
2453 4801 2823 4881 prepeditus
2886 4803 3167 4884 negociis

467 4916 758 4978 accedere
835 4920 1240 4993 nequiuisset,
1317 4918 1634 4978 mittendo
1711 4917 2067 4978 Fabianum
2138 4916 2439 4976 comitem
2522 4915 3014 4996 Zagrabiensem
3082 4915 3165 4975 ad

466 5030 726 5091 eandem
758 5034 864 5110 qui
898 5034 1104 5110 ipsam
1135 5040 1366 5092 terram
1414 5031 1877 5092 habitatoribus
1924 5031 2290 5090 destitutam
2339 5026 2743 5095 inueniendo,
2790 5030 3167 5090 conuocatis
