<?xml version="1.0" encoding="UTF-8"?>
<!DOCTYPE html PUBLIC "-//W3C//DTD XHTML 1.0 Transitional//EN"
    "http://www.w3.org/TR/xhtml1/DTD/xhtml1-transitional.dtd">
<html xmlns="http://www.w3.org/1999/xhtml" xml:lang="en" lang="en">
 <head>
  <title>
</title>
<meta http-equiv="Content-Type" content="text/html;charset=utf-8" />
  <meta name='ocr-system' content='tesseract 3.04.00' />
  <meta name='ocr-capabilities' content='ocr_page ocr_carea ocr_par ocr_line ocrx_word'/>
</head>
<body>
  <div class='ocr_page' id='page_1' title='image "./codexdiplomatic00umjegoog_0253.png"; bbox 0 0 3797 5795; ppageno 0'>
   <div class='ocr_carea' id='block_1_1' title="bbox 1827 373 2241 437">
    <p class='ocr_par' dir='ltr' id='par_1_1' title="bbox 1827 373 2241 437">
     <span class='ocr_line' id='line_1_1' title="bbox 1827 373 2241 437; baseline 0.002 -1"><span class='ocrx_word' id='word_1_1' title='bbox 1827 373 2241 437; x_wconf 76' lang='lat'>—240——</span> 
     </span>
    </p>
   </div>
   <div class='ocr_carea' id='block_1_2' title="bbox 688 563 3429 5167">
    <p class='ocr_par' dir='ltr' id='par_1_2' title="bbox 688 563 3429 5167">
     <span class='ocr_line' id='line_1_2' title="bbox 690 563 3397 646; baseline -0 -19"><span class='ocrx_word' id='word_1_2' title='bbox 690 578 956 645; x_wconf 88' lang='lat' dir='ltr'>utraque</span> <span class='ocrx_word' id='word_1_3' title='bbox 1017 578 1198 646; x_wconf 90' lang='lat' dir='ltr'>parte</span> <span class='ocrx_word' id='word_1_4' title='bbox 1260 576 1431 627; x_wconf 86' lang='lat' dir='ltr'>mete</span> <span class='ocrx_word' id='word_1_5' title='bbox 1494 577 1696 626; x_wconf 89' lang='lat' dir='ltr'>terree</span> <span class='ocrx_word' id='word_1_6' title='bbox 1742 575 1803 625; x_wconf 91' lang='lat' dir='ltr'>et</span> <span class='ocrx_word' id='word_1_7' title='bbox 1851 564 2130 625; x_wconf 88' lang='lat' dir='ltr'>eundem</span> <span class='ocrx_word' id='word_1_8' title='bbox 2177 563 2424 625; x_wconf 88' lang='lat' dir='ltr'>fontem</span> <span class='ocrx_word' id='word_1_9' title='bbox 2495 563 2885 625; x_wconf 88' lang='lat' dir='ltr'>transeundo</span> <span class='ocrx_word' id='word_1_10' title='bbox 2947 585 2982 624; x_wconf 91' lang='lat' dir='ltr'>a</span> <span class='ocrx_word' id='word_1_11' title='bbox 3028 576 3207 643; x_wconf 86' lang='lat' dir='ltr'>parte</span> <span class='ocrx_word' id='word_1_12' title='bbox 3254 584 3397 626; x_wconf 87' lang='lat' dir='ltr'>me-</span> 
     </span>
     <span class='ocr_line' id='line_1_3' title="bbox 688 676 3393 757; baseline -0.001 -17"><span class='ocrx_word' id='word_1_13' title='bbox 688 679 976 741; x_wconf 89' lang='lat' dir='ltr'>ridionali</span> <span class='ocrx_word' id='word_1_14' title='bbox 1022 689 1120 740; x_wconf 87' lang='lat' dir='ltr'>est</span> <span class='ocrx_word' id='word_1_15' title='bbox 1169 678 1408 757; x_wconf 87' lang='lat' dir='ltr'>Mycho</span> <span class='ocrx_word' id='word_1_16' title='bbox 1456 678 1617 739; x_wconf 89' lang='lat' dir='ltr'>filius</span> <span class='ocrx_word' id='word_1_17' title='bbox 1663 676 1834 739; x_wconf 86' lang='lat' dir='ltr'>Bork</span> <span class='ocrx_word' id='word_1_18' title='bbox 1880 687 2385 749; x_wconf 80' lang='lat' dir='ltr'>commetaneuS,</span> <span class='ocrx_word' id='word_1_19' title='bbox 2432 676 2583 737; x_wconf 89' lang='lat' dir='ltr'>inde</span> <span class='ocrx_word' id='word_1_20' title='bbox 2626 677 2833 738; x_wconf 88' lang='lat' dir='ltr'>tendit</span> <span class='ocrx_word' id='word_1_21' title='bbox 2880 677 2963 737; x_wconf 90' lang='lat' dir='ltr'>ad</span> <span class='ocrx_word' id='word_1_22' title='bbox 3012 678 3215 738; x_wconf 87' lang='lat' dir='ltr'>ilicem</span> <span class='ocrx_word' id='word_1_23' title='bbox 3266 680 3393 739; x_wconf 80' lang='lat' dir='ltr'>sub</span> 
     </span>
     <span class='ocr_line' id='line_1_4' title="bbox 689 790 3391 873; baseline -0.001 -19"><span class='ocrx_word' id='word_1_24' title='bbox 689 812 816 873; x_wconf 91' lang='lat' dir='ltr'>qua</span> <span class='ocrx_word' id='word_1_25' title='bbox 862 803 958 853; x_wconf 89' lang='lat' dir='ltr'>est</span> <span class='ocrx_word' id='word_1_26' title='bbox 1005 802 1176 853; x_wconf 91' lang='lat' dir='ltr'>meta</span> <span class='ocrx_word' id='word_1_27' title='bbox 1235 802 1454 862; x_wconf 88' lang='lat' dir='ltr'>terrea,</span> <span class='ocrx_word' id='word_1_28' title='bbox 1501 791 1734 851; x_wconf 89' lang='lat' dir='ltr'>deinde</span> <span class='ocrx_word' id='word_1_29' title='bbox 1795 791 2189 851; x_wconf 84' lang='lat' dir='ltr'>transeundo</span> <span class='ocrx_word' id='word_1_30' title='bbox 2254 793 2419 849; x_wconf 88' lang='lat' dir='ltr'>viam</span> <span class='ocrx_word' id='word_1_31' title='bbox 2484 790 2655 850; x_wconf 92' lang='lat' dir='ltr'>vadit</span> <span class='ocrx_word' id='word_1_32' title='bbox 2700 790 2785 851; x_wconf 87' lang='lat' dir='ltr'>ad</span> <span class='ocrx_word' id='word_1_33' title='bbox 2833 801 3070 851; x_wconf 88' lang='lat' dir='ltr'>metam</span> <span class='ocrx_word' id='word_1_34' title='bbox 3118 802 3391 852; x_wconf 87' lang='lat' dir='ltr'>terream</span> 
     </span>
     <span class='ocr_line' id='line_1_5' title="bbox 689 903 3395 983; baseline -0.001 -16"><span class='ocrx_word' id='word_1_35' title='bbox 689 906 900 967; x_wconf 92' lang='lat' dir='ltr'>adhuc</span> <span class='ocrx_word' id='word_1_36' title='bbox 962 925 1176 966; x_wconf 84' lang='lat' dir='ltr'>versus</span> <span class='ocrx_word' id='word_1_37' title='bbox 1237 905 1639 965; x_wconf 90' lang='lat' dir='ltr'>occidentem</span> <span class='ocrx_word' id='word_1_38' title='bbox 1688 916 1752 964; x_wconf 93' lang='lat' dir='ltr'>et</span> <span class='ocrx_word' id='word_1_39' title='bbox 1796 904 1947 963; x_wconf 91' lang='lat' dir='ltr'>inde</span> <span class='ocrx_word' id='word_1_40' title='bbox 1996 904 2199 964; x_wconf 91' lang='lat' dir='ltr'>tendit</span> <span class='ocrx_word' id='word_1_41' title='bbox 2263 904 2345 963; x_wconf 90' lang='lat' dir='ltr'>ad</span> <span class='ocrx_word' id='word_1_42' title='bbox 2409 903 2651 963; x_wconf 88' lang='lat' dir='ltr'>fontem</span> <span class='ocrx_word' id='word_1_43' title='bbox 2706 903 2921 964; x_wconf 87' lang='lat' dir='ltr'>Holna</span> <span class='ocrx_word' id='word_1_44' title='bbox 2968 906 3145 965; x_wconf 85' lang='lat' dir='ltr'>iuxta</span> <span class='ocrx_word' id='word_1_45' title='bbox 3192 924 3395 983; x_wconf 90' lang='lat' dir='ltr'>quem</span> 
     </span>
     <span class='ocr_line' id='line_1_6' title="bbox 691 1016 3395 1097; baseline -0.001 -17"><span class='ocrx_word' id='word_1_46' title='bbox 691 1030 837 1080; x_wconf 86' lang='lat' dir='ltr'>sunt</span> <span class='ocrx_word' id='word_1_47' title='bbox 882 1038 966 1079; x_wconf 83' lang='lat' dir='ltr'>ex</span> <span class='ocrx_word' id='word_1_48' title='bbox 1013 1030 1280 1097; x_wconf 87' lang='lat' dir='ltr'>utraque</span> <span class='ocrx_word' id='word_1_49' title='bbox 1324 1030 1504 1096; x_wconf 89' lang='lat' dir='ltr'>parte</span> <span class='ocrx_word' id='word_1_50' title='bbox 1553 1028 1722 1077; x_wconf 90' lang='lat' dir='ltr'>mete</span> <span class='ocrx_word' id='word_1_51' title='bbox 1767 1028 1991 1089; x_wconf 87' lang='lat' dir='ltr'>terree‚</span> <span class='ocrx_word' id='word_1_52' title='bbox 2038 1016 2272 1077; x_wconf 87' lang='lat' dir='ltr'>deinde</span> <span class='ocrx_word' id='word_1_53' title='bbox 2320 1016 2524 1077; x_wconf 87' lang='lat' dir='ltr'>tendit</span> <span class='ocrx_word' id='word_1_54' title='bbox 2569 1016 2652 1077; x_wconf 92' lang='lat' dir='ltr'>ad</span> <span class='ocrx_word' id='word_1_55' title='bbox 2701 1035 2897 1077; x_wconf 87' lang='lat' dir='ltr'>unum</span> <span class='ocrx_word' id='word_1_56' title='bbox 2968 1030 3261 1077; x_wconf 91' lang='lat' dir='ltr'>montem</span> <span class='ocrx_word' id='word_1_57' title='bbox 3310 1018 3395 1077; x_wconf 91' lang='lat' dir='ltr'>ad</span> 
     </span>
     <span class='ocr_line' id='line_1_7' title="bbox 691 1130 3401 1211; baseline -0.001 -19"><span class='ocrx_word' id='word_1_58' title='bbox 691 1133 986 1192; x_wconf 84' lang='lat' dir='ltr'>arborem</span> <span class='ocrx_word' id='word_1_59' title='bbox 1057 1132 1184 1191; x_wconf 88' lang='lat' dir='ltr'>tilie</span> <span class='ocrx_word' id='word_1_60' title='bbox 1255 1150 1440 1191; x_wconf 89' lang='lat' dir='ltr'>cruce</span> <span class='ocrx_word' id='word_1_61' title='bbox 1509 1132 1824 1211; x_wconf 85' lang='lat' dir='ltr'>signatam</span> <span class='ocrx_word' id='word_1_62' title='bbox 1890 1130 2012 1191; x_wconf 86' lang='lat' dir='ltr'>sub</span> <span class='ocrx_word' id='word_1_63' title='bbox 2082 1149 2207 1208; x_wconf 89' lang='lat' dir='ltr'>qua</span> <span class='ocrx_word' id='word_1_64' title='bbox 2277 1141 2372 1189; x_wconf 87' lang='lat' dir='ltr'>est</span> <span class='ocrx_word' id='word_1_65' title='bbox 2443 1140 2615 1189; x_wconf 88' lang='lat' dir='ltr'>meta</span> <span class='ocrx_word' id='word_1_66' title='bbox 2677 1141 2879 1190; x_wconf 88' lang='lat' dir='ltr'>terrea</span> <span class='ocrx_word' id='word_1_67' title='bbox 2925 1140 2987 1190; x_wconf 91' lang='lat' dir='ltr'>et</span> <span class='ocrx_word' id='word_1_68' title='bbox 3037 1130 3098 1190; x_wconf 90' lang='lat' dir='ltr'>in</span> <span class='ocrx_word' id='word_1_69' title='bbox 3162 1133 3401 1191; x_wconf 88' lang='lat' dir='ltr'>vertice</span> 
     </span>
     <span class='ocr_line' id='line_1_8' title="bbox 693 1242 3399 1317; baseline -0 -12"><span class='ocrx_word' id='word_1_70' title='bbox 693 1245 979 1306; x_wconf 89' lang='lat' dir='ltr'>eiusdem</span> <span class='ocrx_word' id='word_1_71' title='bbox 1042 1246 1279 1304; x_wconf 87' lang='lat' dir='ltr'>montis</span> <span class='ocrx_word' id='word_1_72' title='bbox 1324 1256 1419 1304; x_wconf 83' lang='grc' dir='ltr'>θεῖ</span> <span class='ocrx_word' id='word_1_73' title='bbox 1464 1244 1585 1303; x_wconf 85' lang='lat' dir='ltr'>alia</span> <span class='ocrx_word' id='word_1_74' title='bbox 1647 1257 1836 1317; x_wconf 90' lang='lat' dir='ltr'>meta,</span> <span class='ocrx_word' id='word_1_75' title='bbox 1898 1243 2047 1303; x_wconf 89' lang='lat' dir='ltr'>inde</span> <span class='ocrx_word' id='word_1_76' title='bbox 2093 1242 2421 1303; x_wconf 89' lang='lat' dir='ltr'>descendit</span> <span class='ocrx_word' id='word_1_77' title='bbox 2468 1242 2552 1302; x_wconf 90' lang='lat' dir='ltr'>ad</span> <span class='ocrx_word' id='word_1_78' title='bbox 2599 1261 2793 1302; x_wconf 91' lang='lat' dir='ltr'>unam</span> <span class='ocrx_word' id='word_1_79' title='bbox 2842 1242 3114 1315; x_wconf 86' lang='lat' dir='ltr'>foveam,</span> <span class='ocrx_word' id='word_1_80' title='bbox 3160 1243 3399 1304; x_wconf 90' lang='lat' dir='ltr'>deinde</span> 
     </span>
     <span class='ocr_line' id='line_1_9' title="bbox 695 1354 3395 1437; baseline -0 -19"><span class='ocrx_word' id='word_1_81' title='bbox 695 1378 807 1437; x_wconf 90' lang='lat' dir='ltr'>per</span> <span class='ocrx_word' id='word_1_82' title='bbox 852 1376 1045 1419; x_wconf 89' lang='lat' dir='ltr'>unam</span> <span class='ocrx_word' id='word_1_83' title='bbox 1095 1357 1323 1417; x_wconf 90' lang='lat' dir='ltr'>vallem</span> <span class='ocrx_word' id='word_1_84' title='bbox 1371 1356 1701 1417; x_wconf 87' lang='lat' dir='ltr'>descendit</span> <span class='ocrx_word' id='word_1_85' title='bbox 1745 1356 1829 1416; x_wconf 90' lang='lat' dir='ltr'>ad</span> <span class='ocrx_word' id='word_1_86' title='bbox 1877 1357 2123 1417; x_wconf 89' lang='lat' dir='ltr'>fontem</span> <span class='ocrx_word' id='word_1_87' title='bbox 2174 1354 2511 1433; x_wconf 84' lang='lat' dir='ltr'>Kalychna</span> <span class='ocrx_word' id='word_1_88' title='bbox 2560 1366 2623 1415; x_wconf 94' lang='lat' dir='ltr'>et</span> <span class='ocrx_word' id='word_1_89' title='bbox 2668 1375 2780 1434; x_wconf 86' lang='lat' dir='ltr'>per</span> <span class='ocrx_word' id='word_1_90' title='bbox 2824 1355 3105 1416; x_wconf 84' lang='lat' dir='ltr'>eundem</span> <span class='ocrx_word' id='word_1_91' title='bbox 3146 1356 3395 1417; x_wconf 83' lang='lat' dir='ltr'>fontem</span> 
     </span>
     <span class='ocr_line' id='line_1_10' title="bbox 695 1469 3403 1549; baseline -0.001 -18"><span class='ocrx_word' id='word_1_92' title='bbox 695 1470 899 1531; x_wconf 86' lang='lat' dir='ltr'>tendit</span> <span class='ocrx_word' id='word_1_93' title='bbox 943 1489 1159 1531; x_wconf 84' lang='lat' dir='ltr'>versus</span> <span class='ocrx_word' id='word_1_94' title='bbox 1205 1469 1570 1545; x_wconf 87' lang='lat' dir='ltr'>aquilonem</span> <span class='ocrx_word' id='word_1_95' title='bbox 1617 1469 1699 1529; x_wconf 90' lang='lat' dir='ltr'>ad</span> <span class='ocrx_word' id='word_1_96' title='bbox 1745 1470 2043 1529; x_wconf 78' lang='lat' dir='ltr'>arborem</span> <span class='ocrx_word' id='word_1_97' title='bbox 2098 1469 2446 1547; x_wconf 89' lang='lat' dir='ltr'>populeam</span> <span class='ocrx_word' id='word_1_98' title='bbox 2494 1487 2679 1529; x_wconf 91' lang='lat' dir='ltr'>cruce</span> <span class='ocrx_word' id='word_1_99' title='bbox 2726 1470 3057 1549; x_wconf 85' lang='lat' dir='ltr'>signatam,</span> <span class='ocrx_word' id='word_1_100' title='bbox 3104 1470 3224 1529; x_wconf 90' lang='lat' dir='ltr'>sub</span> <span class='ocrx_word' id='word_1_101' title='bbox 3270 1489 3403 1549; x_wconf 84' lang='lat' dir='ltr'>qua</span> 
     </span>
     <span class='ocr_line' id='line_1_11' title="bbox 697 1581 3397 1660; baseline -0 -17"><span class='ocrx_word' id='word_1_102' title='bbox 697 1593 792 1643; x_wconf 87' lang='lat' dir='ltr'>est</span> <span class='ocrx_word' id='word_1_103' title='bbox 837 1593 1008 1643; x_wconf 87' lang='lat' dir='ltr'>meta</span> <span class='ocrx_word' id='word_1_104' title='bbox 1075 1594 1280 1643; x_wconf 88' lang='lat' dir='ltr'>terrea</span> <span class='ocrx_word' id='word_1_105' title='bbox 1325 1594 1388 1642; x_wconf 90' lang='lat' dir='ltr'>et</span> <span class='ocrx_word' id='word_1_106' title='bbox 1435 1582 1516 1641; x_wconf 91' lang='lat' dir='ltr'>ibi</span> <span class='ocrx_word' id='word_1_107' title='bbox 1588 1592 1732 1642; x_wconf 85' lang='lat' dir='ltr'>sunt</span> <span class='ocrx_word' id='word_1_108' title='bbox 1803 1581 2062 1643; x_wconf 85' lang='lat' dir='ltr'>Mathee</span> <span class='ocrx_word' id='word_1_109' title='bbox 2130 1592 2193 1641; x_wconf 91' lang='lat' dir='ltr'>et</span> <span class='ocrx_word' id='word_1_110' title='bbox 2266 1582 2411 1660; x_wconf 85' lang='lat' dir='ltr'>Isyp</span> <span class='ocrx_word' id='word_1_111' title='bbox 2482 1582 2944 1655; x_wconf 88' lang='lat' dir='ltr'>commetanei;</span> <span class='ocrx_word' id='word_1_112' title='bbox 3012 1582 3247 1643; x_wconf 90' lang='lat' dir='ltr'>deinde</span> <span class='ocrx_word' id='word_1_113' title='bbox 3311 1582 3397 1642; x_wconf 88' lang='lat' dir='ltr'>ad</span> 
     </span>
     <span class='ocr_line' id='line_1_12' title="bbox 696 1694 3403 1774; baseline 0 -20"><span class='ocrx_word' id='word_1_114' title='bbox 696 1696 992 1756; x_wconf 77' lang='lat' dir='ltr'>arborem</span> <span class='ocrx_word' id='word_1_115' title='bbox 1057 1694 1444 1773; x_wconf 86' lang='lat' dir='ltr'>berekynefa</span> <span class='ocrx_word' id='word_1_116' title='bbox 1506 1694 1762 1764; x_wconf 73' lang='lat' dir='ltr'>dictam,</span> <span class='ocrx_word' id='word_1_117' title='bbox 1807 1695 1927 1755; x_wconf 88' lang='lat' dir='ltr'>sub</span> <span class='ocrx_word' id='word_1_118' title='bbox 1978 1713 2105 1774; x_wconf 91' lang='lat' dir='ltr'>qua</span> <span class='ocrx_word' id='word_1_119' title='bbox 2154 1704 2248 1755; x_wconf 82' lang='lat' dir='ltr'>est</span> <span class='ocrx_word' id='word_1_120' title='bbox 2296 1706 2467 1754; x_wconf 88' lang='lat' dir='ltr'>meta</span> <span class='ocrx_word' id='word_1_121' title='bbox 2522 1705 2740 1767; x_wconf 86' lang='lat' dir='ltr'>terrea,</span> <span class='ocrx_word' id='word_1_122' title='bbox 2798 1696 2949 1755; x_wconf 91' lang='lat' dir='ltr'>inde</span> <span class='ocrx_word' id='word_1_123' title='bbox 2994 1695 3168 1756; x_wconf 78' lang='lat' dir='ltr'>radit</span> <span class='ocrx_word' id='word_1_124' title='bbox 3213 1715 3403 1774; x_wconf 87' lang='lat' dir='ltr'>super</span> 
     </span>
     <span class='ocr_line' id='line_1_13' title="bbox 699 1806 3401 1888; baseline -0 -19"><span class='ocrx_word' id='word_1_125' title='bbox 699 1826 896 1869; x_wconf 89' lang='lat' dir='ltr'>unum</span> <span class='ocrx_word' id='word_1_126' title='bbox 960 1819 1266 1881; x_wconf 89' lang='lat' dir='ltr'>montem,</span> <span class='ocrx_word' id='word_1_127' title='bbox 1314 1810 1422 1888; x_wconf 92' lang='lat' dir='ltr'>qui</span> <span class='ocrx_word' id='word_1_128' title='bbox 1468 1806 1862 1869; x_wconf 88' lang='lat' dir='ltr'>Dobronech</span> <span class='ocrx_word' id='word_1_129' title='bbox 1925 1810 2307 1881; x_wconf 87' lang='lat' dir='ltr'>nominatur,</span> <span class='ocrx_word' id='word_1_130' title='bbox 2354 1826 2542 1886; x_wconf 85' lang='lat' dir='ltr'>super</span> <span class='ocrx_word' id='word_1_131' title='bbox 2589 1827 2783 1887; x_wconf 91' lang='lat' dir='ltr'>quem</span> <span class='ocrx_word' id='word_1_132' title='bbox 2832 1821 2929 1869; x_wconf 88' lang='lat' dir='ltr'>est</span> <span class='ocrx_word' id='word_1_133' title='bbox 2975 1820 3145 1868; x_wconf 87' lang='lat' dir='ltr'>meta</span> <span class='ocrx_word' id='word_1_134' title='bbox 3197 1820 3401 1869; x_wconf 87' lang='lat' dir='ltr'>terrea</span> 
     </span>
     <span class='ocr_line' id='line_1_14' title="bbox 700 1920 3399 2002; baseline 0 -21"><span class='ocrx_word' id='word_1_135' title='bbox 700 1933 761 1982; x_wconf 89' lang='lat' dir='ltr'>et</span> <span class='ocrx_word' id='word_1_136' title='bbox 793 1921 942 1981; x_wconf 91' lang='lat' dir='ltr'>inde</span> <span class='ocrx_word' id='word_1_137' title='bbox 974 1921 1145 1981; x_wconf 88' lang='lat' dir='ltr'>vadit</span> <span class='ocrx_word' id='word_1_138' title='bbox 1177 1921 1260 1981; x_wconf 88' lang='lat' dir='ltr'>ad</span> <span class='ocrx_word' id='word_1_139' title='bbox 1294 1940 1594 2001; x_wconf 88' lang='lat' dir='ltr'>magnam</span> <span class='ocrx_word' id='word_1_140' title='bbox 1647 1922 1808 1981; x_wconf 84' lang='lat' dir='ltr'>viam</span> <span class='ocrx_word' id='word_1_141' title='bbox 1844 1931 1906 1981; x_wconf 90' lang='lat' dir='ltr'>et</span> <span class='ocrx_word' id='word_1_142' title='bbox 1939 1940 2052 1999; x_wconf 90' lang='lat' dir='ltr'>per</span> <span class='ocrx_word' id='word_1_143' title='bbox 2082 1921 2355 1981; x_wconf 87' lang='lat' dir='ltr'>eandem</span> <span class='ocrx_word' id='word_1_144' title='bbox 2403 1921 2607 1981; x_wconf 88' lang='lat' dir='ltr'>tendit</span> <span class='ocrx_word' id='word_1_145' title='bbox 2638 1921 2723 1981; x_wconf 89' lang='lat' dir='ltr'>ad</span> <span class='ocrx_word' id='word_1_146' title='bbox 2755 1922 3053 1982; x_wconf 85' lang='lat' dir='ltr'>arborem</span> <span class='ocrx_word' id='word_1_147' title='bbox 3086 1920 3399 2002; x_wconf 86' lang='lat' dir='ltr'>gerthyan</span> 
     </span>
     <span class='ocr_line' id='line_1_15' title="bbox 701 2032 3402 2115; baseline -0 -21"><span class='ocrx_word' id='word_1_148' title='bbox 701 2044 1152 2113; x_wconf 90' lang='lat' dir='ltr'>nuncupatam,</span> <span class='ocrx_word' id='word_1_149' title='bbox 1197 2034 1317 2093; x_wconf 86' lang='lat' dir='ltr'>sub</span> <span class='ocrx_word' id='word_1_150' title='bbox 1377 2054 1503 2113; x_wconf 93' lang='lat' dir='ltr'>qua</span> <span class='ocrx_word' id='word_1_151' title='bbox 1566 2045 1660 2093; x_wconf 88' lang='lat' dir='ltr'>est</span> <span class='ocrx_word' id='word_1_152' title='bbox 1725 2046 1894 2094; x_wconf 89' lang='lat' dir='ltr'>meta</span> <span class='ocrx_word' id='word_1_153' title='bbox 1954 2035 2174 2106; x_wconf 75' lang='lat' dir='ltr'>terrea,</span> <span class='ocrx_word' id='word_1_154' title='bbox 2220 2033 2454 2094; x_wconf 89' lang='lat' dir='ltr'>deinde</span> <span class='ocrx_word' id='word_1_155' title='bbox 2514 2034 2597 2094; x_wconf 90' lang='lat' dir='ltr'>ad</span> <span class='ocrx_word' id='word_1_156' title='bbox 2662 2046 2949 2095; x_wconf 90' lang='lat' dir='ltr'>montem</span> <span class='ocrx_word' id='word_1_157' title='bbox 3014 2032 3271 2115; x_wconf 79' lang='lat' dir='ltr'>Gorgen</span> <span class='ocrx_word' id='word_1_158' title='bbox 3319 2034 3402 2093; x_wconf 86' lang='lat' dir='ltr'>ad</span> 
     </span>
     <span class='ocr_line' id='line_1_16' title="bbox 701 2143 3405 2225; baseline 0 -19"><span class='ocrx_word' id='word_1_159' title='bbox 701 2147 996 2207; x_wconf 89' lang='lat' dir='ltr'>arborem</span> <span class='ocrx_word' id='word_1_160' title='bbox 1058 2146 1234 2225; x_wconf 84' lang='lat' dir='ltr'>tylye</span> <span class='ocrx_word' id='word_1_161' title='bbox 1296 2150 1470 2207; x_wconf 83' lang='lat' dir='ltr'>iuxta</span> <span class='ocrx_word' id='word_1_162' title='bbox 1517 2149 1770 2207; x_wconf 78' lang='lat' dir='ltr'>vineam</span> <span class='ocrx_word' id='word_1_163' title='bbox 1820 2143 2144 2220; x_wconf 86' lang='lat' dir='ltr'>Churnuk,</span> <span class='ocrx_word' id='word_1_164' title='bbox 2191 2147 2310 2207; x_wconf 89' lang='lat' dir='ltr'>sub</span> <span class='ocrx_word' id='word_1_165' title='bbox 2359 2165 2485 2225; x_wconf 87' lang='lat' dir='ltr'>qua</span> <span class='ocrx_word' id='word_1_166' title='bbox 2533 2158 2627 2206; x_wconf 87' lang='grc' dir='ltr'>θεῖ</span> <span class='ocrx_word' id='word_1_167' title='bbox 2674 2158 2845 2207; x_wconf 85' lang='lat' dir='ltr'>meta</span> <span class='ocrx_word' id='word_1_168' title='bbox 2892 2160 3095 2207; x_wconf 87' lang='lat' dir='ltr'>terrea</span> <span class='ocrx_word' id='word_1_169' title='bbox 3142 2162 3203 2207; x_wconf 91' lang='lat' dir='ltr'>et</span> <span class='ocrx_word' id='word_1_170' title='bbox 3254 2147 3405 2207; x_wconf 90' lang='lat' dir='ltr'>inde</span> 
     </span>
     <span class='ocr_line' id='line_1_17' title="bbox 702 2258 3401 2341; baseline 0 -22"><span class='ocrx_word' id='word_1_171' title='bbox 702 2258 876 2320; x_wconf 85' lang='lat' dir='ltr'>vadit</span> <span class='ocrx_word' id='word_1_172' title='bbox 907 2260 990 2319; x_wconf 91' lang='lat' dir='ltr'>ad</span> <span class='ocrx_word' id='word_1_173' title='bbox 1021 2260 1318 2320; x_wconf 89' lang='lat' dir='ltr'>arborem</span> <span class='ocrx_word' id='word_1_174' title='bbox 1365 2270 1633 2341; x_wconf 84' lang='lat' dir='ltr'>gertyan</span> <span class='ocrx_word' id='word_1_175' title='bbox 1679 2260 1798 2320; x_wconf 88' lang='lat' dir='ltr'>sub</span> <span class='ocrx_word' id='word_1_176' title='bbox 1844 2278 1971 2337; x_wconf 89' lang='lat' dir='ltr'>qua</span> <span class='ocrx_word' id='word_1_177' title='bbox 2017 2270 2111 2319; x_wconf 86' lang='lat' dir='ltr'>est</span> <span class='ocrx_word' id='word_1_178' title='bbox 2162 2278 2332 2320; x_wconf 83' lang='lat' dir='ltr'>meta</span> <span class='ocrx_word' id='word_1_179' title='bbox 2380 2272 2581 2321; x_wconf 89' lang='lat' dir='ltr'>terrea</span> <span class='ocrx_word' id='word_1_180' title='bbox 2626 2273 2690 2320; x_wconf 88' lang='lat' dir='ltr'>et</span> <span class='ocrx_word' id='word_1_181' title='bbox 2736 2260 2819 2319; x_wconf 90' lang='lat' dir='ltr'>ibi</span> <span class='ocrx_word' id='word_1_182' title='bbox 2853 2260 3023 2321; x_wconf 89' lang='lat' dir='ltr'>cadit</span> <span class='ocrx_word' id='word_1_183' title='bbox 3058 2262 3121 2320; x_wconf 91' lang='lat' dir='ltr'>in</span> <span class='ocrx_word' id='word_1_184' title='bbox 3154 2262 3401 2321; x_wconf 83' lang='lat' dir='ltr'>fontem</span> 
     </span>
     <span class='ocr_line' id='line_1_18' title="bbox 706 2371 3405 2452; baseline 0.001 -21"><span class='ocrx_word' id='word_1_185' title='bbox 706 2374 810 2449; x_wconf 89' lang='lat' dir='ltr'>qui</span> <span class='ocrx_word' id='word_1_186' title='bbox 873 2371 1232 2451; x_wconf 84' lang='lat' dir='ltr'>Belapotok</span> <span class='ocrx_word' id='word_1_187' title='bbox 1293 2376 1658 2433; x_wconf 89' lang='lat' dir='ltr'>nominatur</span> <span class='ocrx_word' id='word_1_188' title='bbox 1718 2387 1781 2434; x_wconf 88' lang='lat' dir='ltr'>et</span> <span class='ocrx_word' id='word_1_189' title='bbox 1850 2393 1963 2452; x_wconf 88' lang='lat' dir='ltr'>per</span> <span class='ocrx_word' id='word_1_190' title='bbox 2024 2373 2299 2433; x_wconf 87' lang='lat' dir='ltr'>eundem</span> <span class='ocrx_word' id='word_1_191' title='bbox 2350 2372 2592 2433; x_wconf 90' lang='lat' dir='ltr'>fontem</span> <span class='ocrx_word' id='word_1_192' title='bbox 2640 2373 2969 2434; x_wconf 89' lang='lat' dir='ltr'>descendit</span> <span class='ocrx_word' id='word_1_193' title='bbox 3032 2377 3095 2433; x_wconf 91' lang='lat' dir='ltr'>in</span> <span class='ocrx_word' id='word_1_194' title='bbox 3142 2373 3405 2433; x_wconf 81' lang='lat' dir='ltr'>fluvium</span> 
     </span>
     <span class='ocr_line' id='line_1_19' title="bbox 704 2482 3407 2567; baseline 0.001 -22"><span class='ocrx_word' id='word_1_195' title='bbox 704 2482 958 2565; x_wconf 90' lang='lat' dir='ltr'>Gergeu</span> <span class='ocrx_word' id='word_1_196' title='bbox 1005 2497 1066 2545; x_wconf 92' lang='lat' dir='ltr'>et</span> <span class='ocrx_word' id='word_1_197' title='bbox 1114 2486 1196 2545; x_wconf 93' lang='lat' dir='ltr'>ibi</span> <span class='ocrx_word' id='word_1_198' title='bbox 1245 2486 1364 2545; x_wconf 87' lang='lat' dir='ltr'>sub</span> <span class='ocrx_word' id='word_1_199' title='bbox 1425 2488 1651 2546; x_wconf 87' lang='lat' dir='ltr'>arbore</span> <span class='ocrx_word' id='word_1_200' title='bbox 1711 2487 1865 2547; x_wconf 89' lang='lat' dir='ltr'>ilicis</span> <span class='ocrx_word' id='word_1_201' title='bbox 1913 2498 2008 2547; x_wconf 86' lang='lat' dir='ltr'>est</span> <span class='ocrx_word' id='word_1_202' title='bbox 2057 2499 2227 2547; x_wconf 89' lang='lat' dir='ltr'>meta</span> <span class='ocrx_word' id='word_1_203' title='bbox 2290 2500 2491 2547; x_wconf 86' lang='lat' dir='ltr'>terrea</span> <span class='ocrx_word' id='word_1_204' title='bbox 2540 2498 2601 2546; x_wconf 91' lang='lat' dir='ltr'>et</span> <span class='ocrx_word' id='word_1_205' title='bbox 2650 2506 2763 2565; x_wconf 84' lang='lat' dir='ltr'>per</span> <span class='ocrx_word' id='word_1_206' title='bbox 2825 2485 3081 2547; x_wconf 80' lang='lat' dir='ltr'>fiuvium</span> <span class='ocrx_word' id='word_1_207' title='bbox 3146 2484 3407 2567; x_wconf 86' lang='lat' dir='ltr'>Gergeu</span> 
     </span>
     <span class='ocr_line' id='line_1_20' title="bbox 703 2597 3403 2678; baseline 0.001 -21"><span class='ocrx_word' id='word_1_208' title='bbox 703 2597 1162 2658; x_wconf 84' lang='lat' dir='ltr'>descendendo</span> <span class='ocrx_word' id='word_1_209' title='bbox 1230 2599 1398 2659; x_wconf 87' lang='lat' dir='ltr'>cadit</span> <span class='ocrx_word' id='word_1_210' title='bbox 1461 2602 1523 2659; x_wconf 88' lang='lat' dir='ltr'>in</span> <span class='ocrx_word' id='word_1_211' title='bbox 1587 2598 1844 2659; x_wconf 87' lang='lat' dir='ltr'>fluvium</span> <span class='ocrx_word' id='word_1_212' title='bbox 1920 2600 2135 2660; x_wconf 91' lang='lat' dir='ltr'>Holna</span> <span class='ocrx_word' id='word_1_213' title='bbox 2185 2611 2245 2659; x_wconf 89' lang='lat' dir='ltr'>et</span> <span class='ocrx_word' id='word_1_214' title='bbox 2296 2600 2378 2658; x_wconf 91' lang='lat' dir='ltr'>ibi</span> <span class='ocrx_word' id='word_1_215' title='bbox 2426 2612 2521 2659; x_wconf 89' lang='lat' dir='ltr'>est</span> <span class='ocrx_word' id='word_1_216' title='bbox 2570 2612 2739 2659; x_wconf 89' lang='lat' dir='ltr'>meta</span> <span class='ocrx_word' id='word_1_217' title='bbox 2810 2612 3009 2659; x_wconf 89' lang='lat' dir='ltr'>terrea</span> <span class='ocrx_word' id='word_1_218' title='bbox 3057 2610 3118 2660; x_wconf 92' lang='lat' dir='ltr'>et</span> <span class='ocrx_word' id='word_1_219' title='bbox 3167 2618 3403 2678; x_wconf 87' lang='lat' dir='ltr'>aquam</span> 
     </span>
     <span class='ocr_line' id='line_1_21' title="bbox 709 2710 3407 2787; baseline 0.001 -17"><span class='ocrx_word' id='word_1_220' title='bbox 709 2710 926 2771; x_wconf 89' lang='lat' dir='ltr'>Holna</span> <span class='ocrx_word' id='word_1_221' title='bbox 993 2711 1230 2771; x_wconf 84' lang='lat' dir='ltr'>directe</span> <span class='ocrx_word' id='word_1_222' title='bbox 1299 2712 1690 2772; x_wconf 88' lang='lat' dir='ltr'>transeundo</span> <span class='ocrx_word' id='word_1_223' title='bbox 1759 2713 1963 2773; x_wconf 89' lang='lat' dir='ltr'>tendit</span> <span class='ocrx_word' id='word_1_224' title='bbox 2012 2712 2095 2773; x_wconf 88' lang='lat' dir='ltr'>ad</span> <span class='ocrx_word' id='word_1_225' title='bbox 2142 2726 2381 2773; x_wconf 87' lang='lat' dir='ltr'>metam</span> <span class='ocrx_word' id='word_1_226' title='bbox 2454 2725 2743 2787; x_wconf 88' lang='lat' dir='ltr'>terream,</span> <span class='ocrx_word' id='word_1_227' title='bbox 2806 2712 3039 2773; x_wconf 88' lang='lat' dir='ltr'>deinde</span> <span class='ocrx_word' id='word_1_228' title='bbox 3100 2712 3275 2773; x_wconf 83' lang='lat' dir='ltr'>vadit</span> <span class='ocrx_word' id='word_1_229' title='bbox 3325 2713 3407 2772; x_wconf 89' lang='lat' dir='ltr'>ad</span> 
     </span>
     <span class='ocr_line' id='line_1_22' title="bbox 705 2821 3411 2907; baseline 0.001 -25"><span class='ocrx_word' id='word_1_230' title='bbox 705 2821 966 2884; x_wconf 87' lang='lat' dir='ltr'>fluvium</span> <span class='ocrx_word' id='word_1_231' title='bbox 1018 2824 1206 2904; x_wconf 85' lang='lat' dir='ltr'>Vych</span> <span class='ocrx_word' id='word_1_232' title='bbox 1275 2826 1452 2885; x_wconf 75' lang='lat' dir='ltr'>iuxta</span> <span class='ocrx_word' id='word_1_233' title='bbox 1523 2844 1716 2904; x_wconf 86' lang='lat' dir='ltr'>quem</span> <span class='ocrx_word' id='word_1_234' title='bbox 1785 2826 1905 2885; x_wconf 87' lang='lat' dir='ltr'>sub</span> <span class='ocrx_word' id='word_1_235' title='bbox 1974 2825 2201 2885; x_wconf 83' lang='lat' dir='ltr'>arbore</span> <span class='ocrx_word' id='word_1_236' title='bbox 2268 2824 2579 2907; x_wconf 87' lang='lat' dir='ltr'>gerthyan</span> <span class='ocrx_word' id='word_1_237' title='bbox 2628 2836 2723 2885; x_wconf 89' lang='lat' dir='ltr'>est</span> <span class='ocrx_word' id='word_1_238' title='bbox 2770 2836 2942 2885; x_wconf 87' lang='lat' dir='ltr'>meta</span> <span class='ocrx_word' id='word_1_239' title='bbox 2992 2835 3207 2893; x_wconf 83' lang='lat' dir='ltr'>terrea,</span> <span class='ocrx_word' id='word_1_240' title='bbox 3259 2826 3411 2885; x_wconf 89' lang='lat' dir='ltr'>inde</span> 
     </span>
     <span class='ocr_line' id='line_1_23' title="bbox 703 2937 3407 3018; baseline 0.001 -23"><span class='ocrx_word' id='word_1_241' title='bbox 703 2937 912 2998; x_wconf 87' lang='lat' dir='ltr'>tendit</span> <span class='ocrx_word' id='word_1_242' title='bbox 957 2939 1041 2998; x_wconf 91' lang='lat' dir='ltr'>ad</span> <span class='ocrx_word' id='word_1_243' title='bbox 1086 2939 1378 2998; x_wconf 88' lang='lat' dir='ltr'>arborem</span> <span class='ocrx_word' id='word_1_244' title='bbox 1430 2938 1583 2999; x_wconf 86' lang='lat' dir='ltr'>ilicis</span> <span class='ocrx_word' id='word_1_245' title='bbox 1613 2939 1734 2999; x_wconf 84' lang='lat' dir='ltr'>sub</span> <span class='ocrx_word' id='word_1_246' title='bbox 1766 2959 1892 3018; x_wconf 90' lang='lat' dir='ltr'>qua</span> <span class='ocrx_word' id='word_1_247' title='bbox 1926 2949 2021 2999; x_wconf 90' lang='lat' dir='ltr'>est</span> <span class='ocrx_word' id='word_1_248' title='bbox 2056 2949 2225 2999; x_wconf 88' lang='lat' dir='ltr'>meta</span> <span class='ocrx_word' id='word_1_249' title='bbox 2272 2952 2475 2999; x_wconf 88' lang='lat' dir='ltr'>terrea</span> <span class='ocrx_word' id='word_1_250' title='bbox 2508 2949 2572 2998; x_wconf 91' lang='lat' dir='ltr'>et</span> <span class='ocrx_word' id='word_1_251' title='bbox 2604 2939 2753 2998; x_wconf 88' lang='lat' dir='ltr'>inde</span> <span class='ocrx_word' id='word_1_252' title='bbox 2799 2958 2913 3016; x_wconf 90' lang='lat' dir='ltr'>per</span> <span class='ocrx_word' id='word_1_253' title='bbox 2958 2957 3149 2999; x_wconf 91' lang='lat' dir='ltr'>unam</span> <span class='ocrx_word' id='word_1_254' title='bbox 3178 2939 3407 2999; x_wconf 81' lang='lat' dir='ltr'>vallem</span> 
     </span>
     <span class='ocr_line' id='line_1_24' title="bbox 703 3050 3413 3132; baseline 0.001 -24"><span class='ocrx_word' id='word_1_255' title='bbox 703 3050 912 3110; x_wconf 90' lang='lat' dir='ltr'>tendit</span> <span class='ocrx_word' id='word_1_256' title='bbox 957 3071 1147 3130; x_wconf 89' lang='lat' dir='ltr'>super</span> <span class='ocrx_word' id='word_1_257' title='bbox 1193 3067 1483 3112; x_wconf 90' lang='lat' dir='ltr'>montem</span> <span class='ocrx_word' id='word_1_258' title='bbox 1517 3052 1599 3111; x_wconf 88' lang='lat' dir='ltr'>ad</span> <span class='ocrx_word' id='word_1_259' title='bbox 1633 3052 1929 3112; x_wconf 85' lang='lat' dir='ltr'>arborem</span> <span class='ocrx_word' id='word_1_260' title='bbox 1979 3052 2156 3130; x_wconf 82' lang='lat' dir='ltr'>tylye</span> <span class='ocrx_word' id='word_1_261' title='bbox 2202 3071 2389 3113; x_wconf 91' lang='lat' dir='ltr'>cruce</span> <span class='ocrx_word' id='word_1_262' title='bbox 2435 3053 2751 3132; x_wconf 81' lang='lat' dir='ltr'>signatam</span> <span class='ocrx_word' id='word_1_263' title='bbox 2785 3053 2902 3112; x_wconf 89' lang='lat' dir='ltr'>sub</span> <span class='ocrx_word' id='word_1_264' title='bbox 2937 3070 3061 3129; x_wconf 91' lang='lat' dir='ltr'>qua</span> <span class='ocrx_word' id='word_1_265' title='bbox 3094 3065 3187 3111; x_wconf 76' lang='lat' dir='ltr'>est</span> <span class='ocrx_word' id='word_1_266' title='bbox 3238 3066 3413 3111; x_wconf 83' lang='lat' dir='ltr'>meta</span> 
     </span>
     <span class='ocr_line' id='line_1_25' title="bbox 705 3164 3415 3246; baseline 0.001 -25"><span class='ocrx_word' id='word_1_267' title='bbox 705 3171 931 3237; x_wconf 84' lang='lat' dir='ltr'>terrea,</span> <span class='ocrx_word' id='word_1_268' title='bbox 978 3164 1212 3224; x_wconf 86' lang='lat' dir='ltr'>deinde</span> <span class='ocrx_word' id='word_1_269' title='bbox 1275 3164 1447 3225; x_wconf 84' lang='lat' dir='ltr'>vadit</span> <span class='ocrx_word' id='word_1_270' title='bbox 1510 3165 1591 3225; x_wconf 86' lang='lat' dir='ltr'>ad</span> <span class='ocrx_word' id='word_1_271' title='bbox 1645 3165 1941 3225; x_wconf 86' lang='lat' dir='ltr'>arborem</span> <span class='ocrx_word' id='word_1_272' title='bbox 2006 3165 2263 3225; x_wconf 86' lang='lat' dir='ltr'>harosth</span> <span class='ocrx_word' id='word_1_273' title='bbox 2326 3183 2511 3225; x_wconf 87' lang='lat' dir='ltr'>cruce</span> <span class='ocrx_word' id='word_1_274' title='bbox 2570 3167 2885 3246; x_wconf 88' lang='lat' dir='ltr'>signatam</span> <span class='ocrx_word' id='word_1_275' title='bbox 2948 3165 3068 3224; x_wconf 84' lang='lat' dir='ltr'>sub</span> <span class='ocrx_word' id='word_1_276' title='bbox 3128 3184 3257 3244; x_wconf 83' lang='lat' dir='ltr'>qua</span> <span class='ocrx_word' id='word_1_277' title='bbox 3318 3177 3415 3224; x_wconf 87' lang='grc' dir='ltr'>θεῖ</span> 
     </span>
     <span class='ocr_line' id='line_1_26' title="bbox 705 3277 3413 3356; baseline 0.001 -23"><span class='ocrx_word' id='word_1_278' title='bbox 705 3285 884 3336; x_wconf 84' lang='lat' dir='ltr'>meta</span> <span class='ocrx_word' id='word_1_279' title='bbox 943 3287 1146 3337; x_wconf 87' lang='lat' dir='ltr'>terrea</span> <span class='ocrx_word' id='word_1_280' title='bbox 1193 3293 1256 3337; x_wconf 88' lang='lat' dir='ltr'>et</span> <span class='ocrx_word' id='word_1_281' title='bbox 1303 3278 1452 3338; x_wconf 90' lang='lat' dir='ltr'>inde</span> <span class='ocrx_word' id='word_1_282' title='bbox 1497 3277 1670 3338; x_wconf 88' lang='lat' dir='ltr'>vadit</span> <span class='ocrx_word' id='word_1_283' title='bbox 1724 3277 1814 3338; x_wconf 86' lang='lat' dir='ltr'>ad</span> <span class='ocrx_word' id='word_1_284' title='bbox 1876 3277 2123 3338; x_wconf 86' lang='lat' dir='ltr'>fontem</span> <span class='ocrx_word' id='word_1_285' title='bbox 2186 3277 2481 3356; x_wconf 84' lang='lat' dir='ltr'>Turycha</span> <span class='ocrx_word' id='word_1_286' title='bbox 2532 3289 2595 3338; x_wconf 88' lang='lat' dir='ltr'>et</span> <span class='ocrx_word' id='word_1_287' title='bbox 2643 3278 2726 3337; x_wconf 90' lang='lat' dir='ltr'>ibi</span> <span class='ocrx_word' id='word_1_288' title='bbox 2774 3289 2869 3338; x_wconf 86' lang='lat' dir='ltr'>est</span> <span class='ocrx_word' id='word_1_289' title='bbox 2934 3290 3107 3337; x_wconf 87' lang='lat' dir='ltr'>meta</span> <span class='ocrx_word' id='word_1_290' title='bbox 3174 3289 3413 3349; x_wconf 55' lang='lat' dir='ltr'>terrem</span> 
     </span>
     <span class='ocr_line' id='line_1_27' title="bbox 707 3385 3415 3472; baseline 0.001 -26"><span class='ocrx_word' id='word_1_291' title='bbox 707 3385 947 3449; x_wconf 89' lang='lat' dir='ltr'>deinde</span> <span class='ocrx_word' id='word_1_292' title='bbox 992 3390 1076 3450; x_wconf 88' lang='lat' dir='ltr'>ad</span> <span class='ocrx_word' id='word_1_293' title='bbox 1121 3391 1416 3450; x_wconf 87' lang='lat' dir='ltr'>arborem</span> <span class='ocrx_word' id='word_1_294' title='bbox 1466 3391 1614 3472; x_wconf 86' lang='lat' dir='ltr'>fagy</span> <span class='ocrx_word' id='word_1_295' title='bbox 1661 3392 1780 3452; x_wconf 90' lang='lat' dir='ltr'>sub</span> <span class='ocrx_word' id='word_1_296' title='bbox 1827 3410 1954 3470; x_wconf 88' lang='lat' dir='ltr'>qua</span> <span class='ocrx_word' id='word_1_297' title='bbox 2000 3401 2097 3450; x_wconf 85' lang='lat' dir='ltr'>est</span> <span class='ocrx_word' id='word_1_298' title='bbox 2144 3401 2315 3451; x_wconf 81' lang='lat' dir='ltr'>meta</span> <span class='ocrx_word' id='word_1_299' title='bbox 2362 3401 2563 3451; x_wconf 89' lang='lat' dir='ltr'>terrea</span> <span class='ocrx_word' id='word_1_300' title='bbox 2611 3401 2673 3450; x_wconf 92' lang='lat' dir='ltr'>et</span> <span class='ocrx_word' id='word_1_301' title='bbox 2720 3391 2805 3450; x_wconf 93' lang='lat' dir='ltr'>ibi</span> <span class='ocrx_word' id='word_1_302' title='bbox 2852 3402 2946 3450; x_wconf 86' lang='lat' dir='ltr'>est</span> <span class='ocrx_word' id='word_1_303' title='bbox 2994 3389 3205 3450; x_wconf 87' lang='lat' dir='ltr'>Zadur</span> <span class='ocrx_word' id='word_1_304' title='bbox 3236 3409 3415 3452; x_wconf 88' lang='lat' dir='ltr'>com-</span> 
     </span>
     <span class='ocr_line' id='line_1_28' title="bbox 710 3503 3417 3582; baseline 0.001 -22"><span class='ocrx_word' id='word_1_305' title='bbox 710 3513 1078 3576; x_wconf 89' lang='lat' dir='ltr'>metaneus;</span> <span class='ocrx_word' id='word_1_306' title='bbox 1126 3504 1272 3563; x_wconf 90' lang='lat' dir='ltr'>inde</span> <span class='ocrx_word' id='word_1_307' title='bbox 1319 3503 1556 3565; x_wconf 86' lang='lat' dir='ltr'>directe</span> <span class='ocrx_word' id='word_1_308' title='bbox 1603 3505 1817 3564; x_wconf 90' lang='lat' dir='ltr'>eundo</span> <span class='ocrx_word' id='word_1_309' title='bbox 1877 3523 2095 3564; x_wconf 89' lang='lat' dir='ltr'>versus</span> <span class='ocrx_word' id='word_1_310' title='bbox 2154 3506 2466 3564; x_wconf 89' lang='lat' dir='ltr'>orientem</span> <span class='ocrx_word' id='word_1_311' title='bbox 2514 3504 2718 3564; x_wconf 86' lang='lat' dir='ltr'>tendit</span> <span class='ocrx_word' id='word_1_312' title='bbox 2762 3503 2846 3563; x_wconf 90' lang='lat' dir='ltr'>ad</span> <span class='ocrx_word' id='word_1_313' title='bbox 2890 3503 3190 3563; x_wconf 84' lang='lat' dir='ltr'>arborem</span> <span class='ocrx_word' id='word_1_314' title='bbox 3239 3504 3417 3582; x_wconf 81' lang='lat' dir='ltr'>tylye</span> 
     </span>
     <span class='ocr_line' id='line_1_29' title="bbox 711 3613 3419 3697; baseline 0.001 -25"><span class='ocrx_word' id='word_1_315' title='bbox 711 3613 892 3675; x_wconf 86' lang='lat' dir='ltr'>iuxta</span> <span class='ocrx_word' id='word_1_316' title='bbox 962 3635 1264 3697; x_wconf 88' lang='lat' dir='ltr'>magnam</span> <span class='ocrx_word' id='word_1_317' title='bbox 1334 3620 1519 3687; x_wconf 78' lang='lat' dir='ltr'>viam,</span> <span class='ocrx_word' id='word_1_318' title='bbox 1565 3617 1797 3678; x_wconf 88' lang='lat' dir='ltr'>deinde</span> <span class='ocrx_word' id='word_1_319' title='bbox 1859 3617 2034 3677; x_wconf 81' lang='lat' dir='ltr'>vadit</span> <span class='ocrx_word' id='word_1_320' title='bbox 2081 3617 2163 3676; x_wconf 93' lang='lat' dir='ltr'>ad</span> <span class='ocrx_word' id='word_1_321' title='bbox 2214 3627 2451 3677; x_wconf 90' lang='lat' dir='ltr'>metam</span> <span class='ocrx_word' id='word_1_322' title='bbox 2516 3629 2803 3688; x_wconf 89' lang='lat' dir='ltr'>terream,</span> <span class='ocrx_word' id='word_1_323' title='bbox 2851 3617 3027 3676; x_wconf 78' lang='lat' dir='ltr'>iuxta</span> <span class='ocrx_word' id='word_1_324' title='bbox 3078 3635 3273 3694; x_wconf 85' lang='lat' dir='ltr'>quam</span> <span class='ocrx_word' id='word_1_325' title='bbox 3321 3630 3419 3676; x_wconf 85' lang='lat' dir='ltr'>est</span> 
     </span>
     <span class='ocr_line' id='line_1_30' title="bbox 712 3725 3421 3808; baseline 0.002 -23"><span class='ocrx_word' id='word_1_326' title='bbox 712 3725 876 3805; x_wconf 86' lang='lat' dir='ltr'>lapis</span> <span class='ocrx_word' id='word_1_327' title='bbox 935 3731 1180 3807; x_wconf 81' lang='lat' dir='ltr'>positus</span> <span class='ocrx_word' id='word_1_328' title='bbox 1241 3750 1357 3808; x_wconf 85' lang='lat' dir='ltr'>pro</span> <span class='ocrx_word' id='word_1_329' title='bbox 1421 3741 1588 3790; x_wconf 88' lang='lat' dir='ltr'>meta</span> <span class='ocrx_word' id='word_1_330' title='bbox 1637 3742 1699 3791; x_wconf 89' lang='lat' dir='ltr'>et</span> <span class='ocrx_word' id='word_1_331' title='bbox 1749 3732 1831 3790; x_wconf 92' lang='lat' dir='ltr'>ibi</span> <span class='ocrx_word' id='word_1_332' title='bbox 1879 3743 2025 3790; x_wconf 88' lang='lat' dir='ltr'>sunt</span> <span class='ocrx_word' id='word_1_333' title='bbox 2071 3732 2501 3791; x_wconf 89' lang='lat' dir='ltr'>commetanei</span> <span class='ocrx_word' id='word_1_334' title='bbox 2568 3730 2811 3790; x_wconf 87' lang='lat' dir='ltr'>nobiles</span> <span class='ocrx_word' id='word_1_335' title='bbox 2858 3731 2939 3790; x_wconf 90' lang='lat' dir='ltr'>de</span> <span class='ocrx_word' id='word_1_336' title='bbox 2983 3731 3223 3807; x_wconf 85' lang='lat' dir='ltr'>Turya‚</span> <span class='ocrx_word' id='word_1_337' title='bbox 3270 3729 3421 3790; x_wconf 90' lang='lat' dir='ltr'>inde</span> 
     </span>
     <span class='ocr_line' id='line_1_31' title="bbox 715 3839 3419 3924; baseline 0.003 -28"><span class='ocrx_word' id='word_1_338' title='bbox 715 3839 890 3900; x_wconf 88' lang='lat' dir='ltr'>vadit</span> <span class='ocrx_word' id='word_1_339' title='bbox 937 3861 1152 3903; x_wconf 88' lang='lat' dir='ltr'>versus</span> <span class='ocrx_word' id='word_1_340' title='bbox 1199 3842 1526 3903; x_wconf 88' lang='lat' dir='ltr'>meridiem</span> <span class='ocrx_word' id='word_1_341' title='bbox 1575 3843 1656 3903; x_wconf 91' lang='lat' dir='ltr'>ad</span> <span class='ocrx_word' id='word_1_342' title='bbox 1703 3862 1895 3904; x_wconf 88' lang='lat' dir='ltr'>unam</span> <span class='ocrx_word' id='word_1_343' title='bbox 1944 3844 2239 3904; x_wconf 86' lang='lat' dir='ltr'>arborem</span> <span class='ocrx_word' id='word_1_344' title='bbox 2288 3863 2413 3922; x_wconf 86' lang='lat' dir='ltr'>que</span> <span class='ocrx_word' id='word_1_345' title='bbox 2460 3856 2725 3924; x_wconf 89' lang='lat' dir='ltr'>gertyan</span> <span class='ocrx_word' id='word_1_346' title='bbox 2774 3842 3017 3911; x_wconf 78' lang='lat' dir='ltr'>dicitur,</span> <span class='ocrx_word' id='word_1_347' title='bbox 3050 3843 3289 3904; x_wconf 89' lang='lat' dir='ltr'>deinde</span> <span class='ocrx_word' id='word_1_348' title='bbox 3334 3844 3419 3904; x_wconf 90' lang='lat' dir='ltr'>ad</span> 
     </span>
     <span class='ocr_line' id='line_1_32' title="bbox 713 3952 3419 4036; baseline 0.003 -26"><span class='ocrx_word' id='word_1_349' title='bbox 713 3952 1014 4014; x_wconf 87' lang='lat' dir='ltr'>arborem</span> <span class='ocrx_word' id='word_1_350' title='bbox 1083 3955 1253 4036; x_wconf 76' lang='lat' dir='ltr'>sagy,</span> <span class='ocrx_word' id='word_1_351' title='bbox 1321 3957 1439 4016; x_wconf 86' lang='lat' dir='ltr'>sub</span> <span class='ocrx_word' id='word_1_352' title='bbox 1511 3975 1636 4034; x_wconf 89' lang='lat' dir='ltr'>qua</span> <span class='ocrx_word' id='word_1_353' title='bbox 1705 3967 1800 4016; x_wconf 87' lang='lat' dir='ltr'>est</span> <span class='ocrx_word' id='word_1_354' title='bbox 1871 3967 2043 4016; x_wconf 87' lang='lat' dir='ltr'>meta</span> <span class='ocrx_word' id='word_1_355' title='bbox 2113 3969 2333 4025; x_wconf 83' lang='lat' dir='ltr'>terrea,</span> <span class='ocrx_word' id='word_1_356' title='bbox 2400 3956 2635 4016; x_wconf 88' lang='lat' dir='ltr'>deinde</span> <span class='ocrx_word' id='word_1_357' title='bbox 2704 3956 3095 4016; x_wconf 84' lang='lat' dir='ltr'>transeundo</span> <span class='ocrx_word' id='word_1_358' title='bbox 3159 3955 3419 4017; x_wconf 83' lang='lat' dir='ltr'>fluvium</span> 
     </span>
     <span class='ocr_line' id='line_1_33' title="bbox 713 4064 3425 4147; baseline 0.001 -21"><span class='ocrx_word' id='word_1_359' title='bbox 713 4064 774 4126; x_wconf 88' lang='lat' dir='ltr'><strong>T</strong></span> <span class='ocrx_word' id='word_1_360' title='bbox 779 4067 1018 4146; x_wconf 87' lang='lat' dir='ltr'>urycha</span> <span class='ocrx_word' id='word_1_361' title='bbox 1067 4069 1236 4129; x_wconf 89' lang='lat' dir='ltr'>vadit</span> <span class='ocrx_word' id='word_1_362' title='bbox 1281 4070 1366 4130; x_wconf 92' lang='lat' dir='ltr'>ad</span> <span class='ocrx_word' id='word_1_363' title='bbox 1412 4071 1706 4130; x_wconf 90' lang='lat' dir='ltr'>arborem</span> <span class='ocrx_word' id='word_1_364' title='bbox 1755 4070 1948 4147; x_wconf 82' lang='lat' dir='ltr'>tylye‚</span> <span class='ocrx_word' id='word_1_365' title='bbox 1996 4070 2115 4130; x_wconf 90' lang='lat' dir='ltr'>sub</span> <span class='ocrx_word' id='word_1_366' title='bbox 2165 4088 2291 4147; x_wconf 88' lang='lat' dir='ltr'>qua</span> <span class='ocrx_word' id='word_1_367' title='bbox 2324 4082 2421 4130; x_wconf 88' lang='grc' dir='ltr'>θεῖ</span> <span class='ocrx_word' id='word_1_368' title='bbox 2452 4081 2623 4130; x_wconf 89' lang='lat' dir='ltr'>meta</span> <span class='ocrx_word' id='word_1_369' title='bbox 2671 4080 2887 4140; x_wconf 86' lang='lat' dir='ltr'>terrea,</span> <span class='ocrx_word' id='word_1_370' title='bbox 2936 4068 3089 4128; x_wconf 87' lang='lat' dir='ltr'>inde</span> <span class='ocrx_word' id='word_1_371' title='bbox 3134 4070 3425 4130; x_wconf 86' lang='lat' dir='ltr'>ascendit</span> 
     </span>
     <span class='ocr_line' id='line_1_34' title="bbox 715 4179 3425 4264; baseline 0.001 -26"><span class='ocrx_word' id='word_1_372' title='bbox 715 4179 803 4239; x_wconf 91' lang='lat' dir='ltr'>ad</span> <span class='ocrx_word' id='word_1_373' title='bbox 851 4193 1138 4242; x_wconf 91' lang='lat' dir='ltr'>montem</span> <span class='ocrx_word' id='word_1_374' title='bbox 1188 4181 1582 4264; x_wconf 80' lang='lat' dir='ltr'>Keresthege</span> <span class='ocrx_word' id='word_1_375' title='bbox 1627 4183 1710 4242; x_wconf 92' lang='lat' dir='ltr'>ad</span> <span class='ocrx_word' id='word_1_376' title='bbox 1759 4183 2053 4244; x_wconf 89' lang='lat' dir='ltr'>arborem</span> <span class='ocrx_word' id='word_1_377' title='bbox 2101 4182 2357 4242; x_wconf 86' lang='lat' dir='ltr'>harasth</span> <span class='ocrx_word' id='word_1_378' title='bbox 2404 4183 2521 4242; x_wconf 76' lang='lat' dir='ltr'>sub</span> <span class='ocrx_word' id='word_1_379' title='bbox 2569 4201 2693 4261; x_wconf 87' lang='lat' dir='ltr'>qua</span> <span class='ocrx_word' id='word_1_380' title='bbox 2742 4192 2836 4242; x_wconf 86' lang='lat' dir='ltr'>est</span> <span class='ocrx_word' id='word_1_381' title='bbox 2886 4193 3057 4242; x_wconf 83' lang='lat' dir='ltr'>meta</span> <span class='ocrx_word' id='word_1_382' title='bbox 3107 4196 3311 4242; x_wconf 88' lang='lat' dir='ltr'>terrea</span> <span class='ocrx_word' id='word_1_383' title='bbox 3360 4195 3425 4242; x_wconf 89' lang='lat' dir='ltr'>et</span> 
     </span>
     <span class='ocr_line' id='line_1_35' title="bbox 715 4294 3425 4376; baseline 0.001 -24"><span class='ocrx_word' id='word_1_384' title='bbox 715 4311 909 4372; x_wconf 84' lang='lat' dir='ltr'>super</span> <span class='ocrx_word' id='word_1_385' title='bbox 969 4297 1248 4357; x_wconf 89' lang='lat' dir='ltr'>eundem</span> <span class='ocrx_word' id='word_1_386' title='bbox 1311 4309 1598 4357; x_wconf 88' lang='lat' dir='ltr'>montem</span> <span class='ocrx_word' id='word_1_387' title='bbox 1663 4296 1834 4356; x_wconf 82' lang='lat' dir='ltr'>vadit</span> <span class='ocrx_word' id='word_1_388' title='bbox 1879 4295 1963 4354; x_wconf 88' lang='lat' dir='ltr'>ad</span> <span class='ocrx_word' id='word_1_389' title='bbox 2011 4296 2305 4356; x_wconf 87' lang='lat' dir='ltr'>arborem</span> <span class='ocrx_word' id='word_1_390' title='bbox 2367 4295 2695 4376; x_wconf 80' lang='lat' dir='ltr'>gerthyan,</span> <span class='ocrx_word' id='word_1_391' title='bbox 2742 4294 2973 4355; x_wconf 89' lang='lat' dir='ltr'>deinde</span> <span class='ocrx_word' id='word_1_392' title='bbox 3046 4295 3263 4354; x_wconf 90' lang='lat' dir='ltr'>eundo</span> <span class='ocrx_word' id='word_1_393' title='bbox 3309 4314 3425 4374; x_wconf 89' lang='lat' dir='ltr'>per</span> 
     </span>
     <span class='ocr_line' id='line_1_36' title="bbox 719 4407 3425 4487; baseline 0.001 -23"><span class='ocrx_word' id='word_1_394' title='bbox 719 4417 927 4469; x_wconf 88' lang='lat' dir='ltr'>metas</span> <span class='ocrx_word' id='word_1_395' title='bbox 972 4410 1257 4487; x_wconf 88' lang='lat' dir='ltr'>pervenit</span> <span class='ocrx_word' id='word_1_396' title='bbox 1303 4410 1386 4470; x_wconf 86' lang='lat' dir='ltr'>ad</span> <span class='ocrx_word' id='word_1_397' title='bbox 1433 4411 1728 4470; x_wconf 88' lang='lat' dir='ltr'>arborem</span> <span class='ocrx_word' id='word_1_398' title='bbox 1777 4409 2029 4469; x_wconf 84' lang='lat' dir='ltr'>harasth</span> <span class='ocrx_word' id='word_1_399' title='bbox 2078 4409 2199 4468; x_wconf 80' lang='lat' dir='ltr'>sub</span> <span class='ocrx_word' id='word_1_400' title='bbox 2246 4427 2371 4487; x_wconf 91' lang='lat' dir='ltr'>qua</span> <span class='ocrx_word' id='word_1_401' title='bbox 2418 4418 2510 4467; x_wconf 87' lang='grc' dir='ltr'>θεῖ</span> <span class='ocrx_word' id='word_1_402' title='bbox 2561 4419 2733 4468; x_wconf 87' lang='lat' dir='ltr'>meta</span> <span class='ocrx_word' id='word_1_403' title='bbox 2780 4424 3001 4482; x_wconf 86' lang='lat' dir='ltr'>terrea,</span> <span class='ocrx_word' id='word_1_404' title='bbox 3048 4408 3199 4468; x_wconf 86' lang='lat' dir='ltr'>inde</span> <span class='ocrx_word' id='word_1_405' title='bbox 3250 4407 3425 4468; x_wconf 72' lang='lat' dir='ltr'>vadit</span> 
     </span>
     <span class='ocr_line' id='line_1_37' title="bbox 718 4517 3425 4599; baseline 0.002 -23"><span class='ocrx_word' id='word_1_406' title='bbox 718 4517 806 4576; x_wconf 88' lang='lat' dir='ltr'>ad</span> <span class='ocrx_word' id='word_1_407' title='bbox 851 4522 1146 4581; x_wconf 89' lang='lat' dir='ltr'>arborem</span> <span class='ocrx_word' id='word_1_408' title='bbox 1211 4541 1328 4599; x_wconf 88' lang='lat' dir='ltr'>nyr</span> <span class='ocrx_word' id='word_1_409' title='bbox 1377 4533 1436 4582; x_wconf 90' lang='lat' dir='ltr'>et</span> <span class='ocrx_word' id='word_1_410' title='bbox 1485 4523 1604 4582; x_wconf 88' lang='lat' dir='ltr'>sub</span> <span class='ocrx_word' id='word_1_411' title='bbox 1649 4543 1725 4584; x_wconf 89' lang='lat' dir='ltr'>ea</span> <span class='ocrx_word' id='word_1_412' title='bbox 1772 4535 1864 4583; x_wconf 91' lang='lat' dir='ltr'>est</span> <span class='ocrx_word' id='word_1_413' title='bbox 1916 4532 2085 4582; x_wconf 88' lang='lat' dir='ltr'>meta</span> <span class='ocrx_word' id='word_1_414' title='bbox 2146 4532 2367 4589; x_wconf 84' lang='lat' dir='ltr'>terrea,</span> <span class='ocrx_word' id='word_1_415' title='bbox 2431 4520 2663 4581; x_wconf 89' lang='lat' dir='ltr'>deinde</span> <span class='ocrx_word' id='word_1_416' title='bbox 2723 4521 2926 4581; x_wconf 86' lang='lat' dir='ltr'>tendit</span> <span class='ocrx_word' id='word_1_417' title='bbox 2988 4522 3073 4581; x_wconf 90' lang='lat' dir='ltr'>ad</span> <span class='ocrx_word' id='word_1_418' title='bbox 3130 4535 3425 4582; x_wconf 88' lang='lat' dir='ltr'>montem</span> 
     </span>
     <span class='ocr_line' id='line_1_38' title="bbox 723 4627 3429 4714; baseline 0.001 -24"><span class='ocrx_word' id='word_1_419' title='bbox 723 4627 1172 4694; x_wconf 86' lang='lat' dir='ltr'>Keurcuztune</span> <span class='ocrx_word' id='word_1_420' title='bbox 1239 4635 1322 4694; x_wconf 88' lang='lat' dir='ltr'>ad</span> <span class='ocrx_word' id='word_1_421' title='bbox 1391 4636 1687 4695; x_wconf 84' lang='lat' dir='ltr'>arborem</span> <span class='ocrx_word' id='word_1_422' title='bbox 1757 4636 1933 4714; x_wconf 84' lang='lat' dir='ltr'>tylyc</span> <span class='ocrx_word' id='word_1_423' title='bbox 2002 4635 2122 4695; x_wconf 90' lang='lat' dir='ltr'>sub</span> <span class='ocrx_word' id='word_1_424' title='bbox 2190 4653 2315 4713; x_wconf 89' lang='lat' dir='ltr'>qua</span> <span class='ocrx_word' id='word_1_425' title='bbox 2386 4643 2481 4694; x_wconf 88' lang='lat' dir='ltr'>est</span> <span class='ocrx_word' id='word_1_426' title='bbox 2552 4645 2721 4694; x_wconf 87' lang='lat' dir='ltr'>meta</span> <span class='ocrx_word' id='word_1_427' title='bbox 2790 4646 3011 4702; x_wconf 74' lang='lat' dir='ltr'>terrea,</span> <span class='ocrx_word' id='word_1_428' title='bbox 3058 4633 3297 4696; x_wconf 89' lang='lat' dir='ltr'>deinde</span> <span class='ocrx_word' id='word_1_429' title='bbox 3342 4635 3429 4695; x_wconf 87' lang='lat' dir='ltr'>ad</span> 
     </span>
     <span class='ocr_line' id='line_1_39' title="bbox 721 4746 3429 4826; baseline 0.001 -24"><span class='ocrx_word' id='word_1_430' title='bbox 721 4756 1014 4806; x_wconf 89' lang='lat' dir='ltr'>montem</span> <span class='ocrx_word' id='word_1_431' title='bbox 1065 4746 1254 4824; x_wconf 82' lang='lat' dir='ltr'>Vych</span> <span class='ocrx_word' id='word_1_432' title='bbox 1314 4746 1399 4806; x_wconf 87' lang='lat' dir='ltr'>ad</span> <span class='ocrx_word' id='word_1_433' title='bbox 1460 4747 1619 4808; x_wconf 84' lang='lat' dir='ltr'>duas</span> <span class='ocrx_word' id='word_1_434' title='bbox 1677 4749 1939 4808; x_wconf 86' lang='lat' dir='ltr'>arbores</span> <span class='ocrx_word' id='word_1_435' title='bbox 2000 4747 2315 4826; x_wconf 86' lang='lat' dir='ltr'>populeas</span> <span class='ocrx_word' id='word_1_436' title='bbox 2378 4748 2497 4806; x_wconf 87' lang='lat' dir='ltr'>sub</span> <span class='ocrx_word' id='word_1_437' title='bbox 2566 4747 2795 4826; x_wconf 84' lang='lat' dir='ltr'>quibus</span> <span class='ocrx_word' id='word_1_438' title='bbox 2842 4761 2936 4808; x_wconf 84' lang='grc' dir='ltr'>θεῖ</span> <span class='ocrx_word' id='word_1_439' title='bbox 2984 4759 3155 4807; x_wconf 89' lang='lat' dir='ltr'>meta</span> <span class='ocrx_word' id='word_1_440' title='bbox 3206 4761 3429 4816; x_wconf 76' lang='lat' dir='ltr'>terrea,</span> 
     </span>
     <span class='ocr_line' id='line_1_40' title="bbox 721 4857 3427 4938; baseline 0.001 -22"><span class='ocrx_word' id='word_1_441' title='bbox 721 4857 874 4918; x_wconf 92' lang='lat' dir='ltr'>inde</span> <span class='ocrx_word' id='word_1_442' title='bbox 921 4860 1093 4921; x_wconf 81' lang='lat' dir='ltr'>vadit</span> <span class='ocrx_word' id='word_1_443' title='bbox 1142 4861 1225 4920; x_wconf 88' lang='lat' dir='ltr'>ad</span> <span class='ocrx_word' id='word_1_444' title='bbox 1271 4860 1565 4920; x_wconf 85' lang='lat' dir='ltr'>arborem</span> <span class='ocrx_word' id='word_1_445' title='bbox 1614 4861 1767 4921; x_wconf 84' lang='lat' dir='ltr'>ilicis</span> <span class='ocrx_word' id='word_1_446' title='bbox 1813 4865 1975 4921; x_wconf 85' lang='lat' dir='ltr'>inter</span> <span class='ocrx_word' id='word_1_447' title='bbox 2021 4861 2180 4922; x_wconf 84' lang='lat' dir='ltr'>duas</span> <span class='ocrx_word' id='word_1_448' title='bbox 2228 4861 2419 4920; x_wconf 84' lang='lat' dir='ltr'>valles</span> <span class='ocrx_word' id='word_1_449' title='bbox 2466 4863 2652 4920; x_wconf 84' lang='lat' dir='ltr'>sitam</span> <span class='ocrx_word' id='word_1_450' title='bbox 2700 4871 2764 4920; x_wconf 89' lang='lat' dir='ltr'>et</span> <span class='ocrx_word' id='word_1_451' title='bbox 2804 4861 2925 4920; x_wconf 86' lang='lat' dir='ltr'>sub</span> <span class='ocrx_word' id='word_1_452' title='bbox 2956 4863 3088 4938; x_wconf 79' lang='lat' dir='ltr'>ipsa</span> <span class='ocrx_word' id='word_1_453' title='bbox 3124 4871 3219 4920; x_wconf 86' lang='lat' dir='ltr'>est</span> <span class='ocrx_word' id='word_1_454' title='bbox 3252 4873 3427 4920; x_wconf 89' lang='lat' dir='ltr'>meta</span> 
     </span>
     <span class='ocr_line' id='line_1_41' title="bbox 725 4973 3429 5052; baseline 0.001 -22"><span class='ocrx_word' id='word_1_455' title='bbox 725 4982 945 5048; x_wconf 89' lang='lat' dir='ltr'>terrea,</span> <span class='ocrx_word' id='word_1_456' title='bbox 991 4974 1227 5035; x_wconf 91' lang='lat' dir='ltr'>deinde</span> <span class='ocrx_word' id='word_1_457' title='bbox 1273 4975 1477 5035; x_wconf 88' lang='lat' dir='ltr'>tendit</span> <span class='ocrx_word' id='word_1_458' title='bbox 1521 4974 1606 5034; x_wconf 89' lang='lat' dir='ltr'>ad</span> <span class='ocrx_word' id='word_1_459' title='bbox 1650 4975 1945 5034; x_wconf 85' lang='lat' dir='ltr'>arborem</span> <span class='ocrx_word' id='word_1_460' title='bbox 1992 4975 2187 5052; x_wconf 84' lang='lat' dir='ltr'>tylye‚</span> <span class='ocrx_word' id='word_1_461' title='bbox 2218 4974 2337 5034; x_wconf 79' lang='lat' dir='ltr'>sub</span> <span class='ocrx_word' id='word_1_462' title='bbox 2369 4992 2495 5051; x_wconf 88' lang='lat' dir='ltr'>qua</span> <span class='ocrx_word' id='word_1_463' title='bbox 2528 4983 2621 5033; x_wconf 84' lang='lat' dir='ltr'>est</span> <span class='ocrx_word' id='word_1_464' title='bbox 2656 4985 2825 5033; x_wconf 88' lang='lat' dir='ltr'>meta</span> <span class='ocrx_word' id='word_1_465' title='bbox 2860 4989 3059 5034; x_wconf 88' lang='lat' dir='ltr'>terrea</span> <span class='ocrx_word' id='word_1_466' title='bbox 3096 4985 3157 5034; x_wconf 80' lang='lat' dir='ltr'>et</span> <span class='ocrx_word' id='word_1_467' title='bbox 3192 4973 3429 5034; x_wconf 87' lang='lat' dir='ltr'>deinde</span> 
     </span>
     <span class='ocr_line' id='line_1_42' title="bbox 727 5085 3427 5167; baseline 0.001 -23"><span class='ocrx_word' id='word_1_468' title='bbox 727 5090 1054 5149; x_wconf 87' lang='lat' dir='ltr'>revertitur</span> <span class='ocrx_word' id='word_1_469' title='bbox 1099 5088 1182 5148; x_wconf 89' lang='lat' dir='ltr'>ad</span> <span class='ocrx_word' id='word_1_470' title='bbox 1227 5089 1504 5167; x_wconf 87' lang='lat' dir='ltr'>priorem</span> <span class='ocrx_word' id='word_1_471' title='bbox 1567 5099 1806 5147; x_wconf 88' lang='lat' dir='ltr'>metam</span> <span class='ocrx_word' id='word_1_472' title='bbox 1871 5088 2084 5164; x_wconf 86' lang='lat' dir='ltr'>ibique</span> <span class='ocrx_word' id='word_1_473' title='bbox 2150 5089 2541 5146; x_wconf 82' lang='lat' dir='ltr'>terminatur.</span> <span class='ocrx_word' id='word_1_474' title='bbox 2590 5085 2870 5146; x_wconf 83' lang='lat' dir='ltr'>Nomina</span> <span class='ocrx_word' id='word_1_475' title='bbox 2932 5097 3147 5147; x_wconf 86' lang='lat' dir='ltr'>autem</span> <span class='ocrx_word' id='word_1_476' title='bbox 3202 5105 3427 5146; x_wconf 81' lang='lat' dir='ltr'>eorum</span> 
     </span>
    </p>
   </div>
   <div class='ocr_carea' id='block_1_3' title="bbox 3748 10 3790 1009">
    <p class='ocr_par' dir='ltr' id='par_1_3' title="bbox 3748 10 3790 1009">
     <span class='ocr_line' id='line_1_43' title="bbox 3748 10 3790 1009; baseline 0 0"><span class='ocrx_word' id='word_1_477' title='bbox 3748 10 3790 1009; x_wconf 95' lang='lat' dir='ltr'> </span> 
     </span>
    </p>
   </div>
  </div>
 </body>
</html>
