3797 5795
1885 356 2293 419 -204-

735 550 1028 629 qualibet
1097 551 1436 630 assignata.
1481 546 1677 611 Cuius
1741 550 1945 628 prima
2018 558 2189 607 meta
2258 547 2475 625 incipit
2534 567 2573 607 a
2636 543 2831 607 fluuio
2898 543 3105 623 Culpa
3166 564 3205 604 a
3262 554 3443 622 parte

738 662 1028 724 orientali
1063 672 1126 723 et
1161 662 1332 723 vadit
1363 682 1476 741 per
1516 679 1710 723 vnam
1759 660 2071 721 malacam
2120 678 2334 720 versus
2380 659 2781 720 occidentem
2829 676 3033 736 usque
3062 656 3147 717 ad
3180 654 3439 717 fluuium

745 774 958 854 Izi-yn¹
1004 778 1178 836 iuxta
1227 786 1458 835 terram
1507 776 1690 835 castri
1738 772 2103 836 Goricensis
2150 773 2252 833 vbi
2298 782 2393 833 est
2442 784 2612 833 meta
2659 785 2861 832 terrea
2906 782 2972 831 et
3004 770 3153 833 inde
3184 788 3299 848 per
3330 767 3441 829 flu-

741 892 915 949 uium
966 889 1144 967 Izryn
1193 899 1254 949 et
1303 891 1365 949 in
1412 888 1646 949 eodem
1709 886 1880 947 vadit
1928 906 2145 949 uersus
2197 886 2595 947 occidentem
2653 903 2856 963 usque
2900 884 2985 945 ad
3033 884 3191 945 duas
3240 891 3441 943 metas

739 1014 990 1076 terreaS,
1037 1005 1098 1062 in
1147 1004 1378 1080 quibus
1438 1010 1581 1061 sunt
1645 1001 1772 1061 due
1834 1002 2092 1061 arbores
2155 1019 2281 1079 que
2326 998 2611 1081 gertansa
2660 1008 2969 1059 uocantur
3017 1000 3077 1057 in
3126 998 3285 1057 silua
3334 1014 3441 1075 pa-

738 1116 984 1187 ludosa,
1031 1118 1092 1175 in
1140 1133 1267 1194 qua
1329 1113 1499 1175 vadit
1562 1116 1845 1193 superius
1909 1113 1992 1175 ad
2040 1124 2277 1175 metam
2348 1123 2615 1173 terream
2665 1123 2731 1173 et
2775 1114 2951 1193 signa
3000 1114 3061 1171 in
3110 1110 3440 1170 arboribus

737 1233 804 1289 in
851 1230 1301 1289 conuicinitate
1363 1237 1525 1289 terre
1586 1230 1768 1287 castri
1817 1227 1902 1288 ad
1949 1229 2192 1287 exitum
2248 1224 2532 1287 eiusdem
2580 1226 2737 1287 silue
2783 1224 3097 1304 paludose
3142 1224 3246 1285 ubi
3298 1236 3439 1283 sunt

735 1343 867 1404 due
928 1351 1098 1401 mete
1161 1352 1363 1401 terree
1423 1352 1486 1401 et
1534 1340 1682 1401 inde
1728 1340 1904 1401 uadit
1950 1359 2064 1419 per
2108 1340 2331 1401 siluam
2381 1358 2505 1417 que
2551 1338 2747 1420 ligetk
2798 1348 3059 1399 uocatur
3106 1356 3312 1418 usque
3360 1335 3442 1396 ad

733 1464 998 1516 stratam
1049 1455 1390 1533 publicam,
1439 1473 1563 1531 que
1611 1454 1787 1515 uadit
1819 1453 1901 1513 de
1934 1452 2201 1513 ecclesia
2244 1454 2446 1513 sancti
2486 1451 2711 1532 Jacobi
2757 1470 2976 1513 uersus
3024 1452 3236 1512 locum
3272 1452 3441 1511 curie

732 1570 925 1628 castri⁴
973 1565 1336 1629 Goricensis
1381 1570 1542 1628 inter
1590 1568 1993 1628 occidentem
2026 1576 2089 1627 et
2123 1564 2452 1627 meridiem
2486 1576 2548 1626 et
2582 1565 2682 1627 illa
2731 1578 2926 1627 strata
2973 1563 3227 1644 publica
3270 1564 3443 1625 uadit

727 1699 888 1741 cum
935 1683 1120 1741 metis
1166 1683 1383 1741 terreis
1429 1692 1492 1740 et
1537 1682 1732 1761 signis
1778 1682 1840 1740 in
1887 1680 2220 1740 arboribus
2266 1698 2469 1757 usque
2513 1679 2595 1739 ad
2644 1678 2972 1757 quendam
3020 1677 3441 1738 monticulum

736 1796 918 1853 iuxta
983 1806 1218 1853 terram
1277 1796 1464 1854 castri
1535 1795 1870 1853 memorati
1932 1804 1995 1853 et
2058 1793 2141 1853 ibi
2202 1792 2418 1853 relicta
2464 1792 2567 1853 illa
2612 1795 2710 1853 via
2758 1792 2841 1853 ad
2886 1792 3221 1853 dexteram
3273 1790 3441 1851 vadit

737 1925 953 1967 versus
1001 1906 1328 1967 meridiem
1378 1925 1492 1985 per
1538 1916 1792 1966 montes
1836 1917 1903 1966 et
1949 1916 2151 1966 metas
2195 1915 2430 1965 terreas
2476 1915 2541 1965 et
2586 1907 2767 1985 signa
2814 1916 2876 1966 et
2922 1905 3073 1966 inde
3105 1903 3431 1965 descendit

733 2022 918 2079 iuxta
981 2018 1254 2080 eandem
1317 2030 1546 2079 terram
1609 2020 1797 2080 castri
1857 2020 1921 2079 in
1986 2037 2173 2079 vnam
2224 2018 2473 2092 vallem,
2519 2020 2581 2079 in
2630 2037 2756 2096 qua
2802 2030 2896 2079 est
2946 2020 3043 2078 via
3092 2036 3217 2095 que
3264 2018 3439 2080 uadit

730 2133 820 2193 de
867 2133 1012 2193 loco
1080 2134 1251 2193 curie
1321 2129 1706 2193 Goriciensis
1772 2132 1855 2192 ad
1926 2131 2195 2192 domum
2246 2131 2604 2209 Vtmyzlaw
2666 2150 2883 2192 uersus
2954 2130 3286 2191 meridiem
3335 2132 3437 2192 ubi

727 2256 884 2306 sunt
933 2257 1103 2306 mete
1148 2255 1350 2306 terree
1395 2258 1458 2304 et
1505 2243 1739 2305 deinde
1783 2244 2134 2325 regreditur
2180 2263 2397 2305 uersus
2443 2246 2755 2305 orientem
2801 2246 2861 2303 in
2897 2262 3087 2303 vnam
3137 2262 3439 2324 magnam

737 2359 968 2418 vallem
1013 2358 1122 2418 ubi
1169 2370 1263 2418 est
1312 2369 1481 2418 meta
1529 2368 1730 2419 terrea
1777 2370 1839 2417 et
1887 2357 2036 2416 inde
2081 2376 2195 2436 per
2240 2357 2502 2417 easdem
2548 2367 2759 2436 partes
2805 2358 2973 2417 venit
3020 2356 3105 2418 ad
3136 2376 3437 2438 magnam

737 2471 958 2547 tyliam
1008 2484 1071 2531 et
1118 2471 1267 2531 inde
1331 2490 1443 2549 per
1506 2482 1709 2532 metas
1771 2473 1993 2532 transit
2042 2472 2103 2531 in
2152 2469 2417 2531 fluuium
2482 2468 2803 2531 Zalaztnik
2850 2488 3067 2531 versus
3113 2472 3443 2543 orientem,

735 2584 800 2642 in
851 2602 980 2663 quo
1027 2586 1252 2644 iterum
1300 2584 1469 2644 cadit
1515 2586 1577 2644 in
1625 2584 1885 2645 fluuium
1961 2582 2165 2663 Culpa
2210 2583 2641 2663 supradictum
2689 2594 2751 2643 et
2797 2582 2880 2641 ibi
2932 2584 3320 2643 terminatur.
3370 2582 3443 2641 In

735 2699 915 2757 cuius
963 2699 1045 2757 rei
1096 2699 1529 2757 testimonium
1577 2708 1904 2776 presentes
1950 2696 2336 2757 contulimus
2380 2696 2557 2778 sigilli
2608 2698 2802 2756 nostri
2851 2696 3205 2756 munimine
3251 2695 3441 2755 robo-

737 2820 921 2869 ratas
969 2808 1209 2870 Datum
1257 2830 1370 2889 per
1419 2828 1644 2871 manus
1693 2812 1967 2891 magistri
2020 2809 2347 2871 Michaelis
2392 2810 2645 2870 lectoris
2690 2809 2953 2869 ecclesie
3000 2818 3217 2869 nostre
3262 2826 3440 2867 anno

729 2923 820 2981 ab
867 2925 1311 2984 incarnacione
1358 2924 1601 2984 domini
1649 2919 2163 2986 M⁰.CC⁰.LX⁰.
2211 2927 2435 3002 prime.

921 3115 1218 3189 Original
1259 3136 1300 3172 u
1343 3116 1432 3172 kr.
1486 3115 1811 3190 ngat-skom
1859 3117 2187 3173 drfiavnom
2235 3116 2457 3174 arkiz’u
2491 3137 2529 3173 u
2566 3117 2954 3191 Budt'mpesti
2998 3115 3088 3171 M.
3133 3116 3202 3173 O.
3239 3115 3318 3170 D.
3368 3113 3441 3170 L.

737 3223 974 3280 35J49.
1029 3223 1218 3279 Stara
1266 3222 1596 3294 signatura
1617 3243 1636 3276 .·
1681 3221 1968 3278 Actorum
2016 3223 2378 3279 monasterii
2420 3223 2497 3279 de
2550 3221 2898 3278 Kamensko
2926 3223 3108 3296 fasa
3158 3221 3207 3278 l.
3245 3239 3338 3276 no.
3392 3223 3440 3271 1.

733 3359 821 3367 —
887 3327 995 3383 Asa
1060 3323 1266 3385 listini
1307 3346 1339 3381 s
1383 3327 1526 3382 dola
1587 3325 1746 3383 blizu
1793 3326 2018 3400 liJevog
2062 3325 2209 3399 ugla
2255 3327 2379 3382 visi
2420 3325 2707 3384 komadic'
2746 3323 3193 3401 pergamenske
3234 3325 3443 3382 vezice

735 3429 838 3486 bez
873 3436 1119 3505 pedatu.
1169 3465 1254 3471 -—-
1301 3429 1676 3504 Kukuljevic‘
1717 3432 1858 3504 leeg.
1910 3449 2003 3486 no.
2060 3434 2183 3486 319.

1999 3720 2187 3799 710.

735 3875 935 3939 1261.
993 3879 1051 3942 U
1098 3877 1452 3961 Zaqrebu.
1521 3885 1526 3890 “

740 4063 921 4125 Pred
964 4069 1298 4151 kaptolom
1347 4068 1797 4154 zagrebassz‘m
1840 4068 2124 4152 prodaje
2170 4066 2479 4152 Andrz‘ja
2529 4069 2818 4131 Adarkov
2862 4068 3045 4129 bonu
3094 4065 3431 4128 Rolandu

1853 4181 2038 4265 svoje
2082 4181 2329 4266 zemlje.

857 4389 862 4396 ·
912 4372 1277 4454 Capitulum
1324 4376 1760 4456 Zagrabiensis
1805 4373 2071 4435 ecclesie
2104 4374 2402 4434 omnibus
2432 4391 2691 4452 presens
2722 4375 3023 4450 scriptum
3061 4374 3442 4450 inspecturis

723 4483 1000 4548 :salutem
1053 4491 1112 4548 in
1162 4488 1447 4550 domine.
1497 4486 1607 4549 Ad
1655 4490 2092 4549 universorum
2144 4489 2446 4548 noticiam
2494 4486 2713 4547 harum
2759 4486 2917 4546 serie
2966 4486 3257 4546 volumus
3296 4504 3445 4564 per—

727 4600 963 4668 venire,
1009 4601 1187 4680 quod
1257 4603 1614 4662 constitutis
1659 4603 1723 4661 in
1771 4610 1988 4660 nostra
2056 4601 2383 4680 presencia
2449 4599 2531 4659 ab
2599 4617 2723 4660 una
2790 4609 2973 4678 parte
3041 4597 3235 4659 nobili
3300 4601 3443 4659 viro

730 4707 1030 4775 Rolando
1099 4717 1272 4776 bano
1342 4718 1546 4775 tocius
1613 4713 1952 4776 Sclavonie
1997 4725 2061 4774 et
2106 4714 2189 4772 ab
2236 4712 2431 4773 altera
2498 4711 2754 4774 Endree
2824 4711 2953 4772 filio
3002 4711 3217 4786 Marci,
3263 4711 3441 4772 idem

731 4820 988 4889 Endree
1050 4838 1284 4889 terram
1346 4847 1526 4889 suam
1591 4830 1853 4888 nomine
1919 4825 2219 4908 Guergeu
2266 4844 2411 4886 cum
2460 4826 2759 4886 omnibus
2818 4825 3202 4895 utilitatibus,
3246 4827 3445 4904 perti-

727 4944 972 5002 nenciis
1020 4953 1084 5002 et
1129 4942 1524 5021 appendiciis
1569 4942 1696 5002 suis
1741 4942 1860 5001 sub
1909 4941 2095 5001 metis
2142 4941 2203 4998 in
2251 4938 2578 5018 privilegio
2624 4937 2913 5016 Dyonisii
2961 4938 3241 4999 condam
3287 4938 3441 4998 bani

917 5098 926 5126 ¹
973 5058 1185 5165 Kasniji
1228 5096 1464 5163 prijepis
1501 5097 1644 5146 ima:
1688 5094 1848 5162 Bryn.
