3797 5795
1532 385 1800 450 —525
1864 420 1942 430 -—

1650 696 1842 777 987.

418 872 605 950 1270,
645 871 705 935 6.
753 872 1016 936 marta..
1061 870 1123 937 U
1166 848 1441 937 Zelinu.

424 1060 619 1124 Petar
674 1059 995 1123 naffelm'k
1059 1059 1096 1123 i
1155 1059 1359 1143 cz'jela
1428 1028 1689 1146 opc‘z'na'
1732 1060 2122 1147 petrz‘nylrka
2191 1060 2418 1125 obn'c‘u
2467 1064 2647 1149 pred
2713 1064 3102 1128 Henrikom

426 1172 658 1251 banom,
701 1174 793 1236 da
839 1178 908 1237 ὗε
952 1172 1261 1259 z'splatz‘tt'
1317 1172 1610 1259 bz'skupu
1678 1175 2194 1260 zagrebaekomu
2275 1176 2340 1238 Τ
2333 1175 2614 1262 imoteju
2682 1177 2918 1241 dufinu
2994 1180 3105 1241 de-

1179 1286 1413 1350 setz'nu
1460 1285 1495 1349 ι’
1526 1287 1791 1371 ῥίαέαίί
1817 1288 1908 1372 ju
1957 1310 2006 1351 u
2051 1288 2327 1351 buduc‘e.

586 1478 717 1539 Nos
765 1479 1079 1543 Henricus
1122 1480 1329 1541 banus
1374 1483 1581 1542 tocius
1624 1480 1966 1544 Sclauonie
2013 1480 2442 1563 significamus
2501 1484 2806 1543 vniuersis
2873 1484 3107 1563 quibus

432 1591 668 1670 expedit
731 1595 1043 1653 memorie
1101 1592 1638 1655 commendantes
1696 1594 2098 1671 presencium
2159 1612 2274 1673 per
2332 1604 2642 1670 tenorem,
2717 1594 2894 1675 quod
2956 1613 3106 1656 cum

433 1705 631 1767 Petrus
672 1704 840 1767 filius
897 1706 1222 1786 Rodolphi
1284 1709 1487 1768 maior
1546 1706 1691 1767 ville
1751 1706 1833 1767 de
1894 1706 2143 1767 Petrina
2189 1718 2253 1767 et
2298 1708 2470 1768 ciues
2515 1706 2599 1768 de
2645 1707 2876 1768 eadem
2944 1706 3108 1781 villa,

433 1836 501 1877 ac
540 1818 629 1879 alii
674 1818 972 1880 homines
1015 1819 1102 1880 ad
1145 1822 1352 1899 ipsam
1396 1829 1760 1900 spectantes
1806 1822 1913 1899 qui
1955 1831 2279 1881 terrestres
2323 1820 2632 1890 dicuntur,
2680 1820 3106 1901 denegassent

436 1928 571 1990 dare
612 1930 895 1991 decimas
932 1951 1076 1993 suas
1106 1935 1170 1993 in
1202 1935 1414 2013 specie
1459 1934 1801 1995 venerabili
1846 1936 2010 2012 patri
2056 1933 2322 1994 domino
2367 1933 2759 1996 Thimotheo
2805 1936 3112 2013 episcopo

438 2042 837 2123 Zagrabiensi,
902 2044 1154 2127 frugum
1222 2046 1476 2121 scilicet,
1542 2048 1687 2121 vini,
1758 2046 1952 2121 millii,
2021 2065 2216 2126 apum
2280 2057 2345 2108 et
2413 2049 2657 2107 minuta
2719 2047 3115 2122 earumdem,

438 2154 604 2233 kytas
658 2156 973 2229 videlicet,
1038 2158 1305 2240 gallinas
1365 2170 1427 2220 et
1489 2160 1810 2221 decimam
1860 2160 1943 2221 de
1989 2159 2280 2221 custodia
2340 2178 2704 2239 porcorum,
2773 2178 2899 2237 que
2945 2160 3114 2243 wlgo

439 2268 689 2347 polyche
754 2270 1064 2345 dicuntur,
1110 2290 1185 2331 ac
1245 2272 1569 2334 decimam
1626 2273 1842 2334 tributi
1906 2274 2042 2346 sori,
2089 2291 2208 2333 nec
2273 2291 2404 2333 non
2467 2272 2748 2333 mediam
2796 2272 3116 2333 decimam

442 2385 825 2459 precessorie,
854 2402 981 2464 que
1009 2386 1311 2446 uicesima
1356 2386 1600 2461 dicitur,
1645 2395 1835 2465 prout
1880 2385 2035 2447 alias
2079 2384 2232 2446 dare
2265 2395 2328 2445 et
2359 2385 2608 2447 soluere
2654 2396 3120 2448 consueuerant

443 2506 499 2554 et
539 2495 850 2557 decimam
897 2516 1227 2579 agnorum.
1272 2498 1355 2560 Et
1403 2509 1665 2578 propter
1696 2499 1820 2560 hoc
1851 2498 2024 2560 idem
2072 2498 2372 2559 dominus
2416 2500 2756 2578 episcopus
2800 2501 3123 2578 premissis

444 2607 716 2689 legitimis
775 2612 1359 2673 ammonicionibus
1418 2622 1483 2673 et
1542 2612 2031 2673 induccionibus
2091 2610 2486 2687 salutaribuS,
2533 2613 2693 2673 sicut
2755 2614 2948 2672 moris
3008 2622 3122 2685 est,

448 2738 579 2781 cum
606 2723 913 2802 proficere
946 2742 1075 2784 non
1106 2726 1433 2803 potuisset,
1465 2744 1611 2787 curn
1643 2725 1887 2786 eisdem
1920 2735 1984 2785 et
2008 2726 2400 2785 sentenciam
2426 2726 3123 2786 excommunicacionis

451 2832 671 2896 tulisset
714 2838 778 2896 in
824 2839 1071 2917 scriptis
1116 2840 1179 2897 in
1225 2848 1429 2900 certas
1472 2857 1783 2920 personas
1827 2838 1911 2901 de
1957 2836 2188 2900 eadem
2232 2836 2379 2899 villa
2423 2837 2676 2899 Petrina
2715 2846 2780 2899 et
2811 2838 3124 2900 interdicti

453 2959 655 3009 contra
710 2961 919 3011 totam
977 2952 1191 3014 villam
1238 2962 1302 3014 et
1348 2952 1643 3014 homines
1703 2961 2030 3013 terrestres
2076 2950 2161 3013 ad
2207 2952 2412 3031 ipsam
2473 2951 2684 3012 villam
2750 2960 3135 3031 spectantes,

454 3057 729 3123 Tandem
796 3073 1208 3142 procuratore
1275 3084 1389 3126 seu
1454 3067 1691 3126 nuncio
1758 3065 2135 3126 venerabilis
2191 3067 2390 3143 patris
2451 3063 2700 3124 domini
2766 3063 3136 3125 Thimothei

458 3173 716 3254 episcopi
776 3180 1115 3239 memorati
1176 3197 1262 3240 ex
1318 3189 1499 3258 parte
1559 3198 1686 3240 vna
1730 3187 1795 3240 et
1840 3178 2032 3240 Petro
2077 3177 2319 3239 maiore
2379 3175 2524 3238 ville
2584 3176 2665 3238 de
2729 3177 3002 3253 Petrina,
3065 3195 3141 3238 ac

461 3285 825 3361 quibusdam
869 3290 1005 3351 aliis
1050 3292 1293 3354 ciuibus
1323 3290 1407 3353 de
1436 3291 1667 3354 eadem
1700 3291 1861 3362 villa,
1893 3291 2069 3352 dicto
2113 3290 2321 3352 villico
2369 3292 2632 3351 nomine
2663 3289 2807 3351 ville
2844 3291 3139 3351 assisten-

462 3397 628 3474 tibus,
684 3403 922 3464 scilicet
984 3404 1221 3483 Woyn,
1280 3404 1507 3481 Pousa,
1566 3405 1698 3467 filio
1757 3403 2073 3484 Sydonin,
2120 3423 2340 3466 coram
2399 3403 2587 3465 nobis
2645 3403 3008 3464 constitutis
3055 3422 3139 3464 ex

462 3507 671 3590 altera;
714 3515 887 3576 idem
934 3513 1205 3600 P(etrus)
1253 3517 1337 3580 de
1381 3517 1711 3581 uoluntate
1756 3518 2080 3599 hospitum
2128 3517 2212 3580 de
2257 3518 2510 3580 Petrina
2539 3535 2616 3578 ac
2645 3517 2796 3578 socii
2846 3515 3132 3577 eiusdem

463 3625 723 3703 predicti,
770 3630 881 3709 qui
924 3648 1143 3692 secum
1190 3633 1255 3690 in
1298 3635 1769 3710 presenciarum
1828 3631 2116 3705 aderant,
2157 3632 2422 3710 prestito
2483 3638 2887 3692 sacramento
2959 3629 3148 3690 tactis

464 3740 636 3801 sacn’s
676 3741 1009 3804 codicibus
1051 3745 1565 3826 ewangeliorum,
1601 3747 1761 3805 sicut
1806 3743 2002 3805 iidem
2048 3759 2268 3803 coram
2299 3743 2486 3804 nobis
2531 3753 2677 3804 sunt
2723 3741 3014 3816 confessi,
3059 3741 3145 3803 ad

466 3863 565 3910 cor
603 3853 959 3930 redeunteS,
1001 3869 1479 3937 assumpserunt
1538 3858 1622 3919 de
1681 3858 2032 3932 uoluntate,
2074 3865 2147 3917 ut
2191 3857 2608 3935 premisimuS,
2653 3873 2990 3929 consensu,
3034 3855 3150 3916 be-

468 3964 767 4043 neplacito
812 3987 891 4029 ac
936 3987 1243 4048 expresso
1306 3970 1614 4032 mandato
1680 3970 2006 4050 hospitum
2052 3967 2464 4030 eorumdem:
2508 3967 2685 4048 quod
2734 3968 3038 4047 deinceps
3082 3969 3149 4028 in

466 4085 639 4140 antea
666 4083 961 4143 omnium
990 4093 1490 4144 rerum-suarum
1520 4086 1715 4145 iustas
1744 4083 2030 4145 decimas
2075 4083 2330 4163 frugum
2367 4079 2621 4154 scilicet,
2652 4082 2798 4156 uini,
2827 4097 3146 4162 agnorum

468 4203 665 4270 apum,
708 4213 786 4256 ac
832 4193 917 4256 de
962 4195 1250 4257 custodia
1295 4215 1639 4275 porcorum
1686 4216 1812 4272 que
1852 4195 2131 4276 polyche
2177 4194 2491 4268 dicuntur,
2537 4193 2782 4255 dabunt
2828 4195 2892 4253 in
2939 4195 3155 4272 specie

469 4309 591 4365 tam
647 4307 767 4386 ipsi
827 4306 1109 4386 hospites
1154 4327 1351 4390 quam
1394 4309 1482 4371 ad
1526 4308 1790 4371 eosdem
1852 4317 2218 4388 spectantes
2279 4308 2387 4385 qui
2453 4317 2779 4367 terrestres
2841 4305 3156 4368 dicuntur.

472 4415 619 4480 Item
662 4439 783 4501 pro
830 4422 1089 4484 minutis
1134 4422 1413 4498 decimis,
1458 4422 1634 4484 millii
1679 4422 1933 4498 scilicet,
1963 4421 2262 4502 kytarum
2310 4431 2376 4482 et
2417 4419 2813 4502 gallinarum,
2857 4428 2992 4480 tam
3039 4421 3156 4499 ipsi

472 4530 757 4612 hospites,
803 4552 1001 4614 quam
1058 4535 1161 4597 alii
1221 4535 1513 4598 homines
1572 4546 1897 4598 terrestres
1957 4535 2040 4596 ad
2100 4535 2305 4613 ipsam
2367 4533 2583 4595 uillam
2649 4541 3030 4612 spectanteS,
3080 4550 3158 4593 ac

472 4645 662 4710 eciam
722 4648 954 4710 sellarii
1011 4649 1389 4711 eorumdem
1448 4649 1773 4729 hospitum
1822 4648 1906 4709 de
1949 4647 2210 4730 singulis
2255 4648 2462 4721 fumis„
2508 4645 2791 4726 singulos
2835 4643 3003 4705 duos
3047 4644 3160 4706 de-

474 4762 673 4822 narios
718 4761 872 4822 dare
916 4771 983 4822 et
1022 4762 1272 4825 soluere
1317 4764 1721 4825 tenebuntur.
1769 4760 1950 4824 Alias
1995 4779 2150 4822 uero
2194 4759 2478 4820 decimas
2523 4759 2862 4838 premissas
2908 4757 3062 4818 dare
3095 4759 3159 4818 in

474 4877 677 4951 specie
708 4875 1041 4937 debebunt
1084 4876 1436 4938 secundum
1472 4875 1739 4938 modurn
1770 4875 2060 4953 superius
2089 4881 2488 4934 annotatum.
2533 4869 2647 4933 Ad
2676 4870 2795 4930 hec
2825 4871 3169 4948 assumpsit

476 4987 639 5050 idem
683 4988 907 5051 Petrus
954 4991 1157 5051 maior
1200 4989 1345 5050 ville
1389 4999 1451 5050 et
1498 4989 1763 5068 predicti
1808 4988 1964 5049 socii
2009 4984 2296 5048 eiusdem
2355 4985 2616 5046 nomine
2662 4981 2947 5063 predicte
3015 4981 3166 5044 ville

477 5118 537 5169 et
580 5104 908 5180 mandato,
954 5102 1131 5182 quod
1192 5105 1449 5165 racione
1509 5102 1758 5163 decime
1818 5099 2036 5161 tributi
2097 5099 2216 5161 sori
2275 5097 2420 5160 ville
2465 5097 2807 5178 sepedicte,
2850 5105 2990 5157 tam
3035 5097 3174 5176 ipse
