3797 5795
368 885 573 964 1268,
623 886 684 949 5.
732 883 1099 951 februara.
1152 885 1209 950 U
1256 885 1520 950 Zadru.

376 1072 649 1136 Pas-liri
688 1095 733 1135 u
785 1073 1077 1136 Brdz'ma
1123 1075 1439 1159 obvezuju
1486 1098 1556 1138 sc
1600 1083 2001 1139 samostanu
2046 1099 2142 1139 sv.
2191 1077 2554 1140 Krffevana
2601 1099 2649 1139 u
2698 1077 2828 1140 ime
2890 1079 3069 1140 dane

1192 1187 1284 1250 lm
1332 1189 1563 1274 zemlje
1610 1189 1852 1252 (lavati
1890 1188 2252 1252 defvrfz'na.

546 1379 615 1439 In
681 1378 908 1442 Christi
972 1383 1248 1441 nomine.
1315 1379 1511 1441 Anno
1573 1383 2021 1442 incarnationis
2081 1382 2366 1442 eiusdem
2435 1383 2770 1443 millesimo
2842 1383 3076 1444 ducen-

368 1494 599 1552 tesimo
645 1495 1049 1573 sexagesimo
1081 1496 1375 1572 septimo,
1410 1497 1643 1554 mensis
1675 1495 1985 1565 februarii,
2017 1495 2119 1555 die
2152 1499 2368 1574 quinta
2407 1497 2696 1568 intrante,
2731 1497 3076 1557 indictione

372 1605 727 1673 undecima,
751 1605 955 1685 Jadre.
1002 1607 1431 1684 Temporibus
1478 1607 1722 1666 domini
1774 1607 2067 1685 Raynerii
2117 1606 2280 1669 Geni
2332 1610 2522 1668 incliti
2575 1609 2754 1670 ducis
2801 1610 3075 1671 Venetie

370 1734 432 1777 et
486 1720 759 1800 magistri
810 1719 1132 1780 Laurentii
1180 1720 1553 1780 venerabilis
1591 1720 1913 1800 jadrensis
1958 1721 2431 1800 archicpiscopi,
2480 1741 2554 1781 ac
2600 1722 2847 1802 Phylipi
2895 1722 3076 1784 Mau-

371 1833 583 1891 roceni
631 1834 861 1912 egregii
909 1834 1173 1891 comitis.
1240 1833 1373 1892 Nos
1426 1833 1821 1893 Radoslauus
1870 1832 2032 1893 filius
2064 1834 2392 1912 quondam
2441 1834 2638 1894 Berco
2673 1834 3075 1908 deuornicuS,

372 1943 666 2004 Millenus
727 1943 887 2004 filius
948 1945 1279 2024 quondam
1344 1946 1662 2017 Bratoscii,
1724 1945 2025 2008 Obradus
2086 1947 2249 2006 filius
2313 1947 2642 2024 quondam
2711 1948 2889 2022 Petri,
2951 1949 3073 2008 Ra-

370 2057 625 2116 doscius
671 2057 909 2118 Sfenda
957 2055 1117 2117 filius
1166 2059 1495 2135 quondam
1545 2059 1897 2132 Dollibrati,
1941 2059 2234 2120 Millenus
2281 2059 2443 2120 filius
2493 2060 2823 2138 quondam
2869 2060 3076 2134 Vlcte,

371 2168 813 2231 Dobroslauus
874 2169 1035 2231 filius
1100 2171 1427 2247 quondam
1478 2171 1710 2246 Dcsm,
1756 2173 2052 2232 Dimince
2098 2172 2260 2232 filius
2307 2173 2590 2246 Bratosii,
2638 2173 3076 2254 Dragobratus

368 2282 531 2342 filius
578 2283 903 2360 quondam
956 2285 1263 2361 Vyemiri,
1312 2285 1687 2346 Dominicus
1736 2285 1895 2346 filius
1943 2285 2274 2364 quondam
2347 2286 2630 2360 Minisce,
2679 2287 3070 2348 Radouanus

368 2395 575 2454 dictus
638 2396 829 2478 Vrag,
893 2395 1231 2458 Diminech
1302 2397 1463 2458 filius
1512 2399 1841 2476 quondam
1913 2398 2139 2471 Basilii,
2205 2399 2486 2459 Prescius
2563 2398 2723 2459 filius
2793 2399 3076 2481 Dragoy‚

372 2508 803 2570 Vulcoslauus
864 2509 1181 2589 Nepocor,
1246 2509 1607 2571 Osrislauus
1652 2511 1979 2585 Mocibob,
2033 2511 2466 2592 Dragoslauus
2525 2510 2686 2571 filius
2747 2513 3071 2586 quondam

372 2621 668 2682 Berislaui
730 2625 1103 2704 iobagiones
1165 2627 1525 2684 monasterii
1591 2627 1787 2686 sancti
1862 2624 2202 2706 Grisogoni
2266 2625 2347 2685 de
2405 2624 2596 2704 Jadra
2645 2645 2792 2686 cum
2843 2627 3074 2685 nostris

368 2734 705 2796 heredibus
752 2749 813 2796 et
862 2739 1329 2798 successoribus
1376 2758 1487 2816 per
1534 2739 1656 2798 hoc
1701 2758 1964 2817 presens
2009 2741 2312 2818 scriptum
2349 2739 2612 2798 facimus
2647 2738 3081 2837 manifestum,

367 2847 545 2925 quod
606 2851 999 2928 suscepimus
1062 2871 1097 2911 a
1158 2852 1340 2911 vohis
1402 2852 1737 2912 venerabili
1806 2853 1936 2912 viro
2000 2851 2290 2930 dompno
2357 2850 2625 2912 Nicolao
2681 2850 3074 2914 Semitecolo

365 2962 601 3022 abbate
662 2963 947 3023 eiusdem
1012 2966 1375 3025 monasterii
1437 2968 1633 3025 sancti
1699 2964 2038 3045 (irisogoni
2088 2967 2435 3043 vestrisque
2484 2965 2779 3025 fratribus
2824 2978 2886 3025 et
2936 2985 3080 3026 suc-

367 3077 724 3137 cessoribus
768 3076 932 3137 duos
977 3096 1235 3159 gognay
1299 3098 1414 3156 pro
1486 3079 1772 3156 quolibet
1819 3078 1900 3138 de
1949 3090 2110 3138 terra
2157 3087 2365 3138 uestra
2413 3080 2624 3155 posita
2671 3078 2755 3139 ad
2803 3078 3078 3139 Berdam

367 3187 450 3248 ad
526 3191 777 3249 vineam
840 3190 1277 3269 plantandam,
1353 3191 1706 3251 secundum
1786 3191 1963 3269 quod
2040 3190 2304 3270 quilibet
2381 3202 2666 3250 nostrum
2741 3191 3076 3269 presaliam

372 3302 610 3362 factam
688 3302 882 3363 habet
950 3304 1173 3377 taliter,
1240 3304 1417 3383 quod
1465 3305 1619 3365 dum
1669 3323 1753 3364 ex
1800 3307 1933 3383 ipsa
1980 3304 2252 3363 fructum
2316 3302 2650 3363 extrahere
2711 3306 3079 3383 poterimuS,

370 3417 699 3475 annuatim
746 3436 859 3495 per
904 3435 1022 3477 nos
1084 3428 1465 3494 nostrosque
1532 3418 1797 3478 heredes
1858 3428 2144 3497 quartam
2211 3428 2458 3495 partem
2523 3427 2656 3477 tam
2703 3419 2830 3476 vini
2879 3436 3074 3495 quam

372 3529 661 3588 omnium
722 3529 1037 3590 fructuum
1102 3530 1337 3590 exinde
1402 3530 1763 3591 habitorum
1828 3530 2061 3590 nuncio
2135 3540 2345 3589 uestro
2415 3532 2736 3611 assignare
2782 3533 2844 3589 in
2894 3531 3075 3591 vinea

369 3654 717 3715 teneamur,
764 3644 969 3721 ipsam
1016 3646 1245 3703 nostris
1290 3646 1591 3723 expensis
1634 3645 1906 3723 propriis
1940 3661 2138 3720 usque
2169 3643 2251 3702 ad
2288 3654 2564 3703 uestrum
2617 3646 3071 3703 monasterium

368 3755 795 3832 apportanda
864 3756 928 3818 Si
977 3767 1191 3817 autem
1240 3776 1323 3817 ex
1368 3757 1583 3837 aliquo
1654 3758 1859 3817 fructu
1931 3756 2164 3815 recenti
2236 3756 2334 3815 uel
2405 3758 2576 3816 sicco
2648 3756 2796 3817 inde
2856 3756 3075 3817 habito

374 3868 869 3943 uendiderimus,
916 3872 1100 3931 uobis
1176 3873 1525 3950 uestrisque
1600 3871 1896 3931 fratribus
1966 3880 2026 3929 et
2099 3871 2486 3929 monasterio
2557 3869 2709 3929 dare
2778 3880 3074 3949 quartum

372 3980 612 4041 denarii
674 3992 1019 4043 teneamur.
1081 3984 1162 4044 Et
1207 3987 1255 4045 si
1306 3983 1461 4044 ficus
1521 3993 1809 4043 recentes
1870 3982 2138 4042 domurn
2206 3982 2287 4042 ad
2344 3982 2818 4042 comedendum
2867 3992 3074 4060 porta-

374 4097 670 4165 uerimus,
700 4098 869 4174 ipsas
898 4095 1094 4156 libere
1126 4097 1490 4157 habeamus.
1537 4094 1603 4157 Si
1636 4116 1790 4156 uero
1824 4098 1885 4156 in
1921 4096 2141 4156 fraude
2173 4107 2396 4155 contra
2440 4105 2716 4155 uestram
2763 4098 3074 4155 rationem

372 4210 609 4268 inuenti
662 4208 979 4283 fuerimus„
1025 4228 1139 4269 sex
1183 4230 1495 4288 yperpera
1514 4210 1577 4291 (ll
1625 4213 1888 4269 nomine
1934 4228 2100 4287 pene
2149 4220 2360 4268 uestro
2395 4210 2782 4268 monasterio
2829 4207 3075 4268 soluere

373 4330 721 4381 teneamur.
791 4319 1089 4384 Ceterum
1136 4324 1185 4382 si
1232 4333 1607 4401 paupertate
1654 4322 1755 4382 uel
1800 4322 2012 4401 aliqua
2060 4326 2436 4382 necessitate
2485 4340 2603 4382 nos
2652 4339 2796 4381 cum
2847 4322 3076 4381 nostris

375 4432 711 4494 heredibus
772 4438 932 4495 uites
990 4438 1158 4514 ipsas
1216 4436 1495 4497 uendere
1556 4436 1963 4502 uoluerimus,
2009 4436 2218 4514 primo
2278 4435 2462 4494 uobis
2523 4436 2874 4512 uestrisque
2936 4452 3074 4494 suc-

370 4547 731 4607 cessoribus
798 4548 1237 4609 uenditionem
1306 4549 1787 4610 declarabimus
1856 4549 1938 4610 Et
2003 4550 2051 4608 si
2115 4568 2221 4609 eas
2289 4566 2502 4607 emere
2572 4547 2896 4607 uolueritis
2958 4566 3076 4625 pro

373 4668 575 4733 tant0,
642 4659 819 4739 quod
864 4662 947 4721 ab
994 4680 1125 4721 uno
1170 4674 1233 4721 et
1279 4660 1405 4721 alio
1472 4662 1704 4723 habere
1756 4665 2127 4741 poterimus,
2184 4662 2368 4721 uobis
2414 4672 2476 4720 et
2526 4678 2656 4719 non
2719 4660 2854 4720 aliis
2913 4662 3082 4738 ipsas

374 4772 686 4847 dabimuS,
732 4774 909 4852 quod
955 4776 1003 4835 si
1050 4776 1392 4844 nolueritis
1438 4786 1660 4853 postea
1708 4776 1945 4837 licitum
1990 4777 2066 4835 sit
2100 4775 2286 4834 nobis
2331 4774 2693 4851 nostrisque
2740 4771 3080 4833 heredibus

374 4885 509 4946 illas
555 4886 837 4947 uendere
867 4887 969 4948 uel
1002 4887 1243 4949 donare
1289 4908 1401 4949 seu
1448 4889 1719 4948 alienare
1752 4892 1847 4949 cui
1882 4888 2290 4956 uoluerimus,
2322 4887 2496 4947 salua
2544 4904 2797 4963 semper
2829 4888 3076 4946 ratione

372 5002 561 5059 uestri
608 5002 973 5061 monasterii
1018 5004 1437 5081 suprascripti,
1482 5002 1717 5063 scilicet
1765 5014 1990 5080 quarta
2019 5013 2229 5080 parte;
2262 5011 2476 5060 tamen
2525 5017 2654 5059 non
2703 5001 2782 5059 sit
2828 4998 3071 5060 licitum

366 5114 557 5174 alicui
604 5133 688 5174 ex
734 5114 921 5174 nobis
982 5114 1084 5175 uel
1144 5117 1270 5175 suis
1328 5115 1669 5177 heredibus
1728 5116 1930 5175 dictas
1993 5117 2153 5175 uites
2211 5114 2393 5173 alicui
2458 5112 2741 5186 ecclesie,
2804 5131 3077 5192 persone
