3797 5795
380 869 853 934 1261—1262.
901 867 961 932 U
1007 865 1275 933 Omifiu.

394 1057 718 1120 Omis‘am'
752 1056 1011 1142 prz'sz'fiu
1063 1057 1195 1120 mir
1248 1057 1819 1130 Dubrovc‘am'ma,
1850 1057 1974 1142 jer
2015 1058 2105 1120 da
2137 1079 2219 1120 su
2269 1055 2624 1120 namz'rem'
2664 1056 2830 1120 radi
2869 1057 3087 1120 ubitih

1566 1171 1916 1234 Omis‘ana.

560 1363 896 1423 Nobilibus
941 1374 1003 1424 et
1060 1364 1479 1442 prudentibus
1538 1366 1687 1425 uiris
1746 1364 2016 1425 domino
2085 1364 2374 1443 Philippo
2437 1365 2654 1423 comiti
2721 1364 2973 1444 Ragusii
3023 1375 3084 1422 et

386 1475 695 1536 iudicibus
726 1485 789 1536 et
822 1479 935 1536 toti
969 1479 1343 1537 comunitati
1376 1476 1662 1538 eiusdem
1696 1487 1876 1550 terre,
1909 1496 1984 1537 ac
2009 1479 2314 1538 uniuersis
2348 1475 2731 1550 hominibus,
2761 1487 3087 1554 presentes

385 1590 623 1651 litteras
669 1591 1041 1667 inspecturis
1084 1589 1305 1650 Rados
1350 1609 1571 1650 comes
1616 1590 1697 1651 de
1745 1587 2033 1664 Almisi0‚
2083 1589 2320 1650 iudices
2367 1601 2429 1649 et
2477 1607 2753 1648 comune
2801 1588 3084 1649 eiusdem

382 1712 547 1762 terre
588 1701 858 1762 salutem
905 1712 969 1763 et
1014 1721 1320 1763 amorem.
1378 1702 1622 1764 Notum
1669 1704 1747 1763 sit
1792 1715 2000 1764 uestre
2046 1702 2398 1782 prudentie,
2447 1700 2622 1780 quod
2669 1701 2751 1762 ad
2800 1713 3080 1762 nostram

382 1817 705 1876 ciuitatem
753 1827 1153 1877 accesserunt
1187 1818 1388 1876 nuntii
1420 1817 1908 1898 Ragusinorum‚
1952 1817 2186 1877 scilicet
2219 1816 2409 1876 frater
2446 1815 2716 1876 Michael
2749 1814 2832 1876 de
2864 1815 3087 1874 ordine

384 1927 857 1988 Predicatorum
905 1939 967 1988 et
1015 1928 1315 1989 dominus
1364 1930 1581 1990 Petrus
1627 1928 1709 1990 de
1758 1927 1998 1992 Carnisi
2047 1948 2194 1989 cum
2243 1928 2460 1990 litteris
2527 1928 2888 2007 supradicte
2935 1929 3084 1988 ciui—

385 2043 531 2101 tatis
599 2041 935 2122 Ragusine,
989 2043 1095 2119 qui
1165 2053 1639 2120 conposuerunt
1702 2051 1764 2102 et
1832 2041 2082 2102 firmam
2147 2059 2374 2120 pacem
2447 2041 2778 2101 nobiscum
2827 2051 2889 2100 et
2937 2058 3079 2100 curn

386 2153 749 2214 horninibus
809 2165 971 2214 terre
1040 2168 1254 2214 nostre
1300 2172 1417 2233 pro
1466 2154 1811 2216 homicidio
1860 2157 1920 2214 in
1971 2155 2270 2235 Ragusio,
2315 2173 2433 2233 pro
2497 2154 2742 2213 reticito
2789 2153 3084 2214 uidelicet

382 2267 655 2327 duorum
706 2266 1038 2327 hominum
1073 2279 1135 2328 et
1169 2269 1354 2328 tertio
1386 2269 1695 2328 semiuiuo
1744 2269 1803 2326 in
1852 2267 2022 2328 hunc
2056 2267 2321 2327 modum
2364 2275 2826 2345 expresserunt.
2872 2264 3085 2326 Dede-

386 2394 529 2440 runt
575 2382 743 2440 enim
794 2379 1097 2461 Ragusini
1157 2400 1276 2459 pro
1339 2390 1545 2440 morte
1592 2379 1695 2441 filii
1744 2381 1988 2440 domini
2053 2380 2282 2441 Radini
2337 2392 2597 2440 centum
2645 2389 2708 2440 et
2755 2380 3082 2459 sexaginta

386 2491 573 2553 libras
618 2504 991 2553 venetorum
1038 2511 1379 2572 paruorum
1429 2504 1491 2553 et
1538 2513 1654 2572 pro
1717 2504 1926 2555 morte
1975 2492 2077 2553 filii
2124 2493 2311 2553 Barse
2359 2504 2618 2554 centum
2665 2501 2728 2552 et
2777 2493 3084 2569 quinqua-

378 2607 555 2686 ginta
602 2605 791 2666 libras
836 2606 1119 2666 eiusdem
1172 2619 1428 2668 monete
1476 2617 1536 2666 et
1584 2627 1701 2686 pro
1748 2618 1986 2685 nepote
2032 2605 2328 2686 Dragani,
2362 2607 2466 2685 qui
2517 2606 2598 2666 ad
2646 2615 2924 2666 mortem
2969 2604 3082 2664 fuit

382 2737 733 2797 percussuS,
780 2720 914 2780 siue
946 2721 1248 2780 moriatur
1294 2721 1426 2780 siue
1473 2721 1661 2793 uiuat,
1711 2720 2128 2801 quadraginta
2177 2722 2475 2798 quinque.
2523 2717 2718 2796 Quod
2766 2720 2813 2778 si
2862 2734 3079 2796 supra-

384 2833 680 2911 scriptam
750 2833 1089 2911 pecuniam
1148 2851 1275 2892 non
1338 2833 1631 2894 dederint
1697 2834 1992 2913 Ragusini
2043 2835 2103 2892 in
2151 2833 2315 2893 sesto
2385 2834 2581 2892 sancti
2634 2830 2974 2904 MichaeliS,
3021 2832 3082 2890 in

386 2944 658 3005 stancho
695 2944 942 3005 dabunt
988 2945 1275 3023 duplum.
1331 2946 1410 3006 Et
1444 2964 1565 3028 ego
1608 2947 1824 3007 Rados
1870 2966 2091 3007 comes
2123 2946 2205 3006 de
2236 2945 2508 3007 Almisio
2555 2948 2691 3005 iuro
2738 2943 2820 3004 ad
2868 2952 3086 3003 sancta

384 3059 489 3119 dei
536 3058 883 3140 euangelia,
916 3058 1093 3137 quod
1140 3078 1257 3137 pro
1304 3072 1511 3119 morte
1543 3062 1805 3120 istorum
1855 3060 2187 3120 hominum
2229 3059 2438 3120 nullus
2483 3059 2708 3135 aliquis
2753 3060 2814 3117 in
2863 3075 3086 3135 perpe-

385 3183 569 3233 tuum
612 3172 849 3250 aliquid
882 3184 1076 3251 petet,
1108 3172 1221 3232 sed
1254 3192 1481 3251 pacem
1517 3173 1767 3233 firmam
1816 3172 2211 3246 habebimus,
2259 3182 2325 3232 ut
2361 3172 2718 3254 (mactenus
2749 3170 3086 3230 habuimus

388 3296 453 3345 et
483 3288 732 3359 utrique
763 3286 925 3364 parti
956 3305 1066 3345 ero
1098 3284 1447 3358 fideiussor,
1478 3298 1609 3347 tam
1642 3304 1761 3365 pro
1792 3290 2080 3365 pecunia,
2110 3304 2307 3365 quam
2338 3288 2528 3345 etiam
2576 3303 2693 3362 pro
2742 3283 3088 3343 homicidio

390 3417 717 3477 nunquam
765 3399 1155 3459 renouando
1204 3398 1285 3459 Et
1331 3417 1453 3479 ego
1516 3399 1741 3460 Raden
1809 3411 1992 3478 pater
2053 3400 2334 3460 defuncti
2381 3402 2517 3460 iuro
2562 3398 2646 3459 ad
2703 3406 2922 3457 sancta
2984 3395 3085 3457 dei

388 3512 737 3592 euangelia,
783 3510 961 3591 quod
1007 3530 1124 3590 pro
1170 3521 1379 3572 morte
1425 3512 1531 3573 filii
1578 3514 1701 3573 mei
1749 3516 1811 3573 in
1862 3511 2133 3573 Almisio
2174 3512 2454 3573 defuncti
2503 3522 2566 3571 et
2613 3512 2832 3589 nepoti
2852 3508 2914 3593 (¹)
2964 3509 3086 3570 mei

388 3625 455 3685 in
501 3623 779 3706 Ragusio
850 3625 1099 3697 mortui,
1163 3643 1281 3685 nec
1324 3644 1438 3703 per
1500 3644 1621 3697 me,
1684 3644 1802 3686 nec
1848 3644 1962 3705 per
2025 3644 2206 3686 meos
2252 3628 2314 3685 in
2363 3633 2747 3703 perpetuum
2809 3626 3086 3683 intererit

388 3739 677 3810 uerbum,
738 3736 851 3797 sed
913 3738 1029 3797 erit
1091 3756 1224 3816 pax
1284 3748 1606 3817 perpetua.
1678 3738 1758 3799 Et
1819 3757 1942 3819 ego
2006 3735 2212 3802 Cerna
2272 3737 2436 3799 filius
2497 3736 2722 3797 Raden
2791 3745 2854 3796 et
2901 3736 3088 3797 frater

386 3850 689 3923 defuncti,
756 3852 892 3912 iuro
960 3852 1119 3911 sicut
1178 3860 1359 3930 pater
1428 3870 1622 3911 meus
1701 3850 1780 3911 Et
1848 3869 1972 3932 ego
2036 3850 2255 3911 Zeheri
2323 3852 2480 3911 sicut
2543 3860 2606 3909 et
2667 3867 2849 3909 socer
2909 3866 3088 3909 meus

386 3966 541 4023 iur0.
592 3962 675 4025 Et
719 3982 843 4045 ego
889 3963 1233 4045 Bogdanus
1277 3963 1440 4024 filius
1486 3963 1767 4024 Bastardi
1818 3966 1977 4024 sicut
2023 3974 2086 4025 et
2133 3963 2357 4023 Raden
2405 3964 2558 4023 iuro,
2616 3962 2695 4023 Et
2743 3980 2864 4041 ego
2913 3960 3087 4021 Luca

386 4075 553 4137 filius
598 4077 889 4157 Pupilerii
934 4080 1095 4137 sicut
1140 4076 1365 4137 Raden
1414 4078 1567 4140 iuro,
1616 4076 1698 4137 Et
1744 4094 1868 4157 ego
1915 4074 2206 4137 Desislau
2253 4074 2414 4137 filius
2461 4074 2887 4137 Predimarieli
2936 4076 3088 4133 iur0.

386 4188 470 4250 Et
516 4207 639 4271 ego
706 4188 929 4269 Stojan
990 4187 1322 4270 Dragotini
1370 4188 1531 4249 filius
1594 4192 1744 4250 iur0.
1816 4189 1895 4249 Et
1962 4207 2084 4270 ego
2157 4187 2494 4249 Diminche
2560 4187 2722 4249 filius
2793 4186 3100 4247 Bolebrat'

384 4304 541 4362 iur0.
602 4302 686 4363 Et
732 4320 855 4383 ego
917 4300 1142 4364 Pelnes
1209 4301 1371 4362 filius
1442 4300 1817 4363 Mechinach
1865 4294 2018 4362 iur0.
2083 4302 2164 4363 Et
2210 4310 2325 4380 pro
2373 4303 2546 4361 omni
2596 4299 2940 4361 homicidio
2987 4297 3090 4359 uel

392 4416 705 4496 sanguine
750 4414 973 4489 essum,
1022 4414 1197 4493 quod
1245 4432 1572 4493 nunquam
1620 4418 1988 4495 requiratur,
2034 4434 2252 4476 comes
2313 4414 2644 4475 fideiussor
2689 4424 2802 4475 est.

574 4634 873 4707 Original
912 4653 952 4691 u
998 4634 1443 4691 dubrovalkom
1490 4633 1731 4691 arkivu.
1782 4633 2012 4691 Zbirka
2057 4654 2214 4691 saec.
2241 4634 2447 4691 ‘XML
