3797 5795
1554 402 1958 465 ——559—

1668 720 1800 800 16.

393 895 599 975 1270,
646 895 710 961 8.
757 894 1202 978 septembre.
1249 897 1308 962 U
1353 894 1581 963 Posti.

399 1083 689 1169 Sffepan
736 1084 927 1169 kra4'7'
974 1084 1268 1171 ugarski
1308 1086 1341 1149 ι’
1377 1086 1697 1151 hrvatskt'
1744 1084 2141 1172 potvrdjuje
2203 1084 2583 1149 darovnicu
2647 1084 2875 1169 kragja
2941 1084 3108 1148 Bele

392 1198 517 1276 (od
548 1219 617 1283 g.
666 1200 859 1262 1267.
905 1202 1009 1263 20.
1044 1198 1245 1283 jula)
1291 1221 1329 1263 o
1376 1198 1648 1285 z'manju
1686 1198 2031 1263 Prodavic‘
2074 1196 2342 1279 (Vz‘rje)
2381 1196 2623 1283 Fz'lz'pu
2666 1196 3100 1281 nadbt'skupu

1098 1314 1649 1398 ostrogonskomu
1697 1312 1732 1375 ι’
1769 1314 1967 1377 brata
2018 1332 2131 1375 mu
2192 1310 2403 1374 Tomi.

571 1500 937 1582 Stephanus
985 1503 1089 1565 dei
1144 1506 1355 1587 gracia
1419 1506 1763 1587 Hungarie,
1824 1505 2176 1578 Dalmacie,
2238 1503 2521 1576 Croacie,
2583 1503 2805 1577 Rame‚
2866 1500 3106 1576 Seruie,

390 1612 682 1689 Gallicie,
744 1615 1154 1692 Lodomerie,
1219 1615 1545 1692 Cumanie,
1610 1618 2028 1699 Bulgarieque
2074 1637 2188 1678 rex
2235 1618 2538 1677 vniuersis
2597 1618 2902 1677 noticiam
2965 1634 3106 1694 pre-

390 1729 677 1789 sencium
743 1728 1047 1790 habituris
1108 1730 1380 1791 salutem
1426 1732 1489 1791 in
1536 1734 1825 1792 omnium
1888 1730 2222 1792 saluatore.
2296 1730 2405 1791 Ad
2471 1706 2770 1791 decorem
2835 1730 3109 1807 pertinet

388 1844 564 1923 regie
610 1841 955 1923 dignitatis,
1016 1842 1419 1905 subditorum
1484 1847 1707 1906 merita
1777 1844 2047 1924 prouide
2106 1844 2704 1922 circumspeccionis
2772 1840 3106 1903 libramine

391 1954 767 2034 ponderare,
827 1967 890 2015 vt
938 1954 1080 2016 illos
1140 1959 1471 2035 presertim
1532 1970 1957 2037 prosequatur
2017 1957 2234 2018 favore
2294 1958 2503 2038 gracie
2563 1956 2880 2035 gracioriS,
2941 1972 3105 2034 quos

390 2069 606 2129 natiue
654 2067 973 2130 fidelitatis
1020 2069 1295 2131 deuocio
1326 2070 1410 2131 ab
1442 2072 1591 2132 auiti
1638 2083 1992 2152 propagata
2039 2069 2372 2130 nobilitate
2416 2069 2739 2149 sanguinis
2783 2066 3102 2127 redimiuit

384 2188 453 2241 et
496 2182 742 2242 virtutis
784 2182 1068 2245 adieccio
1116 2182 1479 2262 multiplicis
1524 2185 1699 2265 regio
1745 2184 1891 2245 fecit
1938 2184 2197 2245 culmini
2229 2202 2344 2262 per
2376 2182 2712 2243 successiui
2759 2182 3094 2241 continua-

384 2296 645 2354 cionem
706 2299 1014 2375 temporis
1075 2296 1511 2377 complacere3
1564 2305 1629 2357 et
1682 2296 1829 2358 licet
1874 2296 2124 2357 utilitati
2170 2296 2478 2366 omnium,
2540 2312 2704 2375 quos
2763 2293 3100 2372 probitatis

386 2406 693 2469 adiuvant
740 2410 981 2483 merita,
1027 2411 1391 2489 prospicere
1422 2428 1554 2470 non
1588 2410 1908 2470 immerito
1955 2409 2180 2490 regalis
2225 2418 2471 2489 satagat
2518 2406 2846 2481 celsitudO,
2894 2407 3100 2467 muni-

384 2517 650 2581 ficencie
694 2539 808 2582 sue
856 2540 1084 2583 manus
1129 2521 1247 2582 illis
1292 2522 1525 2583 debitis
1569 2522 1970 2602 temporibus
2030 2521 2396 2601 aperiend0,
2441 2524 2506 2581 in
2555 2538 2830 2599 quorum
2887 2519 3101 2598 quiete

380 2634 669 2710 quiescit,
745 2633 1255 2713 locupletacione
1332 2635 1569 2696 ditatur
1636 2646 1699 2697 et
1768 2636 2232 2696 sublimacione
2308 2630 2647 2715 magnifice
2722 2632 3099 2694 sublimatur

382 2746 713 2820 maiestas;
774 2755 993 2807 tamen
1053 2750 1231 2827 pium
1308 2758 1373 2809 et
1449 2748 1601 2809 utile
1666 2749 2047 2822 considerat,
2121 2766 2198 2809 ac
2258 2759 2766 2807 consentaneum
2827 2744 3100 2806 attendit

382 2859 554 2940 regie
602 2860 933 2935 maiestati,
980 2872 1050 2921 ut
1096 2860 1431 2922 illustrium
1486 2863 1968 2944 progenitorum
2019 2879 2279 2922 suorum
2329 2860 2721 2922 donaciones
2767 2878 2850 2919 ex
2897 2857 3088 2940 regali

384 2971 760 3034 liberalitate
820 2975 1089 3053 prouide
1150 2974 1505 3035 celebratas
1564 2974 1829 3036 ratificet
1875 2987 1940 3035 et
1985 2974 2338 3035 confirmet.
2401 2973 2676 3034 Proinde
2719 2971 2803 3033 ad
2850 2974 3092 3032 vniuer-

380 3103 602 3146 sorum
648 3085 871 3146 harum
926 3089 1085 3147 serie
1145 3086 1441 3147 volumus
1498 3088 1847 3166 peruenire,
1909 3087 2087 3166 quod
2149 3105 2298 3147 cum
2360 3085 2513 3146 olim
2562 3084 2978 3164 multiplicata
3025 3095 3090 3144 et

379 3197 448 3256 in
492 3199 802 3259 eximium
850 3199 1113 3260 reducta
1158 3199 1485 3260 cumulum
1533 3210 1713 3280 grata
1759 3200 2070 3277 obsequia
2115 3210 2175 3260 et
2226 3199 2547 3259 meritoria
2594 3198 2856 3258 seruicia
2902 3215 3093 3257 vene-

382 3309 599 3370 rabilis
629 3313 825 3389 patris
856 3309 1145 3390 Philippi,
1190 3323 1409 3372 sancte
1442 3308 1896 3393 Strigoniensis
1941 3312 2206 3373 ecclesie
2252 3311 2710 3390 archiepiscopi
2740 3320 2806 3371 et
2835 3309 2894 3372 T
2897 3309 3091 3369 home

380 3425 637 3483 comitis
682 3424 888 3485 fratris
933 3424 1240 3497 eiusdem,
1284 3443 1361 3485 ac
1403 3424 1612 3506 dignis
1659 3424 1920 3494 laudum
1969 3426 2285 3503 preconiis
2328 3423 2678 3498 attolenda,
2721 3422 3091 3502 parentibus

381 3537 617 3596 nostris
692 3535 959 3596 domino
1036 3539 1167 3618 regi
1244 3549 1309 3597 et
1382 3539 1597 3619 regine
1671 3537 1990 3616 nobisque
2073 3549 2136 3597 et
2211 3555 2412 3618 regno
2487 3547 2706 3597 nostro
2783 3537 3088 3614 impensa,

384 3649 667 3726 ipsorum
702 3659 765 3709 et
800 3659 1089 3710 nostrum
1136 3651 1387 3710 animos
1433 3650 1789 3711 inclinarint
1824 3648 1907 3710 ad
1939 3649 2202 3711 eosdem
2251 3649 2712 3710 beneuolencia
2759 3646 3090 3727 multiplici

382 3761 907 3840 prosequendos;
952 3761 1099 3822 licet
1144 3764 1261 3842 ipsi
1306 3773 1603 3842 parentes
1665 3766 1861 3824 nostri
1923 3762 2292 3824 habuissent
2336 3764 2400 3823 in
2445 3765 2662 3823 animo
2708 3771 2891 3842 grato
2937 3760 3088 3821 libe-

380 3873 645 3934 ralitatis
690 3875 861 3956 regie
900 3874 1195 3935 antidoto
1226 3877 1291 3936 in
1322 3874 1738 3955 amplioribus
1782 3876 2046 3937 eosdem
2096 3876 2401 3950 refouere,
2446 3876 2595 3954 quia
2624 3885 2843 3936 tamen
2874 3877 3088 3934 votiue

381 3987 765 4065 prouisionis
827 3985 1093 4047 facultas
1138 4005 1207 4048 se
1252 3986 1355 4048 illa
1402 3989 1537 4048 vice
1582 4007 1714 4048 non
1778 3989 2010 4050 obtulit
2067 3989 2343 4061 aliunde,
2401 4000 2632 4048 terram
2681 4006 2793 4048 seu
2839 4005 3088 4066 posses-

378 4101 632 4158 sionem
679 4097 1011 4178 quondam
1060 4097 1353 4162 Corrardi
1403 4100 1486 4161 de
1530 4100 1765 4174 Treun‚
1825 4101 2176 4162 Praudauiz
2219 4112 2533 4174 vocatam,
2593 4100 2755 4161 ultra
2801 4099 3086 4160 Drauam

380 4211 788 4285 existentem,
833 4231 871 4272 a
918 4211 1131 4273 multis
1176 4214 1505 4274 retroactis
1549 4214 1967 4292 temporibus,
2012 4233 2286 4293 quorum
2321 4233 2452 4275 non
2499 4224 2709 4275 exstat
2756 4213 3084 4284 memoria,

376 4343 419 4384 a
450 4324 760 4384 comitatu
793 4321 1154 4405 Simigiensi
1187 4335 1526 4404 exceptam
1575 4329 1829 4406 penitus
1860 4341 1926 4387 et
1957 4338 2351 4406 exemptam,
2398 4347 2524 4406 que
2552 4346 2667 4406 per
2699 4325 3084 4387 infidelitatis

379 4447 607 4497 notam
653 4456 692 4497 a
737 4434 1055 4499 Corrardo
1098 4437 1229 4498 filio
1275 4439 1551 4517 prodicti
1600 4437 1893 4502 Corrardi
1946 4439 2028 4501 de
2057 4439 2293 4513 Treun‚
2340 4441 2470 4500 imo
2501 4441 2706 4500 verius
2751 4439 2838 4499 ob
2885 4440 3085 4498 mani-

376 4547 639 4610 festum·
674 4551 916 4610 crimen
978 4549 1109 4612 lese
1170 4552 1517 4612 maiestatis
1561 4553 1645 4612 ab
1690 4553 1924 4614 eodem
1985 4554 2404 4614 commissum
2450 4552 2534 4613 ad
2596 4571 2824 4613 manus
2881 4553 3086 4632 regias

378 4663 716 4722 exstiterat
762 4661 1083 4738 devoluta,
1114 4665 1177 4724 in
1209 4664 1647 4743 supradictum
1677 4663 2004 4727 Thomam
2051 4668 2352 4727 comitem
2388 4678 2449 4727 et
2483 4666 2646 4727 filios
2676 4685 2788 4726 seu
2819 4665 3086 4726 heredes

372 4773 669 4834 eiusdem
736 4773 1176 4857 heredumque
1214 4781 1219 4788 '
1251 4794 1649 4838 successores
1722 4788 2037 4857 perpetuo
2123 4780 2387 4840 valiture
2456 4779 2832 4840 donacionis
2901 4776 3084 4838 titulo

374 4885 852 4961 transtulerunt,
918 4891 1081 4949 sicut
1149 4892 1213 4950 in
1282 4891 1567 4969 ipsorum
1634 4891 1855 4952 litteris
1925 4891 2232 4952 confectis
2306 4893 2560 4966 exinde,
2628 4911 2754 4971 que
2830 4891 3084 4951 inferius

373 4999 778 5079 presentibus
844 5011 1283 5076 annectentur,
1347 5003 1595 5082 plenius
1670 5006 2050 5068 continetur.
2123 5003 2302 5065 Licet
2379 5015 2594 5066 autern
2662 5003 3084 5085 postmodum

373 5111 615 5174 ducatu
698 5111 1038 5175 Sclauonie
1113 5116 1177 5175 in
1254 5113 1475 5176 Belam
1550 5115 1781 5177 ducem
1858 5116 2056 5178 felicis
2122 5117 2610 5192 recordacioniS,
2683 5117 3084 5180 karissimum
