3797 5795
1526 391 1783 454 —281
1868 425 1938 434 —

364 591 411 632 a
454 574 759 653 superiori
804 584 985 654 parte
1030 587 1271 640 metam
1316 590 1589 641 terream
1620 581 1741 642 sub
1772 582 2003 643 arbore
2048 582 2201 644 haas
2245 582 2576 644 consessus
2599 595 2714 658 est,
2761 603 2830 646 se
2875 585 3091 646 eidem

372 685 546 747 bano
612 686 973 750 vendidisse
1020 691 1151 752 iure
1196 702 1511 772 perpetuo
1573 694 2034 773 possidendam
2082 715 2198 774 pro
2245 694 2473 756 decern
2521 699 2768 771 marciS‚
2816 717 2976 777 quas
3021 718 3089 759 se

366 797 534 860 dixit
565 799 843 882 singulas
872 819 1021 864 cum
1053 805 1337 885 quinque
1380 809 1595 886 pensis
1641 807 1917 869 denariis
1961 807 2491 890 Zagrabiensibus
2521 809 2606 869 ab
2636 811 2874 872 eodem
2915 810 3091 872 bano

372 911 655 992 plenarie
730 916 1057 994 recepisse.
1128 915 1201 978 In
1263 921 1441 980 cuius
1507 923 1594 982 rei
1666 923 2104 983 testimonium
2172 933 2502 1000 presentes
2564 922 2650 984 ad
2711 925 3088 986 instanciam

376 1028 661 1104 parcium
704 1027 1093 1090 contulimus
1136 1033 1321 1113 sigilli
1368 1035 1566 1094 nostri
1615 1036 1968 1096 munimine
2012 1034 2361 1096 roboratas,
2409 1033 2652 1096 Datum
2701 1055 2816 1116 per
2861 1055 3090 1097 manus

376 1140 657 1220 magistri
704 1139 1032 1203 Michaelis
1076 1143 1330 1207 lectoris
1374 1147 1642 1208 ecclesie
1704 1157 1939 1221 nostre,
1985 1165 2158 1208 anno
2203 1148 2288 1208 ab
2333 1149 2782 1210 incarnacione
2843 1150 3090 1210 domini

378 1251 717 1314 millesimo
763 1253 1207 1318 ducentesimo
1252 1264 1661 1341 sexagesimo
1706 1263 1926 1323 terci0.

554 1447 644 1503 Po
689 1449 1074 1526 orig-inalnoj
1104 1455 1359 1528 potvrdi
1414 1453 1621 1530 kralja
1682 1453 2017 1529 Ljudevita
2065 1454 2113 1510 l.
2161 1455 2245 1510 od
2274 1474 2338 1528 g.
2387 1455 2556 1511 1382.
2607 1475 2644 1510 u
2693 1453 2918 1511 arkivu
2964 1454 3091 1512 obe·-

382 1550 517 1626 telji
556 1550 818 1626 hercega
864 1554 1272 1632 Batyadny-ja
1320 1576 1359 1615 u
1406 1558 1782 1615 Ko'rmendu.
1830 1557 1901 1614 A.
1951 1561 2004 1614 2.
2050 1557 2121 1615 L.
2176 1563 2225 1615 9.
2275 1558 2686 1616 Miscellanea
2747 1559 3090 1615 Sze‘chiana

382 1675 474 1712 no,
523 1661 570 1714 1.
614 1689 700 1698 -
742 1657 853 1716 Na
897 1658 1152 1735 leegjima
1198 1663 1341 1719 vide
1385 1684 1451 1720 se
1497 1663 1744 1737 tragovi
1784 1661 2214 1737 kraljevskoga
2253 1669 2497 1740 pedata.

561 1761 707 1820 Cod.
756 1765 905 1840 dipl.
944 1765 1210 1840 patrius,
1274 1767 1439 1825 VIII.
1497 1771 1593 1827 95.
1643 1787 1739 1825 no,
1800 1771 1889 1822 75.

758 2197 788 2218 ν
1648 2076 1839 2157 777.

384 2219 592 2288 1263.
640 2220 700 2286 U
744 2220 1011 2288 Cazmi.

379 2411 654 2496 Kaptol
705 2411 1101 2477 ‹fazmanskt‘
1158 2414 1629 2498 ustanovljuje
1689 2415 1922 2496 zemh'e
1983 2415 2304 2500 kupljene
2359 2422 2447 2498 po
2508 2422 2785 2498 iupanu
2849 2415 3087 2481 Ruhu.

562 2603 928 2685 Capitulum
993 2603 1403 2670 Chasmensis
1448 2605 1715 2667 ecclesie
1760 2606 2060 2667 omnibus
2121 2605 2205 2666 ad
2266 2624 2430 2686 quos
2477 2625 2740 2686 presens
2785 2609 3093 2684 scriptum

378 2719 738 2799 pervenerit
805 2718 1078 2779 salutem
1140 2723 1202 2779 in
1263 2718 1549 2780 domino,
1611 2717 1720 2780 Ad
1782 2721 2219 2780 universorum
2284 2721 2586 2780 noticiam
2649 2719 2874 2779 harum
2935 2723 3095 2781 serie

378 2831 677 2892 volumus
745 2833 1091 2911 pervenire,
1151 2831 1328 2912 quod
1392 2835 1715 2894 constituti
1787 2851 2008 2893 coram
2077 2832 2264 2893 nobis
2331 2832 2749 2912 personaliter
2816 2831 2900 2892 ab
2969 2851 3095 2892 una

376 2954 562 3025 parte
608 2946 755 3007 Ruh
801 2964 1039 3020 comeS,
1084 2947 1169 3006 ab
1214 2946 1408 3007 altera
1472 2957 1687 3007 autem
1758 2944 2072 3007 Martinus
2120 2945 2307 3007 frater
2355 2945 2636 3025 Mathey,
2684 2946 2922 3019 PetruS‚
2970 2944 3096 3006 Ge-

376 3060 595 3139 orgius
654 3058 762 3119 filii
824 3058 1055 3138 Dyane
1102 3059 1184 3120 de
1231 3057 1468 3141 Garyg,
1515 3060 1625 3139 qui
1686 3070 1750 3120 et
1811 3060 2083 3121 confessi
2147 3070 2311 3132 sunt,
2359 3058 2535 3137 quod
2589 3068 2822 3119 terram
2869 3076 3094 3119 eorum

374 3172 749 3250 emptieiam
795 3193 832 3234 a
880 3172 1127 3251 Mykov
1188 3184 1251 3233 et
1315 3173 1517 3252 Myxe
1564 3184 1627 3234 et
1673 3194 1711 3235 a
1757 3173 1896 3235 filiis
1961 3172 2226 3251 Mykula
2288 3172 2498 3233 eidem
2563 3171 2706 3233 Ruh
2765 3173 2980 3231 comiti
3032 3181 3095 3232 et

378 3303 495 3364 per
539 3302 689 3345 eum
734 3284 863 3345 suis
906 3288 1179 3365 posteris
1222 3306 1341 3365 pro
1389 3286 1687 3347 undecim
1736 3288 1982 3361 marci5‚
2029 3305 2187 3365 quas
2233 3287 2438 3346 eciam
2493 3303 2712 3345 coram
2761 3284 2948 3345 nobis
2993 3304 3095 3345 ac-

376 3407 711 3477 ceperunt,
781 3399 1217 3460 vendidissent
1288 3401 1419 3461 iure
1464 3410 1775 3479 perpetuo
1821 3399 2297 3479 possidendam.
2369 3396 2564 3463 Cuius
2611 3410 2776 3459 terre
2821 3396 3094 3477 primast)

383 3507 627 3594 meta(l)
674 3530 894 3572 coram
940 3512 1203 3573 homine
1248 3524 1467 3574 nostro
1498 3512 1761 3593 pacifice
1792 3523 1857 3574 et
1890 3516 2103 3591 quiete
2147 3523 2376 3587 erecte,
2407 3514 2542 3573 sine
2576 3510 3096 3572 contradiccione

378 3626 735 3686 vicinorum
796 3636 859 3686 et
921 3638 1345 3708 cognatorum
1406 3627 1563 3688 tales
1623 3638 1785 3688 sunt.
1833 3625 2043 3687 Prima
2105 3635 2276 3687 meta
2339 3628 2556 3705 incipit
2617 3624 2701 3684 ab
2763 3626 3008 3684 oriente
3056 3643 3094 3683 a

376 3734 573 3799 fluvio
636 3736 932 3813 Chasme‚
978 3740 1193 3819 ibique
1254 3750 1349 3800 est
1411 3740 1601 3801 arbor
1660 3740 1752 3800 tul
1814 3740 2266 3821 crucesignata.
2317 3738 2473 3799 Inde
2519 3737 2695 3798 vadit
2739 3756 2853 3816 per
2898 3755 3092 3797 unam

378 3851 655 3912 mlacam
702 3853 784 3913 ad
830 3852 1102 3913 rivulum
1151 3852 1537 3914 Poloziticha
1568 3862 1633 3913 et
1664 3854 1796 3912 exit
1842 3852 1926 3913 ad
1973 3853 2312 3931 planiciem
2345 3853 2648 3928 venitque
2679 3850 2762 3911 ad
2795 3850 3092 3910 arborem

376 3962 645 4043 cherasy
715 3968 1237 4048 crucesignatam.
1304 3965 1460 4026 Inde
1528 3964 1697 4027 cadit
1766 3965 1849 4026 ad
1919 3963 2180 4026 fluvium
2250 3962 2472 4025 Zmick
2517 3976 2580 4024 et
2627 3983 2742 4042 per
2811 3962 3092 4023 eundem

379 4075 657 4138 tendens
700 4079 833 4139 exit
877 4079 1136 4141 inferius
1196 4082 1374 4141 iuxta
1434 4092 1669 4140 terram
1728 4078 1945 4139 Paulin
1993 4088 2057 4138 et
2103 4078 2273 4139 cadit
2319 4078 2402 4139 ad
2449 4076 2707 4137 fluvium
2757 4073 3100 4153 Zalatinyk

377 4198 443 4249 et
492 4189 579 4250 ibi
625 4200 720 4251 est
786 4192 979 4252 arbor
1046 4203 1271 4274 gertan
1340 4194 1793 4274 crucesignata.
1844 4192 2002 4253 Inde
2069 4191 2344 4253 tendens
2388 4191 2472 4251 ad
2521 4200 2770 4269 partem
2843 4187 3094 4249 meridi-

377 4302 641 4364 onalem
672 4304 735 4363 in
767 4304 1001 4365 eodem
1048 4304 1239 4367 fluvio
1286 4305 1622 4384 Zalatinyk
1667 4306 1799 4365 exit
1844 4305 1931 4366 ad
1963 4315 2197 4367 terram
2243 4304 2657 4365 castrensium
2706 4301 2791 4361 ad
2838 4310 3088 4379 partem

378 4415 759 4477 orientalem
802 4418 1018 4498 ibique
1049 4429 1145 4480 est
1176 4420 1367 4480 arbor
1398 4420 1489 4480 tul
1520 4422 1974 4501 crucesignata.
2008 4418 2164 4479 Inde
2195 4416 2279 4479 ad
2310 4426 2561 4496 partem
2608 4412 3094 4475 meridionalem

380 4529 658 4591 tendens
718 4530 887 4591 cadit
944 4532 1030 4593 ad
1091 4532 1313 4593 silvam
1364 4552 1491 4613 que
1551 4533 1773 4595 Ravna
1834 4542 2098 4593 vocatur
2160 4543 2225 4591 et
2271 4531 2440 4590 venit
2486 4527 2571 4589 ad
2618 4528 2913 4588 arborem
2982 4526 3098 4604 pin'

382 4643 907 4724 crucesignatam.
956 4643 1114 4705 Inde
1159 4646 1243 4705 ad
1288 4646 1588 4707 arborem
1634 4646 1787 4707 ihor.
1848 4645 2006 4707 Inde
2053 4644 2137 4705 ad
2182 4654 2430 4723 partem
2502 4639 3096 4721 septemtrionalem

382 4754 657 4816 tendens
718 4756 888 4817 cadit
948 4757 1032 4817 ad
1081 4757 1311 4819 vallem
1357 4770 1420 4820 et
1466 4780 1579 4840 per
1640 4759 1915 4820 eandem
1975 4775 2248 4839 pergens
2309 4754 2566 4816 inferius
2626 4755 2759 4813 exit
2805 4752 2889 4813 ad
2937 4752 3098 4812 duas

382 4868 645 4930 arbores
690 4869 783 4930 tul
828 4872 1317 4953 crucesignataS.
1369 4872 1525 4933 Inde
1570 4873 1655 4933 ad
1701 4882 1952 4952 partem
1999 4869 2374 4931 orientalem
2421 4867 2694 4929 tendens
2723 4885 2838 4945 per
2869 4864 3096 4925 silvam

382 4992 447 5043 et
493 4984 808 5043 transiens
868 4982 1129 5046 fluvium
1193 4984 1577 5047 Poloziticha
1649 4985 1820 5047 cadit
1864 4962 1951 5046 ad
1997 4984 2256 5045 fluvium
2308 4980 2479 5043 Zaua
2525 4992 2589 5041 et
2635 4980 2717 5039 ibi
2767 4988 2862 5039 est
2909 4978 3100 5038 arbor

384 5097 564 5175 pomi
632 5098 1087 5179 crucesignata.
1137 5099 1293 5161 Inde
1366 5100 1621 5161 inferius
1688 5098 1961 5160 tendens
2029 5116 2144 5177 per
2213 5094 2560 5159 Chasmam
2623 5093 2956 5154 revertitur
3015 5089 3099 5151 ad
