3797 5795
1730 384 2003 447 -492
2074 420 2140 427 —

578 578 923 655 pervenire,
984 576 1164 655 quod
1212 578 1571 637 constitutis
1616 578 1681 636 in
1729 586 1946 637 nostra
1998 576 2326 655 presencia
2385 574 2470 635 ab
2519 592 2646 633 una
2693 582 2870 651 parte
2937 572 3287 633 Wratizlao

579 688 708 749 filio
747 687 947 768 Jacou
992 700 1057 750 et
1102 691 1185 750 ab
1232 689 1431 750 altera
1481 689 1726 750 lwanca
1772 692 2028 763 comite,
2073 705 2310 769 genero
2356 686 2646 748 eiusdem
2692 704 2810 764 pro
2855 704 2922 746 se
2945 695 3010 746 et
3033 684 3286 765 Jacobo

578 802 766 862 fratre
812 819 945 876 su0,
992 802 1164 863 idem
1234 801 1609 863 Wratizlaus
1654 800 1794 863 filiis
1837 804 1965 863 suis
2013 800 2362 861 Benedicto
2410 810 2474 861 et
2521 798 2866 860 Dominico
2911 813 2976 858 et
3023 797 3292 871 Noreta,

578 914 767 974 fratre
836 916 1029 993 ipsius
1096 915 1435 991 Wratizlai,
1501 915 1857 976 astantibus
1904 925 1966 975 et
2013 912 2572 976 consencientibus
2629 913 3004 991 porcionem
3072 912 3286 989 ipsum

580 1026 993 1099 X‘Vratizlaum
1040 1030 1521 1109 contingentem
1566 1030 1823 1089 racione
1870 1027 2193 1089 divisionis
2223 1026 2390 1087 facte
2423 1026 2584 1085 inter
2630 1025 2838 1103 ipsum
2876 1034 2938 1085 et
2971 1024 3291 1085 Noretam

576 1141 641 1199 in
689 1149 853 1199 terra
912 1158 1106 1219 quam
1168 1142 1335 1201 rivus
1396 1141 1620 1202 Batina
1684 1139 2001 1213 interfluit,
2063 1140 2393 1201 confessus
2439 1148 2552 1211 est,
2598 1156 2667 1198 se
2713 1137 3072 1197 vendidisse
3135 1156 3286 1197 cum

578 1252 877 1312 omnibus
937 1252 1308 1314 utilitatibus
1369 1255 1560 1333 ipsius
1622 1254 1944 1333 porcionis
2001 1252 2292 1331 predicto
2356 1252 2606 1312 Iwanca
2665 1252 2879 1311 comiti
2927 1261 2990 1310 et
3033 1248 3288 1329 Jacobo

578 1363 747 1424 fratri
795 1368 927 1426 eius
972 1366 1337 1445 supradicto
1382 1376 1445 1427 et
1492 1386 1605 1445 per
1650 1386 1764 1427 eos
1808 1369 2090 1446 ipsorum
2157 1365 2498 1426 heredibus
2543 1362 2980 1441 heredumque
3027 1382 3286 1423 succes-

536 1477 823 1570 ·soribus
870 1479 1001 1539 iure
1046 1490 1358 1557 perpetuo
1420 1479 1875 1559 possidendam
1925 1499 2043 1558 pro
2097 1480 2312 1560 viginti
2383 1477 2634 1538 duabus
2696 1477 2938 1550 marciS,
3009 1494 3172 1555 quas
3215 1495 3290 1536 se

578 1588 740 1649 dixit
785 1590 869 1651 ab
914 1590 1158 1652 eisdem
1205 1591 1454 1653 Iwanca
1500 1594 1737 1654 comite
1767 1602 1831 1653 et
1857 1592 2104 1671 Jacobo
2148 1591 2429 1672 plenarie
2475 1591 2802 1668 recepisse.
2848 1588 3060 1649 Prima
3111 1602 3286 1649 meta

579 1712 741 1762 terre
787 1703 1062 1777 vendite,
1106 1706 1265 1765 sicut
1312 1714 1524 1783 partes
1570 1705 1757 1765 nobis
1800 1704 2168 1778 retulerunt,
2213 1706 2432 1783 incipit
2478 1703 2586 1763 ubi
2633 1706 2799 1764 rivus
2832 1699 3083 1764 Climen
3131 1721 3286 1762 con-

576 1815 851 1895 iungitur
896 1834 1061 1896 aque
1122 1816 1346 1878 Batina
1393 1828 1457 1878 et
1502 1820 1565 1878 in
1612 1818 1846 1878 eodem
1895 1818 2030 1877 rivo
2078 1815 2327 1880 Climen
2388 1816 2682 1895 procedit
2741 1834 2954 1877 versus
3001 1826 3286 1893 septem—

576 1928 849 1989 trionem
917 1948 1033 2007 per
1098 1930 1495 2009 aliquantum
1562 1933 1849 2009 spacium
1921 1939 1985 1991 et
2053 1929 2320 1991 exiliens
2388 1929 2474 1990 de
2538 1931 2673 1989 rivo
2747 1926 2996 1992 Climen
3067 1946 3287 1988 versus

574 2042 887 2102 orientem
956 2042 1150 2103 habet
1218 2056 1459 2103 metam
1530 2054 1805 2104 terream
1876 2045 1996 2104 sub
2055 2043 2283 2103 arbore
2342 2042 2454 2117 tul,
2514 2041 2666 2102 inde
2726 2042 3018 2121 procedit
3064 2058 3286 2101 versus

574 2154 885 2213 orientem
954 2166 1019 2215 et
1086 2156 1256 2216 venit
1322 2155 1407 2217 ad
1476 2166 1714 2217 metam
1785 2166 2076 2230 terream,
2146 2174 2270 2234 que
2326 2166 2427 2217 est
2489 2155 2609 2215 sub
2669 2155 2897 2217 arbore
2957 2132 3054 2215 tul
3099 2156 3280 2214 iuxta

574 2283 875 2347 magnam
912 2270 1095 2343 viam,
1126 2288 1253 2344 que
1284 2270 1381 2329 via
1414 2270 1731 2330 exercitus
1769 2271 2154 2343 nominatur,
2197 2268 2347 2329 inde
2394 2269 2708 2329 transiens
2753 2270 2918 2329 viam
2969 2285 3276 2348 magnam

576 2381 833 2440 vertitur
876 2379 960 2440 ad
1007 2381 1339 2442 meridiem
1384 2393 1449 2443 et
1494 2381 1828 2443 descendit
1872 2384 1938 2443 in
1983 2382 2214 2443 vallem
2248 2400 2467 2456 unam,
2512 2382 2576 2441 in
2623 2399 2751 2462 qua
2796 2380 2988 2441 habet
3037 2392 3282 2440 metam

573 2501 841 2553 terream
904 2492 1023 2553 sub
1090 2494 1317 2555 arbore
1384 2494 1548 2570 cher,
1624 2496 1685 2555 in
1762 2494 1992 2556 eadem
2059 2494 2222 2555 valle
2307 2494 2604 2573 procedit
2664 2504 2729 2555 et
2801 2496 2994 2555 intrat
3077 2494 3284 2555 rivum

574 2601 884 2687 Scinna(!)
932 2616 995 2666 et
1050 2609 1114 2667 in
1160 2607 1393 2668 eodem
1440 2610 1576 2669 rivo
1623 2606 1934 2689 Zuinna(!)
1983 2608 2274 2687 procedit
2321 2627 2442 2686 per
2487 2617 2927 2687 competenter
2975 2624 3284 2688 magnum

570 2718 859 2794 spacium
906 2728 968 2779 et
1014 2721 1237 2780 exiens
1281 2720 1364 2780 de
1410 2719 1653 2781 Zuinna
1712 2740 1929 2783 versus
1975 2720 2400 2795 occidentem,
2467 2720 2658 2781 habet
2705 2730 2947 2782 metam
3005 2730 3284 2781 terream

571 2829 693 2889 sub
736 2830 963 2892 arbore
1022 2835 1219 2912 pomi,
1263 2833 1414 2893 inde
1459 2836 1770 2895 transiens
1829 2844 2120 2895 montem
2169 2852 2370 2894 unum
2417 2836 2590 2895 venit
2635 2833 2720 2893 ad
2767 2852 3002 2914 aquam
3049 2833 3278 2894 Batina

568 2953 635 3003 et
681 2962 756 3005 ea
804 2947 1064 3006 transita
1110 2965 1323 3007 versus
1392 2945 1795 3008 occidentem
1844 2948 2038 3008 habet
2084 2958 2328 3009 metam
2393 2958 2666 3008 terream
2714 2947 2836 3007 sub
2881 2947 3110 3008 arbore
3153 2949 3283 3020 tul;

566 3057 719 3118 inde
762 3059 1055 3136 procedit
1085 3077 1301 3120 versus
1346 3060 1747 3121 occidentem
1782 3070 1845 3121 et
1877 3063 2049 3122 venit
2079 3064 2142 3121 in
2175 3064 2398 3135 rivum,
2445 3063 2553 3139 qui
2593 3060 2824 3121 dicitur
2857 3059 3276 3143 Megepotok‚

566 3171 631 3230 in
679 3173 855 3232 cuius
902 3173 1185 3254 margine
1232 3173 1425 3234 habet
1472 3184 1711 3234 metam
1758 3185 2032 3235 terream
2077 3175 2196 3235 sub
2243 3174 2473 3234 arbore
2520 3171 2608 3235 tul
2635 3184 2701 3234 et
2749 3175 2812 3233 in
2859 3173 3094 3236 eodem
3143 3176 3278 3232 rivo

566 3281 967 3366 Megepotok
1034 3285 1321 3346 ascendit
1366 3305 1581 3347 versus
1625 3290 2155 3365 septemtrionem
2200 3297 2263 3348 et
2309 3289 2372 3348 in
2421 3290 2631 3365 capite
2677 3289 2871 3367 ipsius
2917 3288 3029 3347 rivi
3073 3285 3274 3346 habet

564 3407 810 3458 metam
881 3409 1171 3472 terream,
1232 3400 1382 3460 inde
1442 3399 1733 3478 procedit
1800 3401 2012 3462 adhuc
2079 3419 2295 3462 versus
2361 3403 2890 3480 septemtrionem
2952 3402 3014 3461 in
3076 3399 3276 3460 latere

564 3513 823 3584 montiS‚
868 3511 1046 3589 quod
1091 3512 1319 3574 dicitur
1366 3512 1547 3574 Birch
1594 3523 1657 3574 et
1703 3515 1875 3574 venit
1922 3513 2006 3576 ad
2052 3523 2294 3574 metam
2341 3525 2614 3575 terream
2661 3514 2782 3574 sub
2827 3514 3056 3574 arbore
3100 3513 3271 3586 cher,

559 3621 717 3684 inde
768 3626 1029 3684 vertitur
1072 3624 1157 3686 ad
1202 3627 1513 3686 orientem
1558 3636 1623 3687 et
1669 3629 1840 3686 venit
1886 3626 1971 3687 ad
2017 3645 2254 3705 aquam
2317 3627 2560 3699 Batina,
2607 3629 2782 3687 iuxta
2829 3645 3025 3706 quam
3071 3623 3270 3686 habet

560 3747 803 3798 metam
866 3748 1139 3799 terream
1186 3739 1305 3800 sub
1349 3739 1576 3800 arbore
1636 3739 1787 3800 cher
1830 3750 1894 3800 et
1939 3741 2004 3800 in
2051 3739 2278 3800 eadem
2341 3759 2507 3819 aqua
2578 3739 2801 3800 Batina
2862 3737 3268 3800 descendens

554 3853 887 3912 revertitur
919 3850 1003 3911 ad
1034 3853 1304 3930 primam
1355 3863 1613 3912 metam.
1660 3850 2018 3913 Astiterunt
2065 3854 2268 3913 eciam
2304 3852 2386 3913 de
2417 3871 2650 3934 genere
2675 3851 2984 3931 Johannis
3027 3851 3264 3933 pugilis

556 3960 643 4022 de
712 3963 976 4046 Zagoria
1043 3967 1403 4026 cometanei
1479 3977 1641 4026 terre
1722 3965 1996 4039 vendite,
2079 3965 2344 4026 scilicet:
2429 3965 2583 4026 Paul
2658 3975 2724 4026 et
2794 3963 3060 4037 Iwanus,
3151 3963 3256 4025 filii

558 4073 915 4147 Mortuum,
980 4075 1251 4150 Dur-san,
1311 4077 1475 4138 filius
1520 4077 1691 4139 Ratk
1736 4089 1801 4139 et
1848 4077 2011 4141 Ozul
2057 4078 2220 4139 filius
2264 4077 2592 4157 Stephani,
2655 4080 2761 4156 qui
2809 4077 3262 4138 vendicionem

553 4185 793 4249 factam
839 4207 1158 4251 consensu
1203 4210 1319 4252 suo
1366 4189 1767 4265 ratificantes,
1814 4191 2133 4252 Iwancam
2180 4193 2488 4252 comitem
2535 4202 2599 4252 et
2649 4190 2957 4268 Iacobum
3005 4190 3261 4251 fratrem

553 4303 689 4361 eius
736 4312 798 4362 et
846 4302 1111 4363 heredes
1156 4322 1377 4363 eorum
1427 4303 1863 4385 heredumque
1909 4323 2305 4365 successores
2349 4323 2541 4383 super
2585 4315 2818 4365 terram
2867 4303 3259 4364 antedictam

554 4415 863 4476 concordi
908 4414 1235 4476 voluntate
1281 4427 1654 4495 receperunt
1702 4428 1765 4478 et
1812 4427 2347 4497 perpetuaverunt
2393 4418 2510 4478 sibi
2546 4419 2610 4477 in
2639 4419 3042 4496 praescriptis
3077 4419 3265 4477 metis

552 4539 1041 4588 commetaneos
1072 4538 1134 4589 et
1168 4531 1425 4590 vicinos
1474 4530 1545 4590 ln
1593 4532 1771 4592 cuius
1801 4533 1888 4591 rei
1923 4532 2360 4592 testimonium
2408 4540 2738 4609 presentes
2765 4529 2850 4590 ad
2883 4531 3264 4591 instanciam

552 4642 838 4720 parcium
908 4641 1292 4702 contulimus
1359 4643 1539 4724 sigilli
1602 4647 1794 4704 nostri
1870 4645 2220 4705 munimine
2289 4643 2638 4704 roboratas,
2713 4642 2957 4704 Datum
3039 4655 3262 4722 quarta

552 4754 707 4816 seria
752 4763 901 4813 ante
946 4753 1177 4815 festum
1224 4755 1473 4816 Vrbani
1519 4776 1703 4836 pape,
1748 4775 1923 4816 anno
1970 4755 2213 4818 domini
2265 4753 2685 4820 MCCLXIX.

738 4867 1035 4941 Orzginal
1074 4889 1113 4926 u
1142 4870 1661 4946 jugoslavenskoj
1700 4871 2060 4945 akademiji.
2109 4873 2276 4949 Dipl.
2330 4874 2421 4930 ad
2460 4893 2520 4929 a.
2572 4874 2745 4935 1269,

727 4971 919 5028 Liber
966 4974 1255 5049 privileg.
1318 4984 1589 5052 eppatus.
1656 4976 1922 5050 Zagrab.
1985 4979 2097 5034 list
2151 4981 2234 5035 61.
2281 5009 2366 5018 --
2420 4977 2674 5035 Tkalc'ic‘
2731 4977 3010 5034 lisanum.
3077 4979 3262 5053 episc.

553 5077 818 5151 Zagrab.
871 5077 923 5133 I.
971 5083 1296 5136 141—142.
1348 5112 1431 5122 --
1494 5081 1738 5137 IVcnzel
1786 5081 1928 5140 cod.
1975 5082 2122 5158 dipl.
2169 5082 2316 5157 Arp.
2355 5081 2464 5138 XI.
2521 5085 2655 5137 596.
2707 5103 2802 5143 no.
2853 5087 2997 5137 440.
3047 5083 3268 5140 donosi

556 5191 769 5256 regest.
820 5215 900 5223 —-
946 5183 1323 5258 Kukuljern'c‘
1361 5187 1510 5258 ch.
1558 5207 1655 5244 no,
1712 5189 1847 5242 977.
