3797 5795
612 824 812 904 1256,
857 823 963 888 15.
1015 822 1234 905 maja.

617 1013 784 1075 Bela
833 1011 1020 1096 kralj
1063 1012 1352 1098 ugarskz'
1377 1013 1412 1075 ι’
1434 1013 1751 1076 Ιινυαίειὲί
1786 1015 2179 1098 ᾡοίῡνιί]ἀ]ἐ
2222 1013 2501 1097 ispravu
2526 1015 2836 1098 podbana
2870 1016 3311 1079 Aleksandra

687 1126 952 1210 glasom
1000 1125 1148 1209 koje
1193 1131 1414 1210 Zupcm
1465 1126 1749 1189 Hahold
1799 1132 2001 1189 vrac‘a
2047 1129 2507 1226 zagrebacfkom
2554 1128 2831 1212 kaptolu
2882 1129 3216 1191 desefmu.

786 1318 938 1379 Bela
984 1319 1085 1379 dei
1133 1320 1342 1400 gracia
1390 1319 1734 1400 Hungarie‚
1766 1318 2115 1392 Dalmacie,
2150 1317 2475 1394 Crouacie,
2510 1320 2729 1392 Rame,
2761 1319 2996 1394 Serme,
3028 1319 3310 1395 Gallicie,

615 1431 1018 1501 Lodomerie,
1066 1430 1506 1510 Cumanieque
1569 1451 1682 1492 rex
1729 1432 2029 1493 omnibus
2075 1430 2299 1495 Christi
2362 1431 2655 1493 fidelibus
2700 1445 3026 1510 presentes
3071 1435 3313 1495 litteras

615 1547 986 1623 inspecturis
1046 1545 1316 1606 salutem
1381 1548 1444 1605 in
1505 1564 1586 1606 eo
1657 1547 1764 1625 qui
1827 1545 2083 1626 regibus
2144 1545 2253 1606 dat
2315 1545 2603 1605 salutem.
2674 1545 3079 1607 Excellencia
3141 1547 3312 1626 regia

613 1658 956 1719 subleuans
1002 1658 1240 1719 honera
1286 1660 1718 1719 subiectorum
1764 1658 1927 1718 solet
1976 1657 2095 1736 hys
2130 1677 2359 1718 munus
2398 1657 2911 1718 confirmacionis
2942 1659 3313 1737 impendere

615 1790 740 1850 que
801 1747 1217 1832 dinoscuntur
1285 1772 1563 1853 legitime
1631 1771 1941 1845 ordinata,
1995 1791 2075 1832 ne
2142 1770 2383 1832 eisdem
2453 1790 2755 1849 processu
2814 1781 3181 1850 temporum
3246 1773 3309 1833 in

615 1887 852 1944 irritum
900 1887 1211 1946 reuocatis
1259 1886 1502 1945 ueritati
1552 1884 1904 1963 preiudicet
1949 1884 2187 1944 salsitas
2218 1893 2281 1944 et
2317 1885 2611 1963 iniquitas
2656 1884 2981 1962 preualeat
3026 1886 3306 1963 equitati.

617 1997 889 2058 Proinde
933 1997 1018 2057 ad
1063 2000 1502 2058 uniuersorum
1549 1997 1851 2057 noticiam
1898 2007 2120 2057 tenore
2164 1999 2564 2076 presencium
2621 1997 2919 2058 uolumus
2965 1999 3311 2076 peruenire,

615 2110 792 2189 quod
837 2109 1056 2172 fideles
1101 2111 1298 2171 nostri
1342 2121 1404 2170 et
1451 2110 1660 2171 dilecti
1695 2111 1919 2170 fratres
1950 2109 2385 2191 Zagrabiensis
2415 2111 2680 2171 ecclesie
2713 2111 3078 2188 optulerunt
3128 2111 3313 2171 nobis

614 2223 852 2282 litteras
897 2221 1252 2283 Alexandri
1296 2225 1584 2283 uicebani
1634 2224 1884 2283 comitis
1946 2223 2399 2304 Zagrabiensi3‚
2462 2223 2672 2282 dilecti
2722 2233 2785 2284 et
2832 2223 3035 2284 fidelis
3096 2225 3309 2295 nostri,

617 2338 777 2396 inter
821 2337 992 2414 ipsos
1037 2345 1100 2395 et
1147 2337 1447 2396 comitem
1499 2336 1870 2396 Haholdum
1919 2355 2107 2414 super
2153 2336 2323 2396 facto
2371 2336 2763 2396 decimarum
2808 2338 3153 2409 confectas,
3213 2355 3315 2396 su-

617 2449 925 2527 plicantes
969 2448 1285 2509 humiliter
1331 2459 1394 2508 et
1441 2448 1693 2522 deuote,
1737 2462 1805 2509 ut
1853 2449 2113 2510 easdem
2162 2449 2571 2530 dignaremur
2601 2448 2998 2522 confirmare,
3046 2467 3313 2526 quarum

619 2571 803 2620 tenor
848 2561 988 2621 talis
1035 2573 1160 2621 cst:

791 2674 1053 2754 (Slijede'
1084 2677 1436 2752 pre’diduc'a
1471 2678 1718 2752 povelja
1758 2676 2051 2752 podbana
2098 2675 2545 2740 Aleksandra.)

797 2784 959 2849 Cum
1007 2789 1190 2868 igitur
1236 2789 1409 2846 iustis
1469 2790 1832 2866 petencium
1902 2787 2195 2865 precibus
2258 2787 2545 2847 fauorem
2595 2788 2897 2866 impartiri
2946 2787 3314 2849 beniuolum

623 2902 802 2981 uigor
845 2903 1140 2979 equitatis
1185 2914 1248 2961 et
1294 2902 1454 2961 ordo
1501 2903 1716 2982 exigat
1779 2902 2066 2973 racionis⁹
2128 2901 2621 2979 suplicacionem
2670 2900 2983 2961 dictorum
3056 2903 3317 2962 fratrum

625 3016 848 3074 iustam
895 3014 1317 3089 attendente5‚
1364 3014 1640 3093 prefatas
1673 3013 2027 3079 Alexandri
2068 3013 2359 3073 uicebani
2393 3014 2629 3074 litteras
2660 3014 3058 3092 presentibus
3106 3013 3323 3074 litteris

623 3128 850 3187 nostris
896 3127 1158 3187 fecimus
1206 3130 1390 3187 inseri
1437 3138 1499 3188 et
1546 3127 1726 3208 sigilli
1775 3129 1969 3187 nostri
2020 3127 2287 3205 duplicis
2334 3130 2684 3188 munimine
2731 3128 3031 3211 roborari.
3080 3128 3317 3188 Datum

625 3258 736 3318 per
783 3259 1007 3301 manus
1053 3242 1330 3322 magistri
1379 3240 1712 3321 Smaragdi
1758 3238 2060 3301 Albensis
2121 3240 2383 3300 ecclesie
2445 3240 2645 3314 electi,
2707 3240 2849 3300 aule
2896 3252 3110 3299 nostre
3158 3243 3320 3300 uice-

625 3354 995 3425 cancellarii‚
1042 3354 1251 3414 dilecti
1298 3366 1359 3414 et
1407 3351 1610 3413 fidelis
1657 3355 1871 3424 nostri,
1919 3372 2091 3413 anno
2154 3352 2397 3413 domini
2470 3354 2803 3413 millesimo
2873 3353 3313 3413 ducentesimo

626 3469 1154 3547 quinquagesimo
1186 3478 1391 3539 sext0‚
1439 3465 1579 3526 idus
1626 3467 1791 3536 maii,
1834 3468 2011 3547 regni
2060 3476 2273 3526 autem
2322 3468 2517 3525 nostri
2566 3485 2737 3525 anno
2768 3468 3073 3526 uicesimo
3098 3467 3321 3545 primo,

811 3661 1107 3735 Oregz'nal
1147 3681 1186 3717 u
1233 3660 1746 3735 nadbe'skupskom
1809 3660 2033 3716 arkivu
2097 3680 2135 3717 ιι
2183 3662 2463 3732 Zagrcbu
2486 3682 2505 3716 .·
2577 3686 2600 3711 »
2618 3662 2965 3718 Decimalia
3017 3658 3171 3739 03s¹1.<
3240 3694 3251 3699 -
3273 3694 3325 3702 -

631 3767 822 3821 l'cb'at
843 3767 920 3840 je
965 3773 1158 3840 otpcw,
1205 3766 1330 3821 visi
1373 3784 1454 3820 nez
1518 3765 1721 3820 [clrtini
1777 3784 1948 3819 samo
2011 3766 2171 3821 malo
2233 3785 2455 3821 crve'ne·
2502 3767 2527 3821 i
2570 3768 2799 3840 smedje
2844 3767 3077 3822 svilene
3122 3786 3321 3822 vrz’ce.

1877 4057 2069 4135 550.

633 4206 834 4282 1256,
883 4206 993 4270 18.
1042 4204 1188 4287 maj
1199 4225 1263 4269 a.

635 4396 808 4457 Bela
855 4394 1046 4479 kralj
1084 4393 1376 4479 ugarskz'
1415 4394 1448 4455 ι’
1486 4394 1802 4457 lzrvatskz‘
1840 4395 2214 4479 dosudjuy'e
2279 4395 2799 4458 Varardz'ncz'ma
2846 4397 2997 4459 olok
3054 4395 3322 4479 Tarsos,

1179 4506 1328 4590 kojz'
1347 4507 1430 4591 je
1475 4508 1782 4591 svojatao
1828 4515 2051 4591 §upon
2106 4508 2330 4591 Juraj
2368 4507 2482 4570 sin
2533 4508 2792 4572 Lukz'n.

811 4700 960 4761 Bela
1007 4700 1109 4760 dei
1154 4702 1365 4781 gracia
1414 4700 1758 4781 Hungarie,
1790 4699 2138 4772 Dalmacie,
2172 4698 2498 4775 Crouacie,
2531 4702 2751 4774 'Rame‚
2784 4700 3019 4773 Serme,
3052 4699 3335 4775 Gallicie,

638 4814 1042 4888 Lodomerie,
1091 4811 1528 4892 Cumanieque
1575 4832 1688 4873 rex
1735 4813 2035 4873 omnibus
2083 4811 2309 4875 Christi
2360 4812 2652 4874 fidelibus
2698 4824 3025 4895 presentes
3087 4813 3328 4874 litteras

636 4929 1006 5006 inspecturis
1051 4927 1321 4987 salutem
1369 4928 1431 4986 in
1479 4946 1558 4987 eo
1604 4928 1709 5006 qui
1759 4926 2011 5007 regibus
2058 4926 2166 4986 dat
2214 4926 2501 4986 salutem.
2567 4926 2972 4988 Excellencia
3020 4929 3193 5007 regia
3238 4928 3333 4986 in-

639 5040 904 5121 uigilans
963 5040 1260 5101 remediis
1319 5040 1739 5111 subditorum,
1801 5039 1964 5099 solet
2026 5058 2099 5099 ea
2164 5040 2290 5099 suis
2338 5039 2556 5100 litteris
2617 5042 2938 5110 roborare,
3000 5060 3127 5120 que
3190 5042 3338 5101 iuris
