3797 5795
1574 376 1835 438 -433
1898 410 1980 417 —

1683 668 1875 748 904.

417 830 616 910 1267,
662 831 729 895 8.
768 830 952 912 jula.
1000 834 1051 898 U
1099 831 1401 898 viterbi.

416 1037 741 1100 Klement
783 1038 833 1099 I
844 1039 913 1100 V.
954 1045 1139 1122 papa
1185 1037 1621 1125 nadbz'skupu
1667 1043 2210 1119 ravenalskomu,
2263 1043 2354 1105 da
2401 1042 2852 1129 zlrkorjenjuje
2889 1045 3124 1108 herezu

802 1173 847 1212 u
896 1151 1243 1235 sy'evernoj
1282 1151 1519 1235 Ifaltjz‘
1559 1153 1592 1215 ι’
1631 1174 1679 1215 u
1728 1154 2186 1239 dubrovac'koj
2226 1155 2722 1241 nadbt'skupz'jz'.

589 1341 887 1406 Clemens
932 1347 1271 1424 episcopus
1316 1364 1534 1407 seruus
1565 1366 1895 1408 seruorum
1930 1347 2030 1408 dei
2067 1349 2406 1409 venerabili
2443 1348 2612 1410 fratri
2644 1349 3126 1430 archiepiscopo

412 1456 769 1517 Rauennati
803 1457 1074 1518 salutern
1108 1468 1170 1518 et
1202 1458 1623 1536 apostolicam
1669 1460 2216 1521 benediccionem.
2264 1460 2372 1522 Ab
2405 1462 2559 1522 olim
2591 1481 2811 1541 sparso
2842 1462 3120 1541 pestiferi

409 1570 655 1630 semine
717 1573 965 1651 generis
1029 1572 1091 1630 in
1152 1590 1307 1653 agro
1368 1575 1653 1650 parcium
1718 1568 2516 1648 Lombardie‘subcreuit‚
2579 1595 2660 1636 ex
2724 1574 2830 1638 illo
2901 1578 3121 1638 messis

408 1682 661 1743 odibilis
707 1683 946 1744 fructus
991 1684 1428 1744 amaritudinis
1460 1704 1608 1746 cum
1656 1685 1895 1746 doloris
1942 1689 2371 1748 immensitate
2417 1688 2796 1767 producenS,
2844 1689 2925 1749 de
2969 1687 3124 1750 flatu

414 1813 694 1873 namque
739 1796 1003 1856 sathane
1049 1797 1452 1872 turbacionis,
1499 1799 1727 1878 quietis
1772 1799 2095 1880 emulique
2127 1802 2302 1878 pacis
2333 1801 2830 1882 progredientes,
2872 1801 3116 1864 dudum

417 1909 486 1968 in
531 1908 633 1970 illa
678 1911 937 1990 regione
984 1910 1091 1969 viri
1139 1913 1524 1991 sanguinum
1568 1911 1939 1989 pestilentes
1987 1924 2188 1973 totam
2237 1925 2469 1974 terram
2534 1915 2879 1974 innumeris
2926 1915 3125 1994 reple-

418 2032 640 2082 verunt
699 2025 1004 2104 angustiis
1050 2032 1112 2082 et
1160 2024 1341 2082 variis
1380 2023 1846 2085 discriminibus
1894 2025 2316 2101 subiecerunt,
2370 2037 2502 2087 tam
2551 2027 2878 2108 indigenis,
2926 2046 3125 2106 quam

414 2135 639 2195 ceteris
684 2136 1035 2196 earundem
1098 2138 1381 2214 parcium
1447 2137 1670 2197 incolis
1734 2138 1926 2220 longo
1975 2150 2267 2218 ternpore
2313 2142 2534 2218 positis
2581 2143 2643 2201 in
2691 2141 3014 2204 excidium
3063 2155 3128 2202 et

415 2250 680 2322 ruinam,
727 2248 941 2308 multis
987 2269 1023 2308 a
1056 2250 1159 2310 dei
1208 2263 1271 2310 et
1318 2251 1580 2310 ecclesie
1628 2251 1984 2312 deuocione
2030 2253 2382 2327 subtractis,
2431 2272 2625 2332 quam
2674 2253 2960 2332 pluribus
3005 2257 3125 2316 sub
3184 2289 3190 2301 ·

418 2361 627 2422 hostili
686 2360 867 2422 clade
928 2365 1291 2440 peremptiS,
1352 2362 1485 2426 aliis
1545 2365 1608 2424 in
1671 2365 1933 2424 exilium
1983 2365 2242 2439 traditis,
2291 2365 2630 2441 nonnullis,
2680 2369 2784 2444 qui
2833 2368 3126 2429 solebant

414 2474 637 2536 florere
699 2475 959 2545 diuiciis,
1008 2479 1245 2554 opertis
1306 2476 1499 2554 pallio
1547 2479 1955 2559 paupertatis.
2019 2477 2289 2539 Bellicus
2335 2478 2574 2540 ibidem
2621 2479 2794 2540 furor
2841 2480 3126 2554 inualuit,

415 2590 685 2648 armauit
748 2591 1041 2667 impietas
1103 2599 1347 2667 patrem
1398 2591 1459 2649 in
1507 2589 1723 2659 filiurn,
1773 2590 1972 2650 filium
2034 2593 2094 2650 in
2160 2602 2408 2670 patrem
2457 2602 2520 2652 et
2567 2593 2757 2652 frater
2827 2596 3126 2671 proximo

417 2711 547 2761 non
594 2704 895 2780 pepercit,
930 2702 1117 2762 veluti
1165 2701 1425 2784 singulis
1458 2705 1520 2763 in
1566 2703 1793 2763 cedem
1842 2706 2168 2782 propriam
2214 2705 2563 2764 concitatis
2613 2705 2761 2766 Hoc
2806 2707 3126 2784 siquidem

414 2815 551 2892 ipse
598 2814 789 2874 Belial
859 2818 1138 2893 peccatis
1202 2815 1589 2894 populorum
1659 2817 2063 2899 exigentibus
2125 2837 2496 2894 procurasse
2558 2820 2994 2892 committitur,
3054 2831 3124 2879 ut

415 2928 661 3007 prefata
722 2932 915 3009 regiO,
963 2948 1088 3007 que
1152 2929 1350 2989 multe
1412 2930 1758 2991 nobilitatis
1819 2941 1883 2990 et
1946 2930 2194 2991 decoris
2253 2933 2463 3011 gracia
2509 2931 2926 3010 prepollebat,
2989 2932 3122 2993 def-

412 3042 824 3103 formacionis
870 3042 1205 3120 dispendia
1253 3042 1373 3101 sub
1408 3043 1745 3103 miserabili
1781 3042 1972 3104 ducta
2005 3044 2296 3104 uehiculo
2327 3063 2544 3123 pressa
2575 3054 2758 3123 peste
2789 3046 3118 3123 tyrannica

418 3158 769 3216 sustineret.
817 3154 947 3226 Sed
996 3166 1061 3215 ut
1098 3155 1315 3215 talium
1362 3158 1889 3233 persecucionum
1924 3156 2048 3217 olla
2081 3155 2358 3220 flammis
2404 3156 2760 3218 durioribus
2807 3158 3116 3232 ebulliret,

420 3268 749 3345 quondam
810 3268 1167 3329 Fridericus
1229 3266 1696 3347 deploracionis
1757 3279 1976 3329 eterne
2044 3269 2205 3329 filius
2267 3280 2330 3329 et
2377 3273 2734 3331 successiue
2781 3268 3115 3341 Conradus

414 3400 491 3441 ac
551 3381 815 3441 demum
882 3380 1251 3442 Manfredus
1304 3384 1640 3462 generacio
1704 3401 1903 3461 praua
1964 3394 2027 3443 et
2090 3401 2495 3461 exasperans
2542 3382 2882 3461 perhennis
2929 3385 3122 3445 male-

420 3495 725 3555 diccionis
790 3495 1071 3573 alumpni
1142 3512 1518 3555 succensum
1592 3497 1825 3576 ignem,
1872 3498 1978 3573 qui
2050 3498 2138 3557 sic
2207 3496 2643 3558 vniuersaliter
2711 3498 2917 3575 ipsam
2985 3516 3130 3575 pro-

427 3608 698 3667 uinciam
762 3608 1088 3677 exurebat,
1138 3625 1216 3667 ne
1278 3606 1438 3668 forte
1501 3607 1891 3682 lentesceret,
1960 3609 2073 3668 sed
2119 3610 2170 3669 si
2217 3609 2372 3688 quid
2433 3609 2723 3670 nondum
2789 3611 2850 3670 in
2912 3610 3127 3673 cibum

424 3723 557 3779 eius
601 3720 967 3793 aduenerat,
1013 3720 1294 3781 celeriori
1342 3721 1591 3781 ustione
1638 3731 1928 3794 vastaret,
1969 3740 2081 3781 sua
2127 3722 2348 3782 fouere
2393 3724 2685 3799 nequicia
2731 3722 3128 3783 studuerunt.

426 3832 781 3893 Misericors
839 3844 1055 3893 autem
1119 3833 1435 3905 dominuS,
1497 3836 1657 3893 sicut
1722 3834 2038 3895 interdum
2105 3836 2401 3907 irascitur,
2451 3846 2517 3894 ut
2564 3835 2900 3915 benignius
2946 3854 3125 3895 man-

425 3957 686 4021 suescat,
754 3948 842 4006 sic
908 3944 1147 4027 affligit,
1208 3956 1273 4006 ut
1336 3946 1582 4006 bonum
1652 3946 2117 4007 consolacionis
2186 3946 2434 4021 adiciat,
2496 3948 2584 4007 sic
2629 3950 2988 4025 prosternit,
3051 3958 3120 4008 ut

426 4060 609 4120 altius
668 4060 855 4122 elisos
901 4059 1186 4132 extollat,
1247 4078 1436 4139 super
1483 4060 1695 4137 lapsos
1740 4070 1804 4119 et
1850 4058 2123 4119 afflictos
2168 4062 2272 4139 pia
2319 4060 2713 4141 benignitate
2759 4061 3124 4138 respicienS,

427 4172 687 4233 sublatis
731 4171 815 4232 de
870 4172 1103 4245 medi0,
1151 4174 1257 4251 qui
1290 4171 1496 4232 facere
1543 4172 2004 4233 dissensionem
2051 4172 2479 4251 principaliter
2532 4172 2986 4244 succedebant,
3029 4192 3126 4233 sa-

423 4284 673 4345 lutifero
719 4285 1014 4366 dignatur
1058 4284 1175 4345 illis
1222 4287 1522 4363 inspirare
1584 4285 1867 4358 consiliO,
1935 4285 2110 4361 quod
2167 4284 2249 4345 ad
2297 4285 2724 4345 deuocionem
2786 4288 3124 4364 pristinam

424 4409 488 4458 et
532 4401 700 4458 viam
760 4399 933 4476 pacis
980 4410 1045 4459 et
1089 4398 1433 4458 concordie
1493 4408 1910 4471 reuertantur,
1971 4401 2128 4458 sicut
2176 4417 2288 4458 eos
2336 4400 2460 4457 iam
2507 4418 2624 4476 pro
2674 4400 2892 4459 maiori
2940 4409 3122 4477 parte

423 4513 849 4589 conspicimus
881 4511 1115 4571 deuote
1149 4512 1582 4572 conuersionis
1612 4512 1901 4589 spiritum
1935 4513 2365 4589 assumpsisse.
2402 4512 2644 4573 Verum
2680 4512 2827 4589 quia
2861 4521 3122 4591 propter
3217 4576 3222 4580 .

424 4623 623 4684 multa
685 4644 809 4702 que
871 4635 1106 4685 restant
1168 4625 1250 4685 de
1312 4623 1543 4685 finibus
1599 4624 1843 4684 illarum
1892 4626 2178 4702 parcium
2226 4624 2608 4703 extirpanda
2655 4636 2717 4684 et
2765 4644 2881 4703 pro
2929 4625 3018 4685 eis
3063 4626 3126 4685 in

423 4747 657 4797 statum
718 4738 906 4816 plene
969 4737 1305 4816 pacificum
1369 4735 1563 4797 dante
1627 4736 1893 4797 domino
1944 4736 2322 4797 reducendis
2371 4736 2798 4815 multipliciter
2843 4736 3126 4815 expedit,

425 4861 493 4910 ut
524 4861 656 4911 tam
689 4850 891 4911 clerus
923 4869 1116 4928 quam
1148 4851 1425 4929 populus
1456 4870 1540 4909 ex
1572 4861 1753 4927 parte
1802 4849 1970 4909 sedis
2000 4850 2354 4927 apostolice
2387 4850 2670 4911 uisitetur
2713 4860 3128 4927 nostramque

425 4965 819 5041 presenciam
868 4964 1015 5025 illuc
1061 4962 1148 5022 ob
1196 4962 1395 5023 multa
1442 4975 1505 5022 et
1550 4962 1749 5022 ardua
1796 4964 2081 5043 negocia,
2130 4962 2360 5040 quibus
2407 4962 2828 5035 distrahimur,
2873 4961 3126 5022 assidue

425 5074 691 5157 dirigere
755 5095 1167 5155 nequeamuS,
1228 5076 1311 5136 ad
1373 5094 1437 5135 te
1498 5078 1822 5154 propriam
1896 5086 2181 5135 mentem
2254 5076 2685 5135 conuertimus
2750 5086 2813 5135 et
2879 5085 3132 5135 nostros

512 5206 655 5251 con.
691 5210 855 5250 mPL.
892 5210 950 5251 v.
2957 5187 3040 5249 28
