3797 5795
1907 396 1988 402 —-
2048 359 2172 422 130
2235 396 2316 402 --

2022 861 2214 939 639.

755 1075 958 1152 1259,
1003 1072 1116 1138 10.
1159 1072 1360 1154 juna.
1414 1071 1473 1136 U
1518 1069 1784 1135 Zadru.

756 1265 995 1327 Debre.
1059 1262 1177 1324 sz'n
1241 1261 1601 1345 Gaucinje,
1662 1260 1994 1345 poklanja
2055 1267 2451 1323 samos-lanu
2521 1281 2617 1323 sv.
2669 1260 3024 1323 Km‘evana
3079 1260 3243 1344 svoj
3283 1260 3464 1323 vino-

1758 1375 1945 1459 grad
1989 1396 2032 1433 u
2087 1374 2452 1437 Pem‘anu.

932 1570 999 1629 ln
1050 1567 1280 1632 Christi
1332 1569 1609 1627 nomine.
1658 1565 1857 1627 Anno
1907 1568 2366 1626 incarnacionis
2427 1568 2562 1626 eius
2626 1565 2959 1625 millesimo
3018 1564 3466 1625 ducentesimo

751 1685 1284 1763 quinquagesimo
1335 1698 1529 1754 non0‚
1577 1682 1813 1739 mensis
1845 1682 2013 1754 iunii,
2059 1679 2164 1739 die
2196 1679 2450 1739 decimo
2484 1680 2773 1751 intrante,
2805 1668 3121 1739 indicione
3169 1678 3466 1751 secunda,

748 1796 957 1875 Jadre,
1005 1794 1402 1873 temporibus
1448 1793 1689 1854 domini
1746 1794 2040 1869 Ray-nerii
2089 1791 2251 1854 Geni
2300 1792 2491 1852 incliti
2544 1791 2722 1852 ducis
2755 1792 3038 1853 Venecie
3085 1802 3151 1850 et
3187 1794 3465 1871 magistri

756 1908 1091 1969 Laurencii
1138 1906 1515 1966 venerabilis
1555 1905 1747 1985 Jadre
1794 1905 2269 1983 archiepisc‹i›pi,
2331 1923 2406 1964 ac
2453 1903 2864 1964 dominorum
2927 1903 3252 1965 Leonardi
3303 1902 3466 1967 Con-

757 2022 957 2081 tareni
1004 2032 1067 2080 et
1118 2019 1314 2079 Marci
1367 2018 1659 2079 Bemboli
1709 2017 2212 2078 consiliariorum
2261 2030 2324 2077 et
2373 2027 2690 2077 rectorum
2739 2018 3008 2077 ciuitatis
3046 2016 3256 2095 Jadre.
3333 2016 3470 2097 Ego

756 2132 981 2193 Dobre
1027 2132 1234 2193 dictus
1298 2131 1359 2194 O
1409 2178 1421 2191 .
1470 2180 1481 2190 .
1528 2150 1571 2212 g
1620 2179 1629 2189 .
1683 2178 1693 2190 .
1742 2151 1825 2208 yo
1896 2130 2058 2191 filius
2129 2129 2459 2207 quondam
2531 2128 2862 2211 Gaucigne
2929 2132 3083 2190 ciuis
3146 2128 3472 2209 jadrensis

756 2264 905 2305 curn
954 2248 1111 2305 meis
1157 2244 1499 2306 heredibus
1566 2255 1631 2304 et
1702 2244 2173 2304 successoribus
2239 2263 2353 2322 per
2406 2243 2530 2303 hoc
2598 2262 2859 2322 presens
2925 2246 3231 2322 scriptum
3305 2243 3470 2303 facio

758 2358 1186 2430 manifestum,
1234 2357 1411 2437 quod
1456 2370 1719 2436 propter
1766 2356 1962 2417 fidem
2009 2367 2071 2417 et
2119 2357 2566 2429 deuocionem‚
2621 2376 2816 2436 quam
2849 2374 2972 2437 ego
3019 2367 3082 2415 et
3117 2357 3242 2416 mei
3295 2368 3472 2416 ante-

758 2490 1041 2531 cessores
1088 2471 1445 2531 habuerunt
1490 2481 1553 2531 et
1599 2469 1836 2531 habent
1901 2473 1960 2529 in
2018 2472 2406 2531 monasterio
2467 2473 2666 2530 sancti
2731 2468 3070 2550 Grisogoni
3133 2469 3218 2529 de
3257 2468 3472 2547 Jadra‚

761 2584 934 2644 bona
984 2603 1125 2643 mea
1192 2594 1255 2643 et
1300 2595 1655 2661 spontanea
1716 2583 2048 2643 uoluntate
2116 2583 2224 2641 tibi
2289 2582 2582 2663 religioso
2645 2585 2777 2643 viro
2840 2582 3130 2661 dompno
3196 2582 3474 2642 Nicolao

760 2696 1101 2757 venerabili
1146 2696 1359 2757 abbati
1408 2699 1599 2775 ipsius
1648 2698 2012 2756 monasterii
2061 2698 2385 2774 recipienti
2449 2698 2584 2755 vice
2645 2706 2709 2756 et
2772 2697 3034 2755 nomine.
3095 2696 3472 2755 monasterii

761 2820 826 2868 et
872 2810 1131 2869 fratrum
1181 2821 1433 2870 tuorum
1484 2810 1587 2881 do,
1632 2810 1926 2870 concedo
1989 2821 2052 2870 et
2101 2809 2284 2869 trado
2352 2828 2547 2869 unam
2602 2828 2813 2869 meam
2877 2810 3122 2869 vineam
3186 2811 3474 2887 positam

761 2922 847 2982 ad
895 2923 1293 2999 Petricanum
1341 2927 1516 2983 iuxta
1566 2927 1815 2983 vineam
1865 2923 2053 2983 Borili
2117 2943 2334 2983 uersus
2402 2934 2706 2998 austrum,
2771 2923 2854 2984 de
2919 2923 3110 2982 borea
3157 2933 3252 2982 est
3307 2936 3476 2982 terra

764 3032 929 3096 Cose
974 3035 1274 3105 saladini,
1304 3037 1387 3096 de
1433 3048 1711 3098 trauersa
1747 3041 1926 3096 vinca
1975 3037 2185 3098 Miche
2217 3037 2299 3097 de
2335 3037 2647 3097 Lemesco
2667 3049 2749 3129 „et
2798 3037 2880 3097 de
2926 3035 3237 3119 coronati)
3290 3041 3473 3097 iuxta

760 3150 1012 3208 vineam
1060 3152 1250 3210 uestri
1300 3153 1681 3222 monasterii,
1742 3169 1887 3211 cum
1938 3152 2236 3210 omnibus
2282 3153 2409 3210 suis
2457 3153 2740 3210 terminis
2785 3162 2845 3211 et
2881 3152 3292 3228 pertinenciis
3343 3161 3474 3210 tam

758 3261 984 3322 subtus
1031 3274 1282 3333 terram,
1316 3282 1507 3340 quam
1557 3282 1743 3341 supra
1792 3275 2025 3324 terram
2075 3267 2178 3336 ita,
2223 3274 2293 3324 ut
2337 3283 2374 3323 a
2420 3267 2694 3341 presenti
2743 3263 2916 3324 dicta
2949 3265 3130 3323 vinea
3163 3264 3244 3322 sit
3275 3265 3479 3342 ipsius

760 3377 1125 3434 monasterii
1176 3376 1343 3434 beati
1393 3373 1731 3456 Grisogoni
1782 3376 2061 3436 tenenda
2108 3387 2171 3436 et
2217 3377 2606 3454 possidenda
2675 3379 2997 3455 perpetuis
3066 3377 3479 3454 temporibus

756 3497 821 3542 et
869 3487 1235 3548 faciendum
1299 3510 1381 3548 cx
1444 3508 1517 3548 ea
1566 3489 1866 3568 quicquid
1938 3489 2112 3549 dicto
2174 3491 2390 3549 abbati
2459 3501 2521 3549 et
2583 3491 2710 3549 suis
2770 3489 3066 3550 fratribus
3128 3490 3480 3567 placuerit3

755 3613 955 3672 quam
1004 3603 1253 3661 vineam
1303 3602 1385 3661 ab
1432 3601 1625 3661 hodie
1686 3603 1747 3661 in
1816 3612 2007 3662 antea
2074 3606 2394 3663 constituo
2467 3622 2568 3663 me
2637 3623 2754 3682 pro
2823 3613 3004 3682 parte
3072 3614 3136 3662 et
3208 3607 3480 3663 nomine

752 3710 953 3784 ipsius
999 3715 1365 3774 monasterii
1408 3718 1753 3794 possidere,
1786 3727 2108 3776 reseruato
2155 3728 2370 3776 tamen
2421 3717 2608 3776 michi
2658 3736 2850 3794 quam
2899 3716 3007 3777 diu
3049 3719 3280 3777 uixero
3333 3737 3480 3778 usu—

751 3820 965 3885 fructu
1012 3827 1297 3905 predicte
1344 3829 1524 3888 vinee
1574 3847 1735 3894 mee,
1804 3847 1958 3888 uero
2023 3841 2277 3888 mortuo
2342 3830 2732 3890 ususfructus
2793 3831 3076 3908 predicte
3141 3833 3330 3891 vinee
3395 3829 3480 3890 ad

750 3933 1001 3999 dictum
1052 3944 1509 4000 monasterium
1560 3941 1858 4002 deueniat
1923 3942 2116 4020 pleno
2177 3943 2324 4002 iure.
2396 3941 2608 4020 Quam
2675 3945 2920 4004 vineam
2993 3945 3106 4004 tibi
3177 3943 3481 4022 predicto

750 4045 1026 4112 domino
1094 4054 1311 4114 abbati
1376 4065 1439 4114 et
1502 4057 1625 4115 tuis
1692 4056 2161 4116 successoribus
2229 4057 2780 4136 discalumpniabo
2849 4069 2909 4117 et
2974 4057 3326 4118 defendam
3394 4058 3480 4116 ab

750 4167 933 4222 omni
983 4165 1241 4226 homine
1287 4175 1483 4248 ea(m)
1530 4168 2008 4246 calumpniante
2055 4187 2200 4228 cum
2250 4173 2408 4230 meis
2468 4169 2810 4231 heredibus
2876 4183 2939 4230 et
2999 4173 3480 4232 successoribus

748 4289 944 4350 super
993 4297 1095 4338 me
1142 4291 1203 4338 et
1252 4282 1469 4340 omnia
1518 4281 1689 4340 bona
1740 4300 1889 4341 mea
1936 4282 2148 4342 habita
2196 4295 2257 4343 et
2307 4283 2602 4343 habenda
2649 4287 2709 4344 in
2763 4286 2885 4345 hoc
2930 4286 3165 4346 seculo.
3232 4285 3479 4348 Actum

750 4400 847 4445 est
900 4389 1021 4451 hoc
1066 4405 1129 4452 et
1177 4392 1494 4454 firmatum
1544 4413 1764 4455 coram
1812 4396 1914 4455 his
1959 4399 2199 4457 vocatis
2258 4411 2322 4458 et
2367 4400 2604 4478 rogatis
2650 4399 2934 4471 testibus,
2981 4399 3220 4460 scilicet
3267 4375 3479 4461 iudice

756 4497 1025 4564 Nicolao
1074 4505 1156 4565 de
1201 4505 1419 4566 Trano
1466 4519 1526 4568 ct
1577 4508 1844 4569 Matheo
1897 4509 2085 4571 fratre
2132 4512 2264 4571 cius
2310 4522 2371 4570 et
2421 4511 2836 4572 Bartolomeo
2897 4512 3178 4590 placatio
3227 4514 3478 4574 domini

760 4611 1051 4690 Rayncrii
1104 4617 1268 4679 Geni
1315 4622 1508 4680 incliti
1556 4621 1737 4682 ducis
1785 4623 2099 4684 Venecie.

929 4811 1143 4882 Νηρεί
1188 4811 1437 4889 rukopis
1458 4836 1477 4868 .·

925 4947 963 5026 -ξ-
1010 4949 1149 5028 Ego
1198 4947 1363 5012 Cosa
1414 4951 1753 5014 Saladinus
1801 4957 2217 5015 examinator
2265 4972 2522 5013 manum
2574 4973 2786 5016 meam
2838 4959 2994 5018 misi.
