3797 5795
1631 398 2045 462 —219—

469 592 692 651 ticum
733 607 848 651 una
906 606 1056 649 cum
1113 590 1552 669 suprascriptis
1613 589 1822 651 Blasio
1869 599 1934 651 et
1980 587 2247 651 Siluano
2296 593 2555 651 notariis
2627 590 2897 651 fideliter
2943 601 3007 650 et
3052 589 3201 651 dili-

463 714 714 785 genter
778 701 1073 763 ascultaui
1141 712 1206 763 et
1275 704 1424 781 quia
1496 712 1836 783 utrumque
1910 702 2304 764 concordare
2372 705 2605 779 inueni,
2676 722 2781 765 me
2846 702 3190 783 subscripsi

466 817 798 897 signoque
839 833 984 875 meo
1030 825 1344 876 consueto
1395 816 1656 896 signaui.

686 931 1082 1006 Ovjerovljeni
1115 931 1380 1005 prijepis
1407 949 1516 987 ove
1543 929 1685 987 bule
1729 930 1814 987 od
1861 933 1913 988 7.
1962 932 2171 1007 aprila
2222 932 2398 985 1293.
2434 950 2473 987 u
2505 931 2681 989 istom
2728 930 2932 1002 odjelu
2967 930 3055 987 br.
3091 932 3186 985 83.

467 1034 756 1093 I'oc'etak
797 1036 822 1090 i
859 1034 1287 1109 ovjerovljenje
1331 1042 1554 1091 notara
1604 1053 1644 1091 u
1689 1042 1901 1094 matra.

677 1145 982 1207 Uniuersis
1027 1154 1354 1223 presentes
1407 1144 1643 1205 litteras
1707 1146 2088 1225 inspecturis
2152 1164 2271 1207 nos
2330 1145 2519 1207 frater
2574 1144 2916 1227 JohanneS,
2974 1146 3075 1207 dei
3125 1154 3193 1206 et

473 1258 832 1337 apostolica
869 1260 1071 1339 gratia
1094 1256 1416 1337 Jadrensis
1459 1257 1989 1338 archiepiscopuS,
2034 1259 2305 1321 salutem
2342 1262 2408 1320 in
2438 1258 2723 1321 domino,
2772 1259 3195 1339 Exigentibus

473 1370 918 1450 frequentibus
963 1372 1411 1433 necessitatum
1482 1371 1758 1433 articulis
1815 1372 2087 1451 prouida
2152 1373 2480 1451 utriusque
2528 1375 2673 1433 iuris
2731 1371 3193 1434 deliberatione

477 1486 790 1557 statuitur,
834 1495 901 1545 ut
963 1485 1268 1563 scriptum
1335 1504 1422 1545 ex
1487 1488 1811 1555 autentico
1877 1487 2119 1564 scripto
2182 1496 2655 1565 transumptum
2724 1495 2787 1546 et
2854 1484 3197 1565 fidedignis

479 1597 929 1659 assertionibus
1003 1596 1517 1675 comprobatum,
1589 1617 1665 1659 ac
1739 1572 2064 1659 autentico
2140 1600 2496 1660 munimine
2564 1600 2935 1659 roboratum
2988 1597 3187 1658 fidem

481 1711 747 1771 ubilibet
787 1711 980 1772 saciat
1025 1712 1087 1771 in
1133 1710 1408 1791 agendo,
1457 1707 1566 1771 Ad
1613 1720 1891 1772 uestram
1917 1711 2238 1773 ’uolumus
2284 1713 2469 1792 igitur
2502 1713 2803 1773 noticiam
2836 1712 3185 1789 peruenire,

483 1842 610 1884 nos
665 1822 890 1884 uidisse
933 1842 1011 1884 ac
1056 1822 1388 1905 diligenter
1449 1825 1800 1904 inspexisse
1862 1824 2195 1902 quoddam
2258 1823 2656 1907 priuilegium
2718 1823 2915 1885 felicis
2978 1842 3186 1884 recor-

483 1936 756 1997 dationis
799 1935 1044 1997 domini
1092 1936 1335 1999 Vrbani
1397 1955 1566 2016 pape
1625 1938 1851 2017 quarti,
1920 1956 2071 1999 uera
2131 1940 2325 2017 ipsius
2385 1937 2558 1999 bulla
2616 1937 2919 2016 plumbea
2965 1948 3029 1997 et
3075 1934 3183 1997 filo

482 2052 684 2109 serico
727 2048 1056 2122 bullatum,
1116 2068 1246 2109 non
1293 2050 1622 2125 abolitum,
1685 2069 1817 2111 non
1881 2050 2199 2124 abrasum,
2262 2069 2393 2111 non
2462 2052 2783 2125 uiciatum,
2851 2068 2983 2111 non
3044 2068 3195 2109 can-

481 2161 794 2237 cellatum,
839 2180 974 2223 non
1019 2165 1081 2223 in
1127 2163 1340 2241 aliqua
1385 2164 1476 2224 sui
1523 2175 1704 2242 parte
1750 2174 2118 2242 suspectum
2170 2164 2448 2224 formam
2504 2182 2630 2243 que
2660 2165 2943 2244 sequitur
2988 2166 3195 2223 conti-

479 2294 645 2335 neus
686 2294 792 2336 seu
839 2289 1150 2337 tenorem.

661 2391 912 2466 (Slg'jedi
953 2390 1100 2448 bula
1137 2401 1302 2468 pape
1357 2391 1608 2450 Urbana
1654 2393 1701 2448 I
1705 2393 1764 2450 V.
1816 2391 2137 2468 Ispus'teno
2170 2394 2246 2467 je
2292 2411 2463 2449 samo
2484 2412 2503 2447 .·
2551 2392 2784 2449 Datum
2833 2392 2969 2455 etc.)

665 2494 883 2571 Slijedz'
923 2497 1110 2553 zatim
1133 2518 1152 2551 .-

665 2606 730 2666 ln
780 2609 956 2667 cuius
1009 2610 1096 2667 rei
1153 2608 1586 2668 testimonium
1654 2617 1985 2686 presentes
2053 2608 2290 2669 litteras
2355 2608 2623 2668 fecimus
2690 2605 2820 2668 fieri
2884 2616 2949 2668 et
3008 2607 3188 2689 sigilli

487 2720 686 2780 nostri
748 2720 829 2780 ad
896 2738 1120 2781 causas
1191 2723 1584 2800 appensione
1661 2722 1908 2781 muniri.
1978 2720 2218 2783 Datum
2280 2720 2473 2800 Jadre
2541 2723 2603 2781 in
2672 2720 3195 2799 archiepiscopali

489 2831 745 2911 palati0‚
789 2832 894 2893 die
937 2835 1214 2913 septimo
1281 2834 1554 2894 intrante
1615 2852 1836 2895 mense
1900 2834 2129 2914 apriliS,
2196 2852 2367 2894 anno
2431 2835 2881 2894 incarnationis
2946 2833 3193 2894 domini

491 2945 820 3006 millesimo
866 2946 1308 3007 ducentesimo
1355 2949 1774 3029 nonagesimo
1821 2950 2038 3023 terci0,
2084 2947 2433 3009 indictione
2482 2959 2685 3008 sexta.

665 3059 796 3140 Ego
827 3057 1172 3138 Dompnus
1204 3058 1476 3132 MarcuS,
1508 3059 1772 3120 ecclesie
1819 3071 2041 3120 sancte
2073 3057 2413 3121 Anastasie
2444 3060 2753 3138 presbiter
2782 3069 2845 3120 et
2873 3059 3199 3140 Jadrensis

487 3173 762 3231 notarius
804 3170 1162 3250 predictum
1209 3171 1512 3254 originale
1557 3172 1957 3254 priuilegium
2029 3172 2159 3233 uidi
2224 3182 2288 3232 et
2350 3171 2687 3254 diligenter
2750 3173 3001 3251 inspexi
3061 3191 3193 3232 non

485 3281 810 3358 abolitum,
856 3303 988 3345 non
1035 3285 1334 3346 abrasum
1395 3303 1526 3346 non
1587 3287 1887 3346 uiciatum
1935 3287 1998 3346 in
2047 3286 2260 3364 aliqua
2308 3287 2406 3347 sui
2448 3295 2647 3365 parte,
2694 3296 2760 3347 ut
2808 3284 3049 3346 dictum
3098 3295 3195 3345 est

485 3405 566 3454 et
615 3393 690 3456 de
745 3397 1050 3458 mandato
1112 3398 1263 3458 dicti
1323 3397 1567 3458 domini
1635 3397 2093 3478 archiepiscopi
2163 3400 2525 3477 transcripsi
2584 3408 2648 3459 et
2715 3397 3080 3477 exemplaui
3129 3406 3193 3458 et

489 3525 645 3567 meo
684 3510 867 3570 solito
912 3513 1096 3593 signo
1142 3512 1405 3593 signaui.

669 3625 954 3699 (Signum
1001 3627 1282 3690 notarii.)

663 3815 760 3873 Na
782 3818 1169 3893 pergameni,
1192 3821 1382 3894 pelat
1407 3817 1730 3893 ekgubljen.
1776 3819 1839 3875 U
1847 3817 2109 3892 gubern.
2155 3817 2377 3876 arkivu
2414 3839 2452 3875 u
2485 3816 2726 3890 Zadru‚
2773 3819 2911 3874 odio
2943 3826 3190 3876 samost.

485 3937 586 3975 sv.
631 3919 842 3978 Nikole
888 3920 978 3978 br.
1034 3923 1130 3980 83.

1743 4212 1938 4294 ⁷23.

487 4385 678 4461 1262,
721 4388 826 4452 28.
874 4389 1146 4456 marta.
1193 4388 1254 4455 U
1299 4389 1602 4458 viterbi.

501 4573 720 4640 Urban
781 4577 830 4640 I
841 4577 908 4639 V.
969 4578 1294 4663 ponavlja
1362 4579 1570 4664 nalog
1627 4579 2067 4644 Aleksandra
2138 4579 2265 4641 JV.
2322 4580 2520 4662 glede
2586 4577 2907 4643 ‹fetvorz‘ce
2951 4579 3193 4642 -Malo-

485 4686 768 4753 brac‘ana
827 4713 906 4753 za
964 4690 1401 4755 duhovnszu
1462 4693 1698 4756 sluzbu
1759 4713 1807 4754 u
1865 4698 2268 4756 samoslanu
2331 4714 2425 4756 sv.
2492 4690 2749 4755 er‘kole
2811 4714 2857 4755 u
2921 4693 3184 4756 Zadru.

659 4883 954 4946 Urbanus
999 4886 1338 4963 episcopus
1390 4903 1610 4945 seruus
1653 4904 1984 4947 seruorum
2055 4885 2158 4946 dei
2222 4884 2469 4946 dilectis
2530 4883 2670 4945 filiis
2717 4931 2727 4943 .
2775 4932 2787 4944 .
2840 4933 2851 4944 .
2900 4887 3192 4946 ministro

551 5041 562 5052 .
609 5043 622 5054 .
665 4996 894 5059 vicario
954 4997 1296 5060 Sclauonie
1350 5017 1427 5060 ac
1473 5047 1486 5058 .
1534 5047 1546 5059 .
1591 5044 1609 5062 .
1654 4999 2005 5081 gvardiano
2077 5000 2343 5060 fratrum
2406 4999 2729 5060 Minorum
2787 4999 3189 5080 Jadrensium

483 5109 742 5172 salutem
789 5122 854 5173 et
901 5112 1319 5191 apostolicam
1367 5112 1901 5174 benedictionem.
1948 5112 2079 5176 Sua
2127 5112 2315 5172 nobis
2382 5112 2612 5173 dilecte
2658 5113 2721 5172 in
2769 5110 3018 5176 Christe
3064 5111 3191 5173 filie
