3797 5795
1844 414 2104 481 —526
2165 448 2252 459 -—

694 608 897 667 maior
939 604 1101 679 ville,
1146 624 1341 686 quam
1386 605 1488 667 alii
1537 608 1643 684 qui
1690 605 1922 669 suerint
1980 624 2098 685 pro
2159 614 2452 685 tempore
2512 606 2842 666 constituti
2905 605 3080 666 dicto
3127 605 3398 667 domino

692 718 1081 783 Thimotheo
1143 718 1449 797 episcopo
1494 719 1599 781 uel
1644 718 1932 780 eiusdem
1994 719 2342 781 successori
2407 728 2517 779 aut
2579 728 2754 779 certo
2815 718 3060 781 homini
3107 718 3398 779 eiusdem

693 831 935 892 domini
998 832 1281 910 episcopi
1342 830 1604 912 singulis
1663 833 1846 892 annis
1907 831 2188 913 singulas
2247 840 2376 895 tres
2432 849 2666 911 pensas
2711 831 3117 892 denariorum
3167 830 3401 913 Zagra-

690 944 1002 1005 biensium
1052 945 1219 1005 circa
1262 944 1497 1005 festum
1542 945 1744 1005 sancti
1790 942 2050 1005 Martini
2081 943 2235 1004 dare
2267 954 2329 1005 et
2361 943 2611 1007 soluere
2655 943 3004 1004 debebunt.
3053 944 3122 1005 In
3165 943 3402 1022 quibus

690 1057 991 1119 omnibus
1057 1058 1378 1136 premissis
1446 1067 1508 1117 et
1579 1057 1839 1139 singulis
1906 1056 2363 1136 premissorum
2431 1074 2501 1117 se
2561 1056 2884 1119 debitores
2944 1074 3161 1117 coram
3207 1056 3402 1116 nobis

688 1180 1219 1252 recognouerunt‚
1278 1189 1349 1231 se
1412 1170 1649 1231 debere
1696 1172 2006 1249 premissa
2068 1170 2288 1231 omnia
2332 1180 2397 1230 et
2443 1169 2689 1251 singula
2747 1172 3201 1249 premissorum
3247 1176 3404 1229 sunt

687 1283 978 1345 confessi.
1026 1281 1403 1365 Obligantes
1448 1301 1517 1343 se
1561 1281 1752 1343 iidem
1802 1284 2064 1343 nomine
2111 1291 2175 1343 et
2222 1280 2532 1343 mandato
2579 1282 2896 1342 dictorum
2943 1282 3270 1362 hospitum
3313 1280 3401 1340 de

689 1396 957 1469 Petrina,
988 1394 1168 1475 quod
1198 1396 1417 1455 omnia
1461 1396 1768 1474 premissa
1814 1406 1948 1455 tam
1979 1396 2096 1473 ipsi
2129 1412 2326 1473 quam
2367 1412 2593 1455 eorum
2639 1393 2906 1455 heredes
2951 1393 3404 1455 inuiolabiliter

687 1508 1143 1569 obseruabunt.
1192 1507 1276 1568 Et
1307 1518 1375 1568 ut
1407 1526 1669 1586 presens
1714 1507 2043 1569 ordinacio
2088 1508 2284 1568 robur
2330 1509 2618 1569 obtineat
2664 1505 2993 1580 firmitatiS,
3023 1510 3226 1586 ipsam
3277 1525 3402 1585 pro

685 1621 911 1681 maiori
978 1623 1065 1680 rei
1133 1620 1512 1681 certitudine
1580 1620 1664 1681 ad
1731 1622 2109 1681 instanciam
2175 1623 2463 1699 parcium
2533 1622 2732 1681 nostri
2793 1606 2975 1701 sigilli
3036 1621 3400 1680 munimine

686 1734 991 1794 duximus
1052 1733 1503 1794 roborandam.
1564 1731 1805 1795 Datum
1851 1743 1918 1794 et
1963 1744 2181 1795 actum
2227 1734 2289 1794 in
2319 1732 2546 1807 Selen,
2601 1734 2824 1811 quinta
2883 1734 3036 1795 seria
3095 1734 3400 1813 proxima

684 1856 833 1924 post
879 1845 1269 1907 dominicam
1318 1846 1667 1921 Inuocauit‚
1709 1865 1883 1907 anno
1931 1846 2178 1908 domini
2225 1844 2615 1911 MCCLXX.

857 2037 1051 2095 Liber
1080 2038 1371 2114 privileg.
1422 2039 1680 2115 episcop.
1728 2036 1996 2112 Zagrab.
2043 2038 2154 2096 list
2195 2043 2286 2093 14.

866 2142 1121 2200 Tkaleie
1162 2143 1437 2200 Menum.
1488 2144 1742 2220 episcop.
1802 2142 2068 2217 Zagrab.
2117 2144 2170 2200 I.
2218 2145 2553 2199 149—150.
2604 2176 2689 2186 —-
2751 2142 2995 2202 Wenzel
3045 2142 3186 2201 cod.
3239 2142 3398 2219 dipl.

681 2246 831 2323 Arp.
877 2255 1031 2304 cont.
1077 2247 1190 2307 XI.
1244 2250 1593 2304 598—600.
1644 2280 1723 2289 —
1772 2246 2148 2323 Kukuljevic'
2185 2248 2335 2321 Reg.
2381 2265 2478 2307 no,
2535 2250 2670 2303 998.

1948 2537 2141 2616 988.

686 2711 887 2791 1270,
931 2711 1121 2795 prije
1168 2713 1279 2779 20.
1324 2712 1591 2777 marta.
1638 2714 1692 2779 ι]
1741 2688 2010 2777 cami.

882 2903 1148 2986 Kaptol
1186 2900 1581 2966 Zazmanskz'
1614 2900 1972 2987 prz‘leazuje
2017 2892 2346 2966 razdz'obu‘
2374 2901 2661 2988 p'osjeda
2707 2923 2756 2966 u
2805 2902 3212 2967 Moslavz'm‘.

859 3094 997 3156 Nos
1040 3094 1389 3174 capitulum
1438 3092 1844 3158 Chasmensis
1875 3096 2144 3156 ecclesie
2173 3095 2604 3177 significamus
2642 3096 2944 3157 omnibus
2987 3097 3394 3174 presencium

683 3227 799 3286 per
841 3218 1153 3282 tenorem,
1198 3208 1375 3287 quod
1438 3209 1662 3270 Petrus
1722 3208 1884 3271 filius
1945 3209 2109 3270 Petri
2159 3218 2225 3268 et
2273 3207 2576 3270 Nicolaus
2619 3207 2784 3269 filius
2830 3207 3094 3270 Andree
3142 3208 3397 3269 nobiles

685 3319 767 3381 de
814 3319 1116 3383 Munuzlo
1162 3339 1382 3382 coram
1428 3321 1616 3382 nobis
1660 3321 2079 3401 personaliter
2138 3324 2464 3382 constituti
2513 3321 2920 3382 concorditer
2973 3337 3397 3397 asseruerunt,

687 3433 865 3511 quod
910 3434 973 3493 in
1019 3436 1283 3512 antiqua
1328 3433 1637 3495 divisione
1680 3437 2160 3512 possessionum
2207 3435 2566 3496 relictarum
2601 3454 2636 3494 a
2673 3433 2946 3496 Nicolao
2991 3438 3230 3496 comite
3262 3434 3396 3497 filio

687 3542 973 3606 Makarie
1039 3547 1207 3620 bani,
1251 3546 1556 3608 Munuzlo
1616 3558 1681 3608 et
1740 3547 2034 3626 predium
2104 3548 2186 3609 de
2257 3546 2686 3612 Cheressnew.
2760 3548 2921 3610 Item
2987 3548 3133 3608 villa
3205 3547 3396 3609 Μαι-1(

686 3658 862 3718 iuxta
910 3658 1157 3738 KopuS‚
1202 3677 1350 3720 cum
1396 3669 1561 3720 terra
1607 3661 1791 3721 unius
1834 3660 1980 3721 ville
2026 3662 2202 3720 iuxta
2250 3679 2484 3736 aquam
2533 3661 2783 3736 Hodus‚
2816 3680 2942 3741 que
2985 3641 3262 3740 pertinet
3308 3661 3394 3722 ad

684 3771 959 3832 eandem
1026 3770 1236 3832 villam
1309 3771 1512 3845 Mark,
1558 3774 1744 3833 cessit
1814 3772 2020 3833 Petro.
2091 3773 2254 3834 Item
2325 3776 2388 3834 in
2457 3775 2684 3836 eadem
2750 3777 3014 3854 antiqua
3077 3775 3390 3836 divisione

680 3882 943 3945 interior
1002 3884 1146 3945 villa
1206 3884 1388 3945 Zund
1451 3887 1628 3946 iuxta
1692 3883 2062 3950 Danubium
2125 3896 2186 3946 et
2251 3887 2544 3965 predium
2608 3885 2874 3950 Cherezt
2934 3891 3261 3968 pertinens
3307 3889 3391 3950 ad

680 3996 959 4057 eandem
1019 3997 1233 4058 villam
1300 3996 1497 4058 Zund.
1560 3997 1721 4059 Item
1784 3998 1998 4076 Rupul
2043 4016 2192 4059 cum
2239 4001 2449 4078 capite
2510 3997 2728 4060 Priska
2773 4011 2838 4062 et
2883 4001 3197 4062 medietas
3240 4020 3390 4080 pos-

676 4111 979 4172 sessionis
1044 4110 1290 4192 Bugud.
1356 4110 1515 4172 Item
1584 4110 1809 4190 Apaty
1854 4121 1920 4172 et
1966 4109 2247 4176 Chenew
2315 4113 2378 4173 in
2449 4114 2820 4192 porcionem
2883 4117 3070 4175 cessit
3116 4113 3389 4176 Nicolao

675 4224 1063 4299 supradicto
1113 4223 1273 4286 Item
1321 4223 1403 4285 de
1450 4243 1613 4285 nova
1662 4225 1972 4286 divisione
2017 4227 2080 4284 in
2125 4227 2530 4303 possessione
2575 4225 2792 4288 relicta
2838 4247 2875 4286 a
2922 4226 3206 4288 Makaria
3255 4227 3386 4289 filio

677 4329 989 4415 Stephani
1052 4337 1385 4398 Pressnam
1431 4347 1495 4398 et
1543 4337 2080 4416 Kemennychem
2125 4338 2306 4398 iuxta
2351 4337 2647 4412 Zavvam,
2693 4357 2853 4418 quas
2918 4349 3118 4402 terras
3163 4338 3386 4402 Kenez

676 4443 870 4510 frater
914 4451 1109 4529 ipsius
1155 4449 1423 4528 Nicolay
1467 4450 1859 4524 vendiderat,
1885 4450 2059 4512 idem
2106 4448 2410 4512 Nicolaus
2455 4451 2666 4513 eidem
2713 4452 2906 4514 Petro
2953 4454 3204 4532 reliquit
3254 4455 3384 4514 iure

675 4575 993 4641 perpetuo
1038 4562 1473 4642 possidendas.
1523 4562 1683 4626 Item
1729 4565 1791 4623 in
1839 4582 2008 4642 aqua
2055 4563 2232 4625 Ebsu
2277 4564 2631 4626 secundum
2680 4568 3012 4645 antiquam
3045 4576 3110 4627 et
3141 4585 3380 4627 novam

678 4669 1057 4738 divisionem
1120 4675 1421 4736 undecim
1484 4676 1853 4738 molendina
1915 4676 1997 4738 de
2058 4686 2238 4755 parte
2299 4688 2486 4738 terre.
2526 4677 2694 4739 Petri
2743 4679 3015 4740 Nicolao
3061 4679 3274 4741 eidem
3311 4656 3384 4740 ¹et

679 4788 963 4868 quinque
1030 4789 1401 4851 molendina
1447 4789 1529 4850 de
1574 4799 1757 4868 parte
1824 4801 1988 4851 terre
2053 4789 2345 4869 Nicolay,
2393 4791 2614 4852 Petrus
2681 4792 2892 4853 eidem
2951 4793 3201 4873 reliquit
3251 4796 3382 4854 iure

676 4913 991 4980 perpetuo
1058 4902 1465 4981 possidenda,
1509 4903 1635 4964 hoc
1700 4903 1956 4964 adiecto
2023 4902 2199 4983 quod
2266 4903 2570 4983 deinceps
2629 4923 2840 4983 neque
2902 4906 3126 4967 Petrus
3171 4924 3376 4986 neque

680 5009 985 5077 Nicolaus
1043 5016 1223 5094 plura
1306 5015 1674 5082 molendina
1735 5014 2030 5076 edificare
2094 5018 2341 5094 possint
2411 5017 2472 5077 in
2543 5035 2710 5096 aqua
2776 5018 3004 5080 Hebsu
3029 5017 3093 5100 (1)
3167 5037 3379 5099 supra-

681 5125 868 5192 dicta.
920 5129 1079 5190 Item
1124 5129 1417 5208 predium
1464 5128 1677 5208 Rupul
1706 5147 1855 5190 cum
1886 5131 2096 5208 capite
2142 5127 2377 5204 Priske,
2411 5129 2590 5208 quod
2620 5129 2914 5192 Andreas
2959 5143 3140 5211 pater
3185 5134 3372 5212 ipsius
