3797 5795
1531 383 1796 445 —449
1861 418 1946 428 —

410 572 559 632 duos
596 572 932 631 servientes
976 591 1142 646 suos
1192 571 1635 634 Walentinum
1681 573 1977 636 videlicet
2032 585 2094 636 et
2143 574 2358 636 Boson
2421 586 2842 655 nuncupatOS,
2904 595 3096 656 super

410 695 597 745 morte
639 685 831 763 patris
875 704 1098 746 eorum
1167 686 1318 747 dicti
1381 689 1640 747 comitis
1696 687 1820 767 Isip
1883 698 1948 749 et
2007 707 2198 768 super
2261 699 2468 750 morte
2529 689 2859 750 cuiusdam
2934 693 3097 751 servi

404 798 669 860 eiusdem
716 800 975 858 nomine
1024 800 1207 874 Petri,
1270 818 1434 879 quos
1496 801 1691 862 iidem
1738 799 2084 881 Chepanus
2128 814 2192 862 et
2238 805 2332 863 sui
2393 805 2736 863 servientes
2805 803 3094 864 iamdicti

406 912 480 971 de
524 911 728 971 medio
774 912 1159 973 sustulerunt
1206 923 1271 974 et
1316 932 1507 992 super
1551 915 1753 974 tribus
1808 917 2038 976 marcis
2082 927 2146 976 et
2191 914 2392 994 duplo
2438 914 2789 976 earundem
2837 918 2900 975 in
2949 935 3092 994 pre-

404 1025 664 1084 senciam
726 1038 788 1085 et
851 1037 1272 1105 conspectum
1332 1029 1503 1108 regie
1571 1029 1936 1102 maiestatiS,
1996 1028 2374 1106 dominique
2437 1027 2856 1107 Lawrenchy‚
2918 1048 3091 1089 nunc

406 1139 645 1217 palatini
691 1141 942 1198 comitis
986 1138 1445 1221 SymygiensiS,
1513 1149 1666 1200 tunc
1708 1139 1931 1201 iudicis
1975 1141 2118 1202 aule
2163 1142 2334 1223 regie
2381 1151 2444 1202 et
2489 1143 2742 1201 comitis
2785 1139 3096 1218 Symonis

406 1251 741 1310 viceiudicis
800 1251 1105 1326 eiusdem,
1168 1254 1345 1313 iuxta
1408 1255 1586 1335 regni
1646 1254 2178 1315 consuetudinem
2241 1265 2682 1315 conservatam
2747 1265 2810 1314 et
2857 1273 3091 1333 appro-

402 1365 599 1424 batam
661 1363 744 1424 ab
803 1367 1066 1440 antiquo
1129 1376 1193 1426 et
1255 1367 1431 1427 iuxta
1494 1366 1788 1428 ordinem
1842 1367 1928 1428 ad
1989 1379 2236 1446 septem
2315 1369 2624 1428 terminos
2690 1377 3084 1430 avocassent.

405 1476 712 1555 iidemque
761 1475 1101 1558 Chepanus
1163 1491 1227 1540 et
1289 1479 1419 1540 duo
1480 1482 1824 1541 servientes
1884 1483 1976 1541 sui
2040 1482 2470 1560 prenominati
2515 1483 2578 1541 in
2627 1481 2802 1541 nullo
2865 1481 3080 1540 termi-

401 1608 612 1648 norum
656 1609 777 1650 nec
822 1594 1335 1671 comparaverint
1381 1612 1499 1654 nec
1544 1595 1829 1656 miserint
1874 1594 2326 1673 predictorum,
2372 1603 2636 1673 propter
2682 1612 2808 1672 que
2853 1593 3084 1654 iudicia

398 1702 700 1779 predictus
750 1705 1046 1784 magister
1079 1705 1486 1781 LaurenciUS,
1532 1717 1684 1767 tunc
1730 1706 1871 1767 aule
1917 1706 2114 1768 iudex
2161 1708 2346 1788 regie,
2379 1709 2441 1767 in
2473 1709 2876 1785 possessione
2923 1708 3090 1767 eius-

402 1813 540 1874 dem
583 1813 911 1895 Chepany,
960 1815 1271 1898 Cheypan
1336 1819 1668 1892 vocabum,
1730 1819 2089 1899 predictum
2137 1818 2537 1898 Stephanum
2586 1818 2787 1880 filium
2837 1819 3091 1879 comitis

404 1925 543 2007 Isyp
584 1929 820 1990 fecerat
868 1931 1203 2004 introduci,
1248 1932 1331 1992 ad
1377 1932 1499 1993 hoc
1545 1933 1800 2006 scilicet,
1859 1943 1930 1994 ut
1975 1933 2168 1994 iidem
2231 1929 2574 2010 Chepanus
2635 1943 2698 1992 et
2747 1933 3096 1992 servientes

395 2042 481 2100 sui
536 2043 591 2101 in
640 2043 965 2120 quindena
1028 2044 1199 2104 beati
1260 2042 1514 2127 Georgii
1580 2056 2029 2124 comparentes
2087 2045 2504 2125 personaliter
2564 2065 2632 2105 se
2694 2065 2731 2104 a
2792 2043 3095 2122 predictis

338 2199 344 2205 .
396 2165 627 2232 septem
694 2157 935 2217 iudiciis
1002 2157 1381 2237 expedirent
1450 2169 1513 2219 et
1580 2178 1768 2238 super
1822 2177 2014 2220 causa
2077 2158 2408 2238 principali
2465 2158 2736 2219 finaliter
2797 2158 3086 2217 referent.

403 2265 515 2345 Qui
560 2271 849 2347 spiritum
895 2274 1301 2332 contumacie
1360 2283 1890 2351 assumpmentes,
1954 2291 2074 2333 nec
2133 2274 2223 2332 sic
2285 2272 2641 2332 curaverint
2700 2288 3094 2348 comparere,

401 2391 642 2459 propter
703 2382 880 2462 quod
943 2383 1243 2445 dominus
1303 2405 1435 2458 rex,
1494 2387 1636 2464 pius
1698 2388 1858 2445 inter
1918 2405 2084 2458 suos
2151 2385 2237 2445 ad
2297 2383 2806 2445 convincendam
2867 2401 3093 2443 eorum

405 2494 724 2571 maliciam,
769 2499 938 2576 ipsos
1000 2495 1377 2576 Chepanum
1440 2509 1502 2558 et
1564 2498 1728 2559 duos
1787 2499 2132 2559 servientes
2190 2517 2342 2558 suos
2403 2517 2517 2576 per
2579 2497 2938 2576 Philippum
2990 2516 3097 2556 co-

404 2610 608 2668 mitem
678 2609 760 2668 de
832 2608 1114 2670 Wolkov
1193 2610 1424 2672 fecerat
1507 2610 1885 2690 proclamari
1959 2610 2041 2671 ad
2112 2622 2370 2671 octavas
2439 2612 2782 2671 nativitatis
2843 2612 3097 2692 virginis

398 2721 673 2800 gloriose,
752 2724 857 2800 qui
933 2743 1051 2783 nec
1127 2726 1215 2784 sic
1290 2743 1663 2803 comparere
1740 2743 1859 2784 nec
1935 2742 2002 2784 se
2087 2725 2439 2784 curaverint
2515 2734 2882 2802 presentare
2957 2733 3096 2784 tan-

397 2851 583 2912 quam
653 2837 765 2895 viri
835 2840 1055 2897 mortis
1122 2839 1299 2919 parvi
1368 2838 1725 2917 pendentes
1798 2849 2174 2917 preceptum
2248 2838 2492 2919 regium
2562 2847 2623 2896 et
2695 2836 3090 2897 mandatum.

398 2946 545 3008 Post
589 2948 701 3009 hec
762 2950 1062 3011 dominus
1122 2970 1237 3012 rex
1298 2952 1696 3030 presentibus
1752 2963 1815 3012 et
1863 2950 2290 3012 mediantibus
2335 2951 2682 3011 baronibus
2741 2952 2836 3011 sui
2896 2953 3092 3031 regni,

394 3060 679 3121 videlicet
724 3062 1072 3140 Mawrycio
1135 3066 1439 3145 magistro
1498 3063 2034 3125 thawarnicorum
2094 3082 2354 3125 suorum
2417 3065 2653 3124 comite
2700 3063 2782 3122 de
2829 3062 3092 3136 Barana,

394 3175 691 3253 magistro
756 3174 946 3254 Moys
1021 3180 1259 3237 comite
1306 3176 1710 3259 Symygiensi
1766 3188 1832 3238 et
1880 3178 2363 3256 Worosdyensi,
2435 3176 2699 3254 Herney
2768 3176 2937 3235 bano
2985 3194 3094 3235 co-

390 3289 549 3347 mite
614 3287 973 3366 Nytryensi,
1052 3289 1393 3350 Herrando
1472 3292 1776 3372 magistro
1846 3308 2201 3372 agasonum
2287 3308 2548 3351 suorum
2617 3291 2854 3349 comite
2922 3287 3090 3349 The-

391 3400 847 3478 renchyniensi,
895 3401 1173 3462 decrevit
1220 3402 1327 3462 tali
1376 3403 1592 3476 modo,
1654 3404 1831 3482 quod
1880 3403 2257 3465 omnimode
2304 3404 2738 3481 possessiones
2785 3402 3088 3481 sepedicti

393 3512 692 3592 Chepani,
740 3514 1107 3593 ubicunque
1168 3526 1317 3575 sunt
1375 3514 1684 3590 locorum,
1730 3518 1793 3577 in
1856 3517 1950 3577 ius
2012 3528 2073 3577 et
2126 3518 2583 3595 proprietatem
2629 3514 2934 3593 Stephani
2985 3514 3090 3575 filii

394 3628 641 3687 comitis
708 3628 834 3706 Isip
904 3639 965 3688 et
1034 3628 1299 3689 fratrum
1362 3648 1625 3689 suorum
1692 3629 2222 3709 supradictorum,
2293 3628 2811 3689 contradiccione
2879 3628 3091 3706 aliqua

395 3758 525 3799 non
569 3742 882 3815 obstante,
927 3742 1188 3820 pacifice
1234 3752 1299 3801 et
1344 3744 1559 3822 quiete
1604 3744 2096 3804 irrevocabiliter
2139 3746 2272 3804 iure
2340 3744 2402 3801 in
2465 3752 2846 3820 perpetuum
2909 3741 3087 3801 here-

394 3853 611 3913 ditario
656 3855 1093 3916 devolvantur.
1162 3855 1454 3915 Preterea
1518 3854 1818 3917 iamdicte
1882 3865 2044 3917 terre
2115 3855 2401 3916 eiusdem
2469 3852 2755 3933 Chepani
2803 3854 3091 3914 similiter

396 3964 644 4045 Chepan
692 3978 937 4041 vocate,
983 3971 1045 4029 in
1092 3987 1308 4048 quam,
1353 3982 1419 4029 ut
1467 3972 1883 4049 premisimuS,
1931 3968 2290 4048 sepedictus
2335 3967 2700 4047 Stephanus
2744 3967 2948 4027 fuerat
2996 3970 3088 4027 in-

396 4080 729 4155 troductus
762 4080 1037 4165 metee(!)
1072 4082 1195 4143 hoc
1227 4082 1452 4143 ordine
1491 4083 1935 4163 distinguntur,
1965 4084 2143 4141 sicuti
2177 4083 2240 4141 in
2273 4084 2506 4141 nostris
2538 4081 2755 4142 litteris
2795 4081 3088 4158 predicto

400 4196 685 4274 magistro
734 4194 1108 4256 Lawrencio
1170 4196 1254 4257 ad
1317 4198 1511 4273 ipsius
1573 4198 1960 4274 peticionem
2020 4215 2134 4274 per
2197 4213 2314 4255 nos
2368 4194 2750 4254 transmissis
2813 4194 3090 4253 vidimus

395 4309 707 4387 contineri.
756 4308 1129 4387 Incipiendo
1177 4329 1213 4369 a
1260 4320 1441 4387 parte
1502 4308 1789 4370 orientali
1857 4310 1918 4368 in
1981 4308 2231 4369 duabus
2279 4310 2464 4368 metis
2525 4306 2934 4387 angularibus
2981 4308 3087 4367 ubi

395 4431 529 4493 sunt
560 4423 989 4483 commetanei
1021 4421 1311 4482 Thomas
1341 4432 1405 4483 et
1438 4421 1497 4482 N
1503 4420 1811 4500 ycholaus
1843 4420 2064 4483 fratres
2101 4420 2294 4498 Phyle
2324 4420 2650 4499 prepositi,
2706 4421 2883 4480 iuxta
2930 4439 3091 4501 quas

394 4516 527 4594 sunt
573 4554 739 4595 nove
786 4545 956 4595 mete
1004 4535 1263 4595 elevate.
1333 4534 1444 4596 Ab
1504 4535 1653 4597 hinc
1716 4534 2110 4595 transeundo
2171 4533 2254 4593 ad
2301 4544 2550 4613 partem
2597 4531 3086 4593 meridionalem

396 4649 551 4706 venit
598 4648 679 4708 ad
728 4648 1057 4726 quandam
1106 4665 1411 4729 magnam
1458 4650 1624 4708 viam
1675 4650 1851 4708 iuxta
1883 4665 2079 4727 quam
2112 4655 2259 4709 sunt
2291 4666 2456 4707 nove
2489 4645 2616 4706 due
2650 4644 2886 4726 metee(
2892 4644 2928 4725 1)
2965 4646 3089 4706 ele-

394 4771 542 4833 vate,
604 4761 707 4821 ubi
772 4771 918 4821 sunt
980 4764 1410 4822 commetanei
1475 4761 1590 4840 ipsi
1654 4760 1761 4821 filii
1823 4763 2076 4821 comitis
2141 4761 2304 4839 Isyp.
2375 4758 2628 4821 Deinde
2691 4758 3084 4819 transeundo

394 4872 585 4949 ipsam
633 4874 801 4933 viam
848 4876 1018 4935 venit
1066 4874 1148 4935 ad
1198 4885 1403 4935 metas
1446 4874 1801 4956 angulareS,
1860 4875 1970 4935 ubi
2030 4882 2179 4934 sunt
2233 4873 2478 4933 elevate
2527 4873 2651 4933 due
2699 4882 2887 4943 mete,
2933 4888 3088 4949 qua-

391 5005 519 5047 rum
566 5006 693 5048 una
738 4997 991 5067 separat
1036 4990 1185 5068 ipsis
1233 4987 1372 5049 filiis
1417 4989 1667 5049 comitis
1715 4988 1881 5066 Isyp.
1959 4984 2211 5048 Deinde
2245 4986 2635 5046 transeundo
2683 4986 2885 5063 ipsam
2918 4985 3086 5044 viam

391 5102 553 5161 venit
598 5102 683 5162 ad
729 5112 932 5162 metas
978 5100 1328 5183 angulareS,
1376 5101 1483 5162 ubi
1528 5112 1675 5163 sunt
1721 5100 1966 5161 elevate
2030 5100 2156 5161 due
2217 5107 2407 5174 mete,
2468 5116 2740 5177 quarum
2805 5116 2932 5158 una
2993 5116 3087 5157 se-

478 5232 619 5276 con.
655 5234 819 5278 mm..
852 5234 906 5275 v.
2919 5208 3002 5271 29
