<?xml version="1.0" encoding="UTF-8"?>
<!DOCTYPE html PUBLIC "-//W3C//DTD XHTML 1.0 Transitional//EN"
    "http://www.w3.org/TR/xhtml1/DTD/xhtml1-transitional.dtd">
<html xmlns="http://www.w3.org/1999/xhtml" xml:lang="en" lang="en">
 <head>
  <title>
</title>
<meta http-equiv="Content-Type" content="text/html;charset=utf-8" />
  <meta name='ocr-system' content='tesseract 3.04.00' />
  <meta name='ocr-capabilities' content='ocr_page ocr_carea ocr_par ocr_line ocrx_word'/>
</head>
<body>
  <div class='ocr_page' id='page_1' title='image "./codexdiplomatic00umjegoog_0137.png"; bbox 0 0 3797 5795; ppageno 0'>
   <div class='ocr_carea' id='block_1_1' title="bbox 1789 392 2184 454">
    <p class='ocr_par' dir='ltr' id='par_1_1' title="bbox 1789 392 2184 454">
     <span class='ocr_line' id='line_1_1' title="bbox 1789 392 2184 454; baseline 0.003 -1"><span class='ocrx_word' id='word_1_1' title='bbox 1789 392 2184 454; x_wconf 80' lang='lat'>-124—</span> 
     </span>
    </p>
   </div>
   <div class='ocr_carea' id='block_1_2' title="bbox 645 577 3351 887">
    <p class='ocr_par' dir='ltr' id='par_1_2' title="bbox 645 577 3351 887">
     <span class='ocr_line' id='line_1_2' title="bbox 819 577 3351 664; baseline 0.001 -25"><span class='ocrx_word' id='word_1_2' title='bbox 819 578 962 660; x_wconf 89' lang='lat' dir='ltr'><strong>Ego</strong></span> <span class='ocrx_word' id='word_1_3' title='bbox 1007 578 1236 658; x_wconf 88' lang='lat' dir='ltr'><strong>Systus</strong></span> <span class='ocrx_word' id='word_1_4' title='bbox 1280 577 1695 642; x_wconf 88' lang='lat' dir='ltr'><strong>Sambatinus</strong></span> <span class='ocrx_word' id='word_1_5' title='bbox 1755 582 2064 660; x_wconf 84' lang='lat' dir='ltr'><strong>presbiter</strong></span> <span class='ocrx_word' id='word_1_6' title='bbox 2122 586 2320 643; x_wconf 89' lang='lat' dir='ltr'><strong>sancti</strong></span> <span class='ocrx_word' id='word_1_7' title='bbox 2386 583 2717 645; x_wconf 84' lang='lat' dir='ltr'><strong>MarceaIis</strong></span> <span class='ocrx_word' id='word_1_8' title='bbox 2761 595 2825 645; x_wconf 90' lang='lat' dir='ltr'><strong>et</strong></span> <span class='ocrx_word' id='word_1_9' title='bbox 2864 584 3187 664; x_wconf 87' lang='lat' dir='ltr'><strong>Jadrensis</strong></span> <span class='ocrx_word' id='word_1_10' title='bbox 3232 602 3351 643; x_wconf 86' lang='lat' dir='ltr'><strong>no-</strong></span> 
     </span>
     <span class='ocr_line' id='line_1_3' title="bbox 646 692 3351 775; baseline 0.002 -25"><span class='ocrx_word' id='word_1_11' title='bbox 646 694 841 752; x_wconf 88' lang='lat' dir='ltr'><strong>tarius</strong></span> <span class='ocrx_word' id='word_1_12' title='bbox 885 703 1163 773; x_wconf 83' lang='lat' dir='ltr'><strong>rogatuS,</strong></span> <span class='ocrx_word' id='word_1_13' title='bbox 1212 703 1279 753; x_wconf 94' lang='lat' dir='ltr'><strong>ut</strong></span> <span class='ocrx_word' id='word_1_14' title='bbox 1326 693 1539 753; x_wconf 89' lang='lat' dir='ltr'><strong>audiui</strong></span> <span class='ocrx_word' id='word_1_15' title='bbox 1609 694 1773 755; x_wconf 88' lang='lat' dir='ltr'><strong>hanc</strong></span> <span class='ocrx_word' id='word_1_16' title='bbox 1833 692 2073 757; x_wconf 84' lang='lat' dir='ltr'><strong>cartam</strong></span> <span class='ocrx_word' id='word_1_17' title='bbox 2134 698 2366 774; x_wconf 77' lang='lat' dir='ltr'><strong>scripsi,</strong></span> <span class='ocrx_word' id='word_1_18' title='bbox 2410 696 2773 775; x_wconf 87' lang='lat' dir='ltr'><strong>exemplaui</strong></span> <span class='ocrx_word' id='word_1_19' title='bbox 2829 708 2892 757; x_wconf 89' lang='lat' dir='ltr'><strong>et</strong></span> <span class='ocrx_word' id='word_1_20' title='bbox 2936 697 3235 757; x_wconf 88' lang='lat' dir='ltr'><strong>roboraui</strong></span> <span class='ocrx_word' id='word_1_21' title='bbox 3286 706 3351 755; x_wconf 89' lang='lat' dir='ltr'><strong>et</strong></span> 
     </span>
     <span class='ocr_line' id='line_1_4' title="bbox 645 808 1329 887; baseline 0.001 -23"><span class='ocrx_word' id='word_1_22' title='bbox 645 824 793 865; x_wconf 90' lang='lat' dir='ltr'><strong>meo</strong></span> <span class='ocrx_word' id='word_1_23' title='bbox 839 808 1021 887; x_wconf 88' lang='lat' dir='ltr'><strong>signo</strong></span> <span class='ocrx_word' id='word_1_24' title='bbox 1067 808 1329 887; x_wconf 89' lang='lat' dir='ltr'><strong>signaui.</strong></span> 
     </span>
    </p>
   </div>
   <div class='ocr_carea' id='block_1_3' title="bbox 830 999 3356 1078">
    <p class='ocr_par' dir='ltr' id='par_1_3' title="bbox 830 999 3356 1078">
     <span class='ocr_line' id='line_1_5' title="bbox 830 999 3356 1078; baseline 0.001 -21"><span class='ocrx_word' id='word_1_25' title='bbox 830 999 1128 1073; x_wconf 60' lang='lat' dir='ltr'><strong>Ortgw&#39;nal</strong></span> <span class='ocrx_word' id='word_1_26' title='bbox 1167 1020 1252 1057; x_wconf 83' lang='lat' dir='ltr'><strong>na</strong></span> <span class='ocrx_word' id='word_1_27' title='bbox 1292 1002 1658 1076; x_wconf 73' lang='lat' dir='ltr'><em>pergameni</em></span> <span class='ocrx_word' id='word_1_28' title='bbox 1687 1021 1725 1057; x_wconf 84' lang='lat' dir='ltr'><em>u</em></span> <span class='ocrx_word' id='word_1_29' title='bbox 1760 1000 1981 1058; x_wconf 79' lang='lat' dir='ltr'><strong>arkivu</strong></span> <span class='ocrx_word' id='word_1_30' title='bbox 2020 1004 2288 1078; x_wconf 74' lang='lat' dir='ltr'><strong>grofova</strong></span> <span class='ocrx_word' id='word_1_31' title='bbox 2320 1004 2535 1076; x_wconf 72' lang='lat' dir='ltr'><strong>Regna</strong></span> <span class='ocrx_word' id='word_1_32' title='bbox 2569 1022 2607 1058; x_wconf 83' lang='lat' dir='ltr'><em>u</em></span> <span class='ocrx_word' id='word_1_33' title='bbox 2640 1004 3005 1076; x_wconf 81' lang='lat' dir='ltr'><strong>Pose’darju.</strong></span> <span class='ocrx_word' id='word_1_34' title='bbox 3049 1002 3121 1058; x_wconf 64' lang='grc' dir='ltr'><strong>Ι).</strong></span> <span class='ocrx_word' id='word_1_35' title='bbox 3156 1021 3257 1059; x_wconf 80' lang='lat' dir='ltr'><strong>no,</strong></span> <span class='ocrx_word' id='word_1_36' title='bbox 3298 1006 3356 1060; x_wconf 71' lang='grc'><strong>2.</strong></span> 
     </span>
    </p>
   </div>
   <div class='ocr_carea' id='block_1_4' title="bbox 649 1362 2099 1638">
    <p class='ocr_par' dir='ltr' id='par_1_4' title="bbox 649 1362 2099 1638">
     <span class='ocr_line' id='line_1_6' title="bbox 1909 1362 2099 1441; baseline -0.005 -1"><span class='ocrx_word' id='word_1_37' title='bbox 1909 1362 2099 1441; x_wconf 89' lang='grc'><strong>633.</strong></span> 
     </span>
     <span class='ocr_line' id='line_1_7' title="bbox 649 1554 1768 1638; baseline 0.002 -21"><span class='ocrx_word' id='word_1_38' title='bbox 649 1555 846 1635; x_wconf 85' lang='grc'><strong>1259,</strong></span> <span class='ocrx_word' id='word_1_39' title='bbox 890 1557 996 1621; x_wconf 86' lang='grc'><strong>19.</strong></span> <span class='ocrx_word' id='word_1_40' title='bbox 1045 1558 1310 1621; x_wconf 72' lang='lat' dir='ltr'><strong>marta.</strong></span> <span class='ocrx_word' id='word_1_41' title='bbox 1359 1556 1418 1620; x_wconf 90' lang='lat' dir='ltr'>U</span> <span class='ocrx_word' id='word_1_42' title='bbox 1463 1554 1768 1638; x_wconf 74' lang='lat' dir='ltr'><strong>Splj0tu.</strong></span> 
     </span>
    </p>
   </div>
   <div class='ocr_carea' id='block_1_5' title="bbox 650 1759 3357 1971">
    <p class='ocr_par' dir='ltr' id='par_1_5' title="bbox 650 1759 3357 1971">
     <span class='ocr_line' id='line_1_8' title="bbox 650 1759 3357 1848; baseline 0 -23"><span class='ocrx_word' id='word_1_43' title='bbox 650 1762 1017 1847; x_wconf 55' lang='lat' dir='ltr'><strong>Spgjec‘am&#39;,</strong></span> <span class='ocrx_word' id='word_1_44' title='bbox 1081 1762 1468 1848; x_wconf 73' lang='lat' dir='ltr'><strong>Trogt&#39;ram&#39;,</strong></span> <span class='ocrx_word' id='word_1_45' title='bbox 1511 1761 1890 1847; x_wconf 73' lang='lat' dir='ltr'><strong>prz&#39;morskt&#39;</strong></span> <span class='ocrx_word' id='word_1_46' title='bbox 1929 1763 2057 1825; x_wconf 84' lang='lat' dir='ltr'><strong>ban</strong></span> <span class='ocrx_word' id='word_1_47' title='bbox 2111 1764 2339 1824; x_wconf 63' lang='lat' dir='ltr'><strong>Barka</strong></span> <span class='ocrx_word' id='word_1_48' title='bbox 2388 1762 2421 1824; x_wconf 81' lang='grc' dir='ltr'><strong>ι’</strong></span> <span class='ocrx_word' id='word_1_49' title='bbox 2458 1760 2674 1847; x_wconf 71' lang='lat' dir='ltr'><strong>dr&#39;uge</strong></span> <span class='ocrx_word' id='word_1_50' title='bbox 2742 1759 2976 1845; x_wconf 72' lang='lat' dir='ltr'><strong>opc‘z&#39;ne</strong></span> <span class='ocrx_word' id='word_1_51' title='bbox 3019 1761 3210 1823; x_wconf 61' lang='lat' dir='ltr'><strong>slaiu</strong></span> <span class='ocrx_word' id='word_1_52' title='bbox 3260 1782 3357 1825; x_wconf 72' lang='lat' dir='ltr'><strong>se.</strong></span> 
     </span>
     <span class='ocr_line' id='line_1_9' title="bbox 1549 1874 2470 1971; baseline -0.002 -32"><span class='ocrx_word' id='word_1_53' title='bbox 1549 1876 1638 1939; x_wconf 81' lang='lat' dir='ltr'><strong>da</strong></span> <span class='ocrx_word' id='word_1_54' title='bbox 1686 1882 1911 1971; x_wconf 69' lang='lat' dir='ltr'><strong>zarqte</strong></span> <span class='ocrx_word' id='word_1_55' title='bbox 1956 1898 2049 1937; x_wconf 84' lang='lat' dir='ltr'><strong>na</strong></span> <span class='ocrx_word' id='word_1_56' title='bbox 2098 1874 2470 1959; x_wconf 75' lang='lat' dir='ltr'><strong>Poljz&#39;c&#39;ane.</strong></span> 
     </span>
    </p>
   </div>
   <div class='ocr_carea' id='block_1_6' title="bbox 642 2066 3368 5194">
    <p class='ocr_par' dir='ltr' id='par_1_6' title="bbox 642 2066 3368 5194">
     <span class='ocr_line' id='line_1_10' title="bbox 823 2066 3368 2139; baseline -0.001 -10"><span class='ocrx_word' id='word_1_57' title='bbox 823 2069 889 2129; x_wconf 91' lang='lat' dir='ltr'><strong>In</strong></span> <span class='ocrx_word' id='word_1_58' title='bbox 961 2066 1186 2131; x_wconf 85' lang='lat' dir='ltr'><strong>Christi</strong></span> <span class='ocrx_word' id='word_1_59' title='bbox 1258 2071 1518 2128; x_wconf 82' lang='lat' dir='ltr'><strong>nomine</strong></span> <span class='ocrx_word' id='word_1_60' title='bbox 1594 2088 1800 2128; x_wconf 89' lang='lat' dir='ltr'><strong>amen.</strong></span> <span class='ocrx_word' id='word_1_61' title='bbox 1848 2067 2047 2129; x_wconf 89' lang='lat' dir='ltr'><strong>Anno</strong></span> <span class='ocrx_word' id='word_1_62' title='bbox 2116 2067 2401 2129; x_wconf 88' lang='lat' dir='ltr'><strong>eiusdem</strong></span> <span class='ocrx_word' id='word_1_63' title='bbox 2476 2068 2677 2135; x_wconf 69' lang='lat'>1259..</span> <span class='ocrx_word' id='word_1_64' title='bbox 2724 2068 3070 2127; x_wconf 86' lang='lat' dir='ltr'><strong>indictione</strong></span> <span class='ocrx_word' id='word_1_65' title='bbox 3132 2068 3209 2139; x_wconf 83' lang='grc'><strong>2.,</strong></span> <span class='ocrx_word' id='word_1_66' title='bbox 3256 2066 3368 2126; x_wconf 89' lang='lat' dir='ltr'><strong>die</strong></span> 
     </span>
     <span class='ocr_line' id='line_1_11' title="bbox 649 2180 3365 2262; baseline -0.001 -21"><span class='ocrx_word' id='word_1_67' title='bbox 649 2184 956 2255; x_wconf 89' lang='lat' dir='ltr'><strong>mercurii,</strong></span> <span class='ocrx_word' id='word_1_68' title='bbox 1001 2181 1106 2242; x_wconf 90' lang='lat' dir='ltr'><strong>die</strong></span> <span class='ocrx_word' id='word_1_69' title='bbox 1157 2182 1252 2243; x_wconf 85' lang='lat'><strong>13.</strong></span> <span class='ocrx_word' id='word_1_70' title='bbox 1300 2192 1584 2241; x_wconf 87' lang='lat' dir='ltr'><strong>exeunte</strong></span> <span class='ocrx_word' id='word_1_71' title='bbox 1630 2183 1852 2254; x_wconf 85' lang='lat' dir='ltr'><strong>martii,</strong></span> <span class='ocrx_word' id='word_1_72' title='bbox 1910 2191 2217 2262; x_wconf 84' lang='lat' dir='ltr'><strong>regnante</strong></span> <span class='ocrx_word' id='word_1_73' title='bbox 2277 2180 2544 2240; x_wconf 88' lang='lat' dir='ltr'><strong>domino</strong></span> <span class='ocrx_word' id='word_1_74' title='bbox 2592 2180 2742 2241; x_wconf 88' lang='lat' dir='ltr'><strong>Bela</strong></span> <span class='ocrx_word' id='word_1_75' title='bbox 2788 2180 2892 2239; x_wconf 89' lang='lat' dir='ltr'><strong>dei</strong></span> <span class='ocrx_word' id='word_1_76' title='bbox 2936 2182 3145 2261; x_wconf 82' lang='lat' dir='ltr'><strong>gracia</strong></span> <span class='ocrx_word' id='word_1_77' title='bbox 3190 2198 3365 2239; x_wconf 88' lang='lat' dir='ltr'><strong>serc-</strong></span> 
     </span>
     <span class='ocr_line' id='line_1_12' title="bbox 649 2292 3359 2376; baseline -0.002 -21"><span class='ocrx_word' id='word_1_78' title='bbox 649 2298 910 2355; x_wconf 90' lang='lat' dir='ltr'><strong>nissimo</strong></span> <span class='ocrx_word' id='word_1_79' title='bbox 978 2313 1127 2376; x_wconf 89' lang='lat' dir='ltr'><strong>rege</strong></span> <span class='ocrx_word' id='word_1_80' title='bbox 1201 2295 1526 2375; x_wconf 85' lang='lat' dir='ltr'><strong>Hungarie</strong></span> <span class='ocrx_word' id='word_1_81' title='bbox 1593 2304 1656 2354; x_wconf 89' lang='lat' dir='ltr'><strong>et</strong></span> <span class='ocrx_word' id='word_1_82' title='bbox 1705 2293 2101 2372; x_wconf 83' lang='lat' dir='ltr'><strong>temporibus</strong></span> <span class='ocrx_word' id='word_1_83' title='bbox 2145 2296 2337 2354; x_wconf 89' lang='lat' dir='ltr'><strong>etiam</strong></span> <span class='ocrx_word' id='word_1_84' title='bbox 2385 2293 2626 2354; x_wconf 90' lang='lat' dir='ltr'><strong>domini</strong></span> <span class='ocrx_word' id='word_1_85' title='bbox 2675 2294 2927 2374; x_wconf 87' lang='lat' dir='ltr'><strong>Rogerii</strong></span> <span class='ocrx_word' id='word_1_86' title='bbox 2976 2292 3359 2353; x_wconf 86' lang='lat' dir='ltr'><strong>venerabilis</strong></span> 
     </span>
     <span class='ocr_line' id='line_1_13' title="bbox 651 2404 3357 2486; baseline -0.001 -19"><span class='ocrx_word' id='word_1_87' title='bbox 651 2407 1105 2486; x_wconf 87' lang='lat' dir='ltr'><strong>archiepiscopi</strong></span> <span class='ocrx_word' id='word_1_88' title='bbox 1140 2408 1532 2485; x_wconf 79' lang='lat' dir='ltr'><strong>Spalatensis</strong></span> <span class='ocrx_word' id='word_1_89' title='bbox 1564 2417 1626 2467; x_wconf 91' lang='lat' dir='ltr'><strong>et</strong></span> <span class='ocrx_word' id='word_1_90' title='bbox 1659 2408 1975 2467; x_wconf 88' lang='lat' dir='ltr'><strong>existente</strong></span> <span class='ocrx_word' id='word_1_91' title='bbox 2006 2407 2202 2467; x_wconf 90' lang='lat' dir='ltr'><strong>nobili</strong></span> <span class='ocrx_word' id='word_1_92' title='bbox 2236 2409 2367 2465; x_wconf 83' lang='lat' dir='ltr'><strong>viro</strong></span> <span class='ocrx_word' id='word_1_93' title='bbox 2399 2406 2667 2466; x_wconf 92' lang='lat' dir='ltr'><strong>domino</strong></span> <span class='ocrx_word' id='word_1_94' title='bbox 2693 2404 2992 2467; x_wconf 87' lang='lat' dir='ltr'><strong>Guidone</strong></span> <span class='ocrx_word' id='word_1_95' title='bbox 3026 2404 3357 2486; x_wconf 88' lang='lat' dir='ltr'><strong>Vegliensi</strong></span> 
     </span>
     <span class='ocr_line' id='line_1_14' title="bbox 652 2516 3355 2598; baseline -0.001 -18"><span class='ocrx_word' id='word_1_96' title='bbox 652 2522 904 2593; x_wconf 88' lang='lat' dir='ltr'><strong>comite,</strong></span> <span class='ocrx_word' id='word_1_97' title='bbox 938 2519 1266 2581; x_wconf 88' lang='lat' dir='ltr'><strong>Vinodolii</strong></span> <span class='ocrx_word' id='word_1_98' title='bbox 1297 2531 1360 2580; x_wconf 91' lang='lat' dir='ltr'><strong>et</strong></span> <span class='ocrx_word' id='word_1_99' title='bbox 1394 2519 1750 2581; x_wconf 86' lang='lat' dir='ltr'><strong>Modrussie</strong></span> <span class='ocrx_word' id='word_1_100' title='bbox 1795 2519 2082 2580; x_wconf 89' lang='lat' dir='ltr'><strong>eiusdem</strong></span> <span class='ocrx_word' id='word_1_101' title='bbox 2128 2520 2393 2579; x_wconf 88' lang='lat' dir='ltr'><strong>civitatis</strong></span> <span class='ocrx_word' id='word_1_102' title='bbox 2438 2529 2771 2598; x_wconf 84' lang='lat' dir='ltr'><strong>potestate.</strong></span> <span class='ocrx_word' id='word_1_103' title='bbox 2828 2516 2991 2581; x_wconf 90' lang='lat' dir='ltr'><strong>Cum</strong></span> <span class='ocrx_word' id='word_1_104' title='bbox 3026 2517 3355 2597; x_wconf 85' lang='lat' dir='ltr'><strong>predictus</strong></span> 
     </span>
     <span class='ocr_line' id='line_1_15' title="bbox 653 2630 3357 2711; baseline -0.001 -19"><span class='ocrx_word' id='word_1_105' title='bbox 653 2632 955 2693; x_wconf 88' lang='lat' dir='ltr'><strong>dominus</strong></span> <span class='ocrx_word' id='word_1_106' title='bbox 1001 2630 1219 2694; x_wconf 92' lang='lat' dir='ltr'><strong>Guido</strong></span> <span class='ocrx_word' id='word_1_107' title='bbox 1281 2651 1502 2693; x_wconf 87' lang='lat' dir='ltr'><strong>comes</strong></span> <span class='ocrx_word' id='word_1_108' title='bbox 1563 2644 1848 2711; x_wconf 86' lang='lat' dir='ltr'><strong>potestas</strong></span> <span class='ocrx_word' id='word_1_109' title='bbox 1893 2651 2019 2693; x_wconf 89' lang='lat' dir='ltr'><strong>una</strong></span> <span class='ocrx_word' id='word_1_110' title='bbox 2066 2650 2209 2692; x_wconf 91' lang='lat' dir='ltr'><strong>cum</strong></span> <span class='ocrx_word' id='word_1_111' title='bbox 2261 2632 2585 2703; x_wconf 78' lang='lat' dir='ltr'><strong>iudicibus,</strong></span> <span class='ocrx_word' id='word_1_112' title='bbox 2652 2632 3019 2693; x_wconf 86' lang='lat' dir='ltr'><strong>consiliariis</strong></span> <span class='ocrx_word' id='word_1_113' title='bbox 3063 2645 3126 2692; x_wconf 93' lang='lat' dir='ltr'><strong>et</strong></span> <span class='ocrx_word' id='word_1_114' title='bbox 3172 2648 3357 2691; x_wconf 87' lang='lat' dir='ltr'><strong>com·</strong></span> 
     </span>
     <span class='ocr_line' id='line_1_16' title="bbox 653 2744 3359 2824; baseline -0.001 -19"><span class='ocrx_word' id='word_1_115' title='bbox 653 2747 962 2805; x_wconf 87' lang='lat' dir='ltr'><strong>munitate</strong></span> <span class='ocrx_word' id='word_1_116' title='bbox 1023 2744 1377 2824; x_wconf 85' lang='lat' dir='ltr'><strong>Spalatensi</strong></span> <span class='ocrx_word' id='word_1_117' title='bbox 1428 2761 1491 2806; x_wconf 89' lang='lat' dir='ltr'><strong>et</strong></span> <span class='ocrx_word' id='word_1_118' title='bbox 1539 2746 1822 2805; x_wconf 85' lang='lat' dir='ltr'><strong>similiter</strong></span> <span class='ocrx_word' id='word_1_119' title='bbox 1883 2763 2010 2806; x_wconf 86' lang='lat' dir='ltr'><strong>una</strong></span> <span class='ocrx_word' id='word_1_120' title='bbox 2073 2764 2219 2805; x_wconf 91' lang='lat' dir='ltr'><strong>cum</strong></span> <span class='ocrx_word' id='word_1_121' title='bbox 2282 2744 2608 2814; x_wconf 77' lang='lat' dir='ltr'><strong>iudicibus,</strong></span> <span class='ocrx_word' id='word_1_122' title='bbox 2652 2744 3019 2805; x_wconf 88' lang='lat' dir='ltr'><strong>consiliariis</strong></span> <span class='ocrx_word' id='word_1_123' title='bbox 3065 2758 3129 2805; x_wconf 91' lang='lat' dir='ltr'><strong>et</strong></span> <span class='ocrx_word' id='word_1_124' title='bbox 3176 2762 3359 2804; x_wconf 86' lang='lat' dir='ltr'><strong>com·</strong></span> 
     </span>
     <span class='ocr_line' id='line_1_17' title="bbox 652 2856 3360 2940; baseline -0.001 -20"><span class='ocrx_word' id='word_1_125' title='bbox 652 2860 962 2920; x_wconf 88' lang='lat' dir='ltr'><strong>munitate</strong></span> <span class='ocrx_word' id='word_1_126' title='bbox 1010 2858 1296 2940; x_wconf 88' lang='lat' dir='ltr'><strong>Tragurii</strong></span> <span class='ocrx_word' id='word_1_127' title='bbox 1332 2860 1391 2920; x_wconf 93' lang='lat' dir='ltr'><strong>in</strong></span> <span class='ocrx_word' id='word_1_128' title='bbox 1426 2876 1650 2940; x_wconf 87' lang='lat' dir='ltr'><strong>guerra</strong></span> <span class='ocrx_word' id='word_1_129' title='bbox 1701 2860 1984 2920; x_wconf 82' lang='lat' dir='ltr'><strong>maxima</strong></span> <span class='ocrx_word' id='word_1_130' title='bbox 2030 2876 2146 2937; x_wconf 89' lang='lat' dir='ltr'><strong>pro</strong></span> <span class='ocrx_word' id='word_1_131' title='bbox 2194 2858 2438 2919; x_wconf 89' lang='lat' dir='ltr'><strong>honore</strong></span> <span class='ocrx_word' id='word_1_132' title='bbox 2484 2876 2723 2919; x_wconf 90' lang='lat' dir='ltr'><strong>corone</strong></span> <span class='ocrx_word' id='word_1_133' title='bbox 2750 2860 2921 2939; x_wconf 88' lang='lat' dir='ltr'><strong>regie</strong></span> <span class='ocrx_word' id='word_1_134' title='bbox 2953 2867 3017 2918; x_wconf 89' lang='lat' dir='ltr'><strong>et</strong></span> <span class='ocrx_word' id='word_1_135' title='bbox 3048 2856 3360 2919; x_wconf 84' lang='lat' dir='ltr'><strong>fidelitate</strong></span> 
     </span>
     <span class='ocr_line' id='line_1_18' title="bbox 652 2971 3357 3051; baseline -0.002 -17"><span class='ocrx_word' id='word_1_136' title='bbox 652 2973 1054 3034; x_wconf 85' lang='lat' dir='ltr'><strong>observanda</strong></span> <span class='ocrx_word' id='word_1_137' title='bbox 1115 2983 1564 3051; x_wconf 86' lang='lat' dir='ltr'><strong>permanerent</strong></span> <span class='ocrx_word' id='word_1_138' title='bbox 1627 2991 1774 3032; x_wconf 91' lang='lat' dir='ltr'><strong>cum</strong></span> <span class='ocrx_word' id='word_1_139' title='bbox 1837 2971 2196 3032; x_wconf 89' lang='lat' dir='ltr'><strong>infidelibus</strong></span> <span class='ocrx_word' id='word_1_140' title='bbox 2244 2971 2571 3032; x_wconf 86' lang='lat' dir='ltr'><strong>Pollizanis</strong></span> <span class='ocrx_word' id='word_1_141' title='bbox 2616 2971 2786 3032; x_wconf 89' lang='lat' dir='ltr'><strong>dicte</strong></span> <span class='ocrx_word' id='word_1_142' title='bbox 2830 2989 3084 3039; x_wconf 76' lang='lat' dir='ltr'><strong>corone,</strong></span> <span class='ocrx_word' id='word_1_143' title='bbox 3132 2989 3357 3030; x_wconf 86' lang='lat' dir='ltr'><strong>comes</strong></span> 
     </span>
     <span class='ocr_line' id='line_1_19' title="bbox 651 3083 3349 3166; baseline -0.002 -18"><span class='ocrx_word' id='word_1_144' title='bbox 651 3086 954 3160; x_wconf 88' lang='lat' dir='ltr'><strong>Buthec0,</strong></span> <span class='ocrx_word' id='word_1_145' title='bbox 1000 3086 1102 3146; x_wconf 89' lang='lat' dir='ltr'><strong>dei</strong></span> <span class='ocrx_word' id='word_1_146' title='bbox 1149 3096 1210 3145; x_wconf 87' lang='lat' dir='ltr'><strong>et</strong></span> <span class='ocrx_word' id='word_1_147' title='bbox 1259 3088 1422 3166; x_wconf 86' lang='lat' dir='ltr'><strong>regis</strong></span> <span class='ocrx_word' id='word_1_148' title='bbox 1469 3086 1667 3166; x_wconf 85' lang='lat' dir='ltr'><strong>gratia</strong></span> <span class='ocrx_word' id='word_1_149' title='bbox 1715 3085 2067 3144; x_wconf 88' lang='lat' dir='ltr'><strong>maritimus</strong></span> <span class='ocrx_word' id='word_1_150' title='bbox 2113 3085 2331 3153; x_wconf 77' lang='lat' dir='ltr'><strong>banuS,</strong></span> <span class='ocrx_word' id='word_1_151' title='bbox 2378 3085 2665 3163; x_wconf 86' lang='lat' dir='ltr'><strong>promisit</strong></span> <span class='ocrx_word' id='word_1_152' title='bbox 2711 3094 2775 3144; x_wconf 89' lang='lat' dir='ltr'><strong>et</strong></span> <span class='ocrx_word' id='word_1_153' title='bbox 2822 3083 3091 3144; x_wconf 88' lang='lat' dir='ltr'><strong>firmavit</strong></span> <span class='ocrx_word' id='word_1_154' title='bbox 3139 3101 3349 3143; x_wconf 86' lang='lat' dir='ltr'><strong>sacra·</strong></span> 
     </span>
     <span class='ocr_line' id='line_1_20' title="bbox 649 3195 3343 3279; baseline -0.001 -20"><span class='ocrx_word' id='word_1_155' title='bbox 649 3211 869 3260; x_wconf 90' lang='lat' dir='ltr'><strong>mento</strong></span> <span class='ocrx_word' id='word_1_156' title='bbox 917 3211 980 3260; x_wconf 90' lang='lat' dir='ltr'><strong>et</strong></span> <span class='ocrx_word' id='word_1_157' title='bbox 1027 3219 1094 3260; x_wconf 89' lang='lat' dir='ltr'><strong>se</strong></span> <span class='ocrx_word' id='word_1_158' title='bbox 1141 3199 1468 3258; x_wconf 79' lang='lat' dir='ltr'><strong>voluntate</strong></span> <span class='ocrx_word' id='word_1_159' title='bbox 1529 3200 1782 3276; x_wconf 88' lang='lat' dir='ltr'><strong>propria</strong></span> <span class='ocrx_word' id='word_1_160' title='bbox 1844 3197 2163 3279; x_wconf 88' lang='lat' dir='ltr'><strong>obligavit,</strong></span> <span class='ocrx_word' id='word_1_161' title='bbox 2210 3201 2272 3258; x_wconf 91' lang='lat' dir='ltr'><strong>in</strong></span> <span class='ocrx_word' id='word_1_162' title='bbox 2319 3197 2547 3258; x_wconf 88' lang='lat' dir='ltr'><strong>cadem</strong></span> <span class='ocrx_word' id='word_1_163' title='bbox 2608 3215 2831 3278; x_wconf 85' lang='lat' dir='ltr'><strong>guerra</strong></span> <span class='ocrx_word' id='word_1_164' title='bbox 2876 3199 3054 3256; x_wconf 81' lang='lat' dir='ltr'><strong>iuxta</strong></span> <span class='ocrx_word' id='word_1_165' title='bbox 3100 3195 3343 3256; x_wconf 89' lang='lat' dir='ltr'><strong>dictum</strong></span> 
     </span>
     <span class='ocr_line' id='line_1_21' title="bbox 647 3308 3347 3391; baseline -0.002 -19"><span class='ocrx_word' id='word_1_166' title='bbox 647 3323 1032 3391; x_wconf 87' lang='lat' dir='ltr'><strong>potestatem</strong></span> <span class='ocrx_word' id='word_1_167' title='bbox 1067 3323 1127 3371; x_wconf 89' lang='lat' dir='ltr'><strong>et</strong></span> <span class='ocrx_word' id='word_1_168' title='bbox 1161 3313 1656 3371; x_wconf 86' lang='lat' dir='ltr'><strong>communitates</strong></span> <span class='ocrx_word' id='word_1_169' title='bbox 1700 3310 2018 3389; x_wconf 89' lang='lat' dir='ltr'><strong>predictas</strong></span> <span class='ocrx_word' id='word_1_170' title='bbox 2048 3329 2185 3370; x_wconf 87' lang='lat' dir='ltr'><strong>esse</strong></span> <span class='ocrx_word' id='word_1_171' title='bbox 2216 3323 2278 3370; x_wconf 90' lang='lat' dir='ltr'><strong>et</strong></span> <span class='ocrx_word' id='word_1_172' title='bbox 2308 3329 2709 3388; x_wconf 85' lang='lat' dir='ltr'><strong>perseverare</strong></span> <span class='ocrx_word' id='word_1_173' title='bbox 2754 3320 2975 3370; x_wconf 87' lang='lat' dir='ltr'><strong>contra</strong></span> <span class='ocrx_word' id='word_1_174' title='bbox 3022 3308 3347 3388; x_wconf 85' lang='lat' dir='ltr'><strong>predictos</strong></span> 
     </span>
     <span class='ocr_line' id='line_1_22' title="bbox 645 3423 3345 3503; baseline -0.001 -19"><span class='ocrx_word' id='word_1_175' title='bbox 645 3424 932 3486; x_wconf 85' lang='lat' dir='ltr'><strong>infideles</strong></span> <span class='ocrx_word' id='word_1_176' title='bbox 999 3437 1062 3484; x_wconf 88' lang='lat' dir='ltr'><strong>et</strong></span> <span class='ocrx_word' id='word_1_177' title='bbox 1127 3424 1367 3483; x_wconf 87' lang='lat' dir='ltr'><strong>eisdem</strong></span> <span class='ocrx_word' id='word_1_178' title='bbox 1456 3423 1813 3484; x_wconf 85' lang='lat' dir='ltr'><strong>infidelibus</strong></span> <span class='ocrx_word' id='word_1_179' title='bbox 1895 3425 2103 3483; x_wconf 85' lang='lat' dir='ltr'><strong>vivam</strong></span> <span class='ocrx_word' id='word_1_180' title='bbox 2188 3441 2477 3503; x_wconf 89' lang='lat' dir='ltr'><strong>guerram</strong></span> <span class='ocrx_word' id='word_1_181' title='bbox 2549 3423 2771 3495; x_wconf 83' lang='lat' dir='ltr'><strong>facere,</strong></span> <span class='ocrx_word' id='word_1_182' title='bbox 2846 3433 3097 3482; x_wconf 89' lang='lat' dir='ltr'><strong>remoto</strong></span> <span class='ocrx_word' id='word_1_183' title='bbox 3166 3423 3345 3481; x_wconf 93' lang='lat' dir='ltr'><strong>omni</strong></span> 
     </span>
     <span class='ocr_line' id='line_1_23' title="bbox 647 3535 3347 3618; baseline -0.001 -22"><span class='ocrx_word' id='word_1_184' title='bbox 647 3539 902 3618; x_wconf 87' lang='lat' dir='ltr'><strong>ingenio</strong></span> <span class='ocrx_word' id='word_1_185' title='bbox 969 3548 1164 3614; x_wconf 91' lang='lat' dir='ltr'><strong>atque</strong></span> <span class='ocrx_word' id='word_1_186' title='bbox 1235 3536 1472 3608; x_wconf 87' lang='lat' dir='ltr'><strong>fraude,</strong></span> <span class='ocrx_word' id='word_1_187' title='bbox 1519 3555 1638 3596; x_wconf 90' lang='lat' dir='ltr'><strong>nec</strong></span> <span class='ocrx_word' id='word_1_188' title='bbox 1685 3549 1973 3616; x_wconf 87' lang='lat' dir='ltr'><strong>treguam</strong></span> <span class='ocrx_word' id='word_1_189' title='bbox 2044 3538 2141 3596; x_wconf 89' lang='lat' dir='ltr'><strong>vel</strong></span> <span class='ocrx_word' id='word_1_190' title='bbox 2210 3555 2435 3614; x_wconf 87' lang='lat' dir='ltr'><strong>pacem</strong></span> <span class='ocrx_word' id='word_1_191' title='bbox 2497 3535 2775 3614; x_wconf 88' lang='lat' dir='ltr'><strong>aliquam</strong></span> <span class='ocrx_word' id='word_1_192' title='bbox 2822 3535 3013 3595; x_wconf 80' lang='lat' dir='ltr'><strong>faciat</strong></span> <span class='ocrx_word' id='word_1_193' title='bbox 3058 3553 3205 3594; x_wconf 91' lang='lat' dir='ltr'><strong>cum</strong></span> <span class='ocrx_word' id='word_1_194' title='bbox 3256 3537 3347 3594; x_wconf 90' lang='lat' dir='ltr'><strong>in-</strong></span> 
     </span>
     <span class='ocr_line' id='line_1_24' title="bbox 645 3647 3344 3727; baseline -0.002 -16"><span class='ocrx_word' id='word_1_195' title='bbox 645 3650 938 3711; x_wconf 90' lang='lat' dir='ltr'><strong>fidelibus</strong></span> <span class='ocrx_word' id='word_1_196' title='bbox 983 3649 1334 3722; x_wconf 80' lang='lat' dir='ltr'><strong>antedictiS‚</strong></span> <span class='ocrx_word' id='word_1_197' title='bbox 1381 3651 1494 3709; x_wconf 89' lang='lat' dir='ltr'><strong>nisi</strong></span> <span class='ocrx_word' id='word_1_198' title='bbox 1544 3649 1888 3722; x_wconf 83' lang='lat' dir='ltr'><strong>voluntate,</strong></span> <span class='ocrx_word' id='word_1_199' title='bbox 1956 3667 2269 3709; x_wconf 89' lang='lat' dir='ltr'><strong>consensu</strong></span> <span class='ocrx_word' id='word_1_200' title='bbox 2317 3659 2379 3708; x_wconf 84' lang='lat' dir='ltr'><strong>et</strong></span> <span class='ocrx_word' id='word_1_201' title='bbox 2436 3647 2701 3709; x_wconf 90' lang='lat' dir='ltr'><strong>consilio</strong></span> <span class='ocrx_word' id='word_1_202' title='bbox 2768 3647 3033 3727; x_wconf 88' lang='lat' dir='ltr'><strong>predicti</strong></span> <span class='ocrx_word' id='word_1_203' title='bbox 3097 3647 3344 3707; x_wconf 88' lang='lat' dir='ltr'><strong>domini</strong></span> 
     </span>
     <span class='ocr_line' id='line_1_25' title="bbox 644 3759 3344 3842; baseline -0.002 -18"><span class='ocrx_word' id='word_1_204' title='bbox 644 3764 978 3842; x_wconf 88' lang='lat' dir='ltr'><strong>potestatis</strong></span> <span class='ocrx_word' id='word_1_205' title='bbox 1023 3775 1086 3823; x_wconf 90' lang='lat' dir='ltr'><strong>et</strong></span> <span class='ocrx_word' id='word_1_206' title='bbox 1133 3782 1321 3841; x_wconf 88' lang='lat' dir='ltr'><strong>super</strong></span> <span class='ocrx_word' id='word_1_207' title='bbox 1369 3775 1863 3822; x_wconf 88' lang='lat' dir='ltr'><strong>memoratarum</strong></span> <span class='ocrx_word' id='word_1_208' title='bbox 1910 3764 2503 3822; x_wconf 87' lang='lat' dir='ltr'><strong>communitatuum.</strong></span> <span class='ocrx_word' id='word_1_209' title='bbox 2566 3761 2648 3822; x_wconf 87' lang='lat' dir='ltr'><strong>Et</strong></span> <span class='ocrx_word' id='word_1_210' title='bbox 2694 3763 2741 3821; x_wconf 89' lang='lat' dir='ltr'><strong>si</strong></span> <span class='ocrx_word' id='word_1_211' title='bbox 2789 3771 3012 3820; x_wconf 86' lang='lat' dir='ltr'><strong>contra</strong></span> <span class='ocrx_word' id='word_1_212' title='bbox 3060 3759 3344 3839; x_wconf 86' lang='lat' dir='ltr'><strong>predicta</strong></span> 
     </span>
     <span class='ocr_line' id='line_1_26' title="bbox 643 3873 3344 3954; baseline -0.002 -18"><span class='ocrx_word' id='word_1_213' title='bbox 643 3877 829 3937; x_wconf 87' lang='lat' dir='ltr'><strong>fuerit</strong></span> <span class='ocrx_word' id='word_1_214' title='bbox 875 3875 971 3935; x_wconf 82' lang='lat' dir='ltr'><strong>vel</strong></span> <span class='ocrx_word' id='word_1_215' title='bbox 1023 3878 1259 3935; x_wconf 85' lang='lat' dir='ltr'><strong>venerit</strong></span> <span class='ocrx_word' id='word_1_216' title='bbox 1309 3875 1561 3935; x_wconf 86' lang='lat' dir='ltr'><strong>occulte</strong></span> <span class='ocrx_word' id='word_1_217' title='bbox 1608 3874 1708 3934; x_wconf 89' lang='lat' dir='ltr'><strong>uel</strong></span> <span class='ocrx_word' id='word_1_218' title='bbox 1755 3874 1985 3952; x_wconf 87' lang='lat' dir='ltr'><strong>palam,</strong></span> <span class='ocrx_word' id='word_1_219' title='bbox 2055 3886 2276 3934; x_wconf 88' lang='lat' dir='ltr'><strong>notam</strong></span> <span class='ocrx_word' id='word_1_220' title='bbox 2324 3873 2705 3934; x_wconf 86' lang='lat' dir='ltr'><strong>infidelitatis</strong></span> <span class='ocrx_word' id='word_1_221' title='bbox 2765 3875 2935 3954; x_wconf 90' lang='lat' dir='ltr'><strong>regie</strong></span> <span class='ocrx_word' id='word_1_222' title='bbox 2999 3874 3344 3932; x_wconf 86' lang='lat' dir='ltr'><strong>maiestatis</strong></span> 
     </span>
     <span class='ocr_line' id='line_1_27' title="bbox 645 3974 3345 4067; baseline -0.001 -19"><span class='ocrx_word' id='word_1_223' title='bbox 645 3990 1040 4048; x_wconf 88' lang='lat' dir='ltr'><strong>incursurum</strong></span> <span class='ocrx_word' id='word_1_224' title='bbox 1090 4007 1158 4047; x_wconf 87' lang='lat' dir='ltr'><strong>se</strong></span> <span class='ocrx_word' id='word_1_225' title='bbox 1204 3986 1561 4058; x_wconf 87' lang='lat' dir='ltr'><strong>confitetur,</strong></span> <span class='ocrx_word' id='word_1_226' title='bbox 1627 3974 2009 4065; x_wconf 75' lang='lat' dir='ltr'><strong>promittens</strong></span> <span class='ocrx_word' id='word_1_227' title='bbox 2054 3989 2255 4046; x_wconf 88' lang='lat' dir='ltr'><strong>eciam</strong></span> <span class='ocrx_word' id='word_1_228' title='bbox 2303 3997 2367 4046; x_wconf 92' lang='lat' dir='ltr'><strong>et</strong></span> <span class='ocrx_word' id='word_1_229' title='bbox 2412 4005 2479 4046; x_wconf 89' lang='lat' dir='ltr'><strong>se</strong></span> <span class='ocrx_word' id='word_1_230' title='bbox 2525 3986 2816 4067; x_wconf 89' lang='lat' dir='ltr'><strong>obligans</strong></span> <span class='ocrx_word' id='word_1_231' title='bbox 2861 3986 3070 4046; x_wconf 85' lang='lat' dir='ltr'><strong>facere</strong></span> <span class='ocrx_word' id='word_1_232' title='bbox 3116 4003 3345 4045; x_wconf 85' lang='lat' dir='ltr'><strong>omnes</strong></span> 
     </span>
     <span class='ocr_line' id='line_1_28' title="bbox 642 4095 3343 4180; baseline -0.002 -19"><span class='ocrx_word' id='word_1_233' title='bbox 642 4100 863 4162; x_wconf 88' lang='lat' dir='ltr'><strong>fideles</strong></span> <span class='ocrx_word' id='word_1_234' title='bbox 909 4119 1146 4160; x_wconf 89' lang='lat' dir='ltr'><strong>corone</strong></span> <span class='ocrx_word' id='word_1_235' title='bbox 1192 4101 1304 4159; x_wconf 86' lang='lat' dir='ltr'><strong>sibi</strong></span> <span class='ocrx_word' id='word_1_236' title='bbox 1355 4100 1644 4160; x_wconf 83' lang='lat' dir='ltr'><strong>subditos</strong></span> <span class='ocrx_word' id='word_1_237' title='bbox 1692 4102 1923 4159; x_wconf 89' lang='lat' dir='ltr'><strong>intrare</strong></span> <span class='ocrx_word' id='word_1_238' title='bbox 1956 4101 2018 4158; x_wconf 91' lang='lat' dir='ltr'><strong>in</strong></span> <span class='ocrx_word' id='word_1_239' title='bbox 2055 4118 2347 4180; x_wconf 87' lang='lat' dir='ltr'><strong>guerram</strong></span> <span class='ocrx_word' id='word_1_240' title='bbox 2392 4099 2761 4177; x_wconf 89' lang='lat' dir='ltr'><strong>predictam.</strong></span> <span class='ocrx_word' id='word_1_241' title='bbox 2810 4098 2890 4158; x_wconf 89' lang='lat' dir='ltr'><strong>Et</strong></span> <span class='ocrx_word' id='word_1_242' title='bbox 2924 4099 2973 4158; x_wconf 91' lang='lat' dir='ltr'><strong>si</strong></span> <span class='ocrx_word' id='word_1_243' title='bbox 3005 4098 3231 4175; x_wconf 87' lang='lat' dir='ltr'><strong>aliquis</strong></span> <span class='ocrx_word' id='word_1_244' title='bbox 3262 4095 3343 4156; x_wconf 84' lang='lat' dir='ltr'><strong>de</strong></span> 
     </span>
     <span class='ocr_line' id='line_1_29' title="bbox 645 4210 3343 4294; baseline -0.001 -20"><span class='ocrx_word' id='word_1_245' title='bbox 645 4213 938 4274; x_wconf 85' lang='lat' dir='ltr'><strong>fidelibus</strong></span> <span class='ocrx_word' id='word_1_246' title='bbox 985 4213 1228 4273; x_wconf 89' lang='lat' dir='ltr'><strong>domini</strong></span> <span class='ocrx_word' id='word_1_247' title='bbox 1276 4215 1437 4294; x_wconf 86' lang='lat' dir='ltr'><strong>regis</strong></span> <span class='ocrx_word' id='word_1_248' title='bbox 1483 4213 1596 4272; x_wconf 88' lang='lat' dir='ltr'><strong>sibi</strong></span> <span class='ocrx_word' id='word_1_249' title='bbox 1645 4212 1937 4272; x_wconf 90' lang='lat' dir='ltr'><strong>subditus</strong></span> <span class='ocrx_word' id='word_1_250' title='bbox 1984 4215 2213 4272; x_wconf 88' lang='lat' dir='ltr'><strong>intrare</strong></span> <span class='ocrx_word' id='word_1_251' title='bbox 2260 4213 2473 4281; x_wconf 90' lang='lat' dir='ltr'><strong>nollet,</strong></span> <span class='ocrx_word' id='word_1_252' title='bbox 2518 4221 2739 4272; x_wconf 88' lang='lat' dir='ltr'><strong>contra</strong></span> <span class='ocrx_word' id='word_1_253' title='bbox 2787 4214 2993 4289; x_wconf 90' lang='lat' dir='ltr'><strong>ipsum</strong></span> <span class='ocrx_word' id='word_1_254' title='bbox 3040 4210 3139 4270; x_wconf 90' lang='lat' dir='ltr'><strong>vel</strong></span> <span class='ocrx_word' id='word_1_255' title='bbox 3170 4211 3343 4288; x_wconf 88' lang='lat' dir='ltr'><strong>ipsos</strong></span> 
     </span>
     <span class='ocr_line' id='line_1_30' title="bbox 644 4323 3343 4404; baseline -0.002 -17"><span class='ocrx_word' id='word_1_256' title='bbox 644 4327 760 4387; x_wconf 88' lang='lat' dir='ltr'><strong>erit</strong></span> <span class='ocrx_word' id='word_1_257' title='bbox 808 4325 1040 4386; x_wconf 80' lang='lat' dir='ltr'><strong>viribus</strong></span> <span class='ocrx_word' id='word_1_258' title='bbox 1107 4339 1300 4403; x_wconf 89' lang='lat' dir='ltr'><strong>atque</strong></span> <span class='ocrx_word' id='word_1_259' title='bbox 1349 4344 1538 4404; x_wconf 88' lang='lat' dir='ltr'><strong>posse</strong></span> <span class='ocrx_word' id='word_1_260' title='bbox 1584 4338 1646 4385; x_wconf 91' lang='lat' dir='ltr'><strong>et</strong></span> <span class='ocrx_word' id='word_1_261' title='bbox 1694 4325 1976 4386; x_wconf 90' lang='lat' dir='ltr'><strong>similiter</strong></span> <span class='ocrx_word' id='word_1_262' title='bbox 2022 4345 2105 4385; x_wconf 81' lang='lat' dir='ltr'><strong>ex</strong></span> <span class='ocrx_word' id='word_1_263' title='bbox 2151 4324 2419 4386; x_wconf 85' lang='lat' dir='ltr'><strong>adverso</strong></span> <span class='ocrx_word' id='word_1_264' title='bbox 2487 4323 2807 4404; x_wconf 88' lang='lat' dir='ltr'><strong>predictus</strong></span> <span class='ocrx_word' id='word_1_265' title='bbox 2867 4323 3170 4384; x_wconf 89' lang='lat' dir='ltr'><strong>dominus</strong></span> <span class='ocrx_word' id='word_1_266' title='bbox 3230 4342 3343 4402; x_wconf 87' lang='lat' dir='ltr'><strong>po-</strong></span> 
     </span>
     <span class='ocr_line' id='line_1_31' title="bbox 648 4436 3343 4515; baseline -0.001 -17"><span class='ocrx_word' id='word_1_267' title='bbox 648 4449 842 4500; x_wconf 81' lang='lat' dir='ltr'><strong>testas</strong></span> <span class='ocrx_word' id='word_1_268' title='bbox 889 4457 1014 4499; x_wconf 90' lang='lat' dir='ltr'><strong>una</strong></span> <span class='ocrx_word' id='word_1_269' title='bbox 1062 4457 1207 4498; x_wconf 91' lang='lat' dir='ltr'><strong>cum</strong></span> <span class='ocrx_word' id='word_1_270' title='bbox 1257 4438 1583 4510; x_wconf 82' lang='lat' dir='ltr'><strong>iudicibus,</strong></span> <span class='ocrx_word' id='word_1_271' title='bbox 1629 4437 1997 4498; x_wconf 88' lang='lat' dir='ltr'><strong>consiliariis</strong></span> <span class='ocrx_word' id='word_1_272' title='bbox 2041 4449 2105 4498; x_wconf 92' lang='lat' dir='ltr'><strong>et</strong></span> <span class='ocrx_word' id='word_1_273' title='bbox 2151 4438 2717 4498; x_wconf 88' lang='lat' dir='ltr'><strong>communitatibus</strong></span> <span class='ocrx_word' id='word_1_274' title='bbox 2784 4436 3213 4515; x_wconf 87' lang='lat' dir='ltr'><strong>predictarum</strong></span> <span class='ocrx_word' id='word_1_275' title='bbox 3262 4437 3343 4495; x_wconf 92' lang='lat' dir='ltr'><strong>ci-</strong></span> 
     </span>
     <span class='ocr_line' id='line_1_32' title="bbox 643 4549 3341 4632; baseline -0.001 -21"><span class='ocrx_word' id='word_1_276' title='bbox 643 4555 913 4614; x_wconf 87' lang='lat' dir='ltr'><strong>vitatum</strong></span> <span class='ocrx_word' id='word_1_277' title='bbox 974 4552 1400 4630; x_wconf 89' lang='lat' dir='ltr'><strong>promiserunt</strong></span> <span class='ocrx_word' id='word_1_278' title='bbox 1448 4560 1510 4610; x_wconf 86' lang='lat' dir='ltr'><strong>et</strong></span> <span class='ocrx_word' id='word_1_279' title='bbox 1558 4570 1626 4610; x_wconf 88' lang='lat' dir='ltr'><strong>se</strong></span> <span class='ocrx_word' id='word_1_280' title='bbox 1673 4551 2114 4632; x_wconf 88' lang='lat' dir='ltr'><strong>obligaverunt</strong></span> <span class='ocrx_word' id='word_1_281' title='bbox 2174 4551 2293 4612; x_wconf 89' lang='lat' dir='ltr'><strong>sub</strong></span> <span class='ocrx_word' id='word_1_282' title='bbox 2354 4550 2587 4610; x_wconf 86' lang='lat' dir='ltr'><strong>eodem</strong></span> <span class='ocrx_word' id='word_1_283' title='bbox 2647 4549 2848 4610; x_wconf 91' lang='lat' dir='ltr'><strong>modo</strong></span> <span class='ocrx_word' id='word_1_284' title='bbox 2894 4559 3090 4627; x_wconf 87' lang='lat' dir='ltr'><strong>atque</strong></span> <span class='ocrx_word' id='word_1_285' title='bbox 3138 4549 3341 4609; x_wconf 85' lang='lat' dir='ltr'><strong>forma</strong></span> 
     </span>
     <span class='ocr_line' id='line_1_33' title="bbox 643 4662 3341 4745; baseline -0.002 -20"><span class='ocrx_word' id='word_1_286' title='bbox 643 4674 705 4725; x_wconf 88' lang='lat' dir='ltr'><strong>et</strong></span> <span class='ocrx_word' id='word_1_287' title='bbox 753 4665 874 4726; x_wconf 91' lang='lat' dir='ltr'><strong>sub</strong></span> <span class='ocrx_word' id='word_1_288' title='bbox 918 4683 1128 4743; x_wconf 88' lang='lat' dir='ltr'><strong>poena</strong></span> <span class='ocrx_word' id='word_1_289' title='bbox 1190 4663 1507 4724; x_wconf 83' lang='lat' dir='ltr'><strong>fidelitatis</strong></span> <span class='ocrx_word' id='word_1_290' title='bbox 1568 4666 1629 4723; x_wconf 92' lang='lat' dir='ltr'><strong>in</strong></span> <span class='ocrx_word' id='word_1_291' title='bbox 1679 4664 1848 4723; x_wconf 90' lang='lat' dir='ltr'><strong>dicta</strong></span> <span class='ocrx_word' id='word_1_292' title='bbox 1918 4682 2139 4745; x_wconf 88' lang='lat' dir='ltr'><strong>guerra</strong></span> <span class='ocrx_word' id='word_1_293' title='bbox 2208 4681 2583 4742; x_wconf 77' lang='lat' dir='ltr'><strong>permanere</strong></span> <span class='ocrx_word' id='word_1_294' title='bbox 2642 4664 2793 4723; x_wconf 86' lang='lat' dir='ltr'><strong>totis</strong></span> <span class='ocrx_word' id='word_1_295' title='bbox 2852 4662 3086 4722; x_wconf 88' lang='lat' dir='ltr'><strong>viribus</strong></span> <span class='ocrx_word' id='word_1_296' title='bbox 3148 4671 3341 4740; x_wconf 88' lang='lat' dir='ltr'><strong>atque</strong></span> 
     </span>
     <span class='ocr_line' id='line_1_34' title="bbox 643 4774 3339 4856; baseline -0.001 -20"><span class='ocrx_word' id='word_1_297' title='bbox 643 4797 849 4856; x_wconf 83' lang='lat' dir='ltr'><strong>posse,</strong></span> <span class='ocrx_word' id='word_1_298' title='bbox 911 4797 1030 4837; x_wconf 88' lang='lat' dir='ltr'><strong>nec</strong></span> <span class='ocrx_word' id='word_1_299' title='bbox 1090 4787 1379 4856; x_wconf 85' lang='lat' dir='ltr'><strong>treguam</strong></span> <span class='ocrx_word' id='word_1_300' title='bbox 1429 4776 1520 4836; x_wconf 89' lang='lat' dir='ltr'><strong>vel</strong></span> <span class='ocrx_word' id='word_1_301' title='bbox 1571 4794 1797 4855; x_wconf 89' lang='lat' dir='ltr'><strong>pacem</strong></span> <span class='ocrx_word' id='word_1_302' title='bbox 1860 4777 2067 4837; x_wconf 86' lang='lat' dir='ltr'><strong>facere</strong></span> <span class='ocrx_word' id='word_1_303' title='bbox 2114 4777 2355 4854; x_wconf 88' lang='lat' dir='ltr'><strong>absque</strong></span> <span class='ocrx_word' id='word_1_304' title='bbox 2408 4777 2671 4837; x_wconf 90' lang='lat' dir='ltr'><strong>consilio</strong></span> <span class='ocrx_word' id='word_1_305' title='bbox 2717 4788 2780 4836; x_wconf 89' lang='lat' dir='ltr'><strong>et</strong></span> <span class='ocrx_word' id='word_1_306' title='bbox 2826 4793 3143 4836; x_wconf 88' lang='lat' dir='ltr'><strong>consensu</strong></span> <span class='ocrx_word' id='word_1_307' title='bbox 3192 4774 3339 4835; x_wconf 90' lang='lat' dir='ltr'><strong>dicti</strong></span> 
     </span>
     <span class='ocr_line' id='line_1_35' title="bbox 645 4888 3341 4970; baseline -0.001 -20"><span class='ocrx_word' id='word_1_308' title='bbox 645 4892 896 4950; x_wconf 87' lang='lat' dir='ltr'><strong>comitis</strong></span> <span class='ocrx_word' id='word_1_309' title='bbox 941 4889 1345 4959; x_wconf 74' lang='lat' dir='ltr'><strong>Butheconi5‚</strong></span> <span class='ocrx_word' id='word_1_310' title='bbox 1377 4908 1495 4948; x_wconf 87' lang='lat' dir='ltr'><strong>nec</strong></span> <span class='ocrx_word' id='word_1_311' title='bbox 1529 4891 1588 4948; x_wconf 89' lang='lat' dir='ltr'><strong>in</strong></span> <span class='ocrx_word' id='word_1_312' title='bbox 1624 4890 1793 4950; x_wconf 89' lang='lat' dir='ltr'><strong>dicta</strong></span> <span class='ocrx_word' id='word_1_313' title='bbox 1825 4907 2049 4970; x_wconf 86' lang='lat' dir='ltr'><strong>guerra</strong></span> <span class='ocrx_word' id='word_1_314' title='bbox 2082 4889 2431 4968; x_wconf 89' lang='lat' dir='ltr'><strong>relinquere</strong></span> <span class='ocrx_word' id='word_1_315' title='bbox 2478 4889 2689 4968; x_wconf 91' lang='lat' dir='ltr'><strong>aliquo</strong></span> <span class='ocrx_word' id='word_1_316' title='bbox 2736 4890 2937 4949; x_wconf 88' lang='lat' dir='ltr'><strong>modo</strong></span> <span class='ocrx_word' id='word_1_317' title='bbox 2984 4888 3341 4968; x_wconf 90' lang='lat' dir='ltr'><strong>predictum</strong></span> 
     </span>
     <span class='ocr_line' id='line_1_36' title="bbox 643 5000 3341 5064; baseline -0.001 -2"><span class='ocrx_word' id='word_1_318' title='bbox 643 5005 948 5062; x_wconf 88' lang='lat' dir='ltr'><strong>comitem</strong></span> <span class='ocrx_word' id='word_1_319' title='bbox 1020 5001 1475 5064; x_wconf 86' lang='lat' dir='ltr'><strong>Butheconem.</strong></span> <span class='ocrx_word' id='word_1_320' title='bbox 1525 5000 1605 5060; x_wconf 82' lang='lat' dir='ltr'><strong>Et</strong></span> <span class='ocrx_word' id='word_1_321' title='bbox 1652 5002 1768 5061; x_wconf 83' lang='lat' dir='ltr'><strong>hec</strong></span> <span class='ocrx_word' id='word_1_322' title='bbox 1815 5003 2030 5061; x_wconf 88' lang='lat' dir='ltr'><strong>omnia</strong></span> <span class='ocrx_word' id='word_1_323' title='bbox 2100 5002 2352 5062; x_wconf 81' lang='lat' dir='ltr'><strong>fuerunt</strong></span> <span class='ocrx_word' id='word_1_324' title='bbox 2419 5021 2636 5062; x_wconf 88' lang='lat' dir='ltr'><strong>coram</strong></span> <span class='ocrx_word' id='word_1_325' title='bbox 2705 5002 2893 5063; x_wconf 87' lang='lat' dir='ltr'><strong>fratre</strong></span> <span class='ocrx_word' id='word_1_326' title='bbox 2962 5001 3341 5064; x_wconf 85' lang='lat' dir='ltr'><strong>Sebastiano</strong></span> 
     </span>
     <span class='ocr_line' id='line_1_37' title="bbox 643 5111 3337 5194; baseline 0 -20"><span class='ocrx_word' id='word_1_327' title='bbox 643 5116 853 5194; x_wconf 90' lang='lat' dir='ltr'><strong>priore</strong></span> <span class='ocrx_word' id='word_1_328' title='bbox 900 5114 1160 5174; x_wconf 87' lang='lat' dir='ltr'><strong>fratrum</strong></span> <span class='ocrx_word' id='word_1_329' title='bbox 1199 5113 1670 5173; x_wconf 81' lang='lat' dir='ltr'><strong>l&#39;redicatorum</strong></span> <span class='ocrx_word' id='word_1_330' title='bbox 1705 5113 1786 5174; x_wconf 89' lang='lat' dir='ltr'><strong>de</strong></span> <span class='ocrx_word' id='word_1_331' title='bbox 1818 5111 2081 5191; x_wconf 88' lang='lat' dir='ltr'><strong>Spaleto</strong></span> <span class='ocrx_word' id='word_1_332' title='bbox 2114 5125 2176 5173; x_wconf 90' lang='lat' dir='ltr'><strong>et</strong></span> <span class='ocrx_word' id='word_1_333' title='bbox 2215 5115 2405 5175; x_wconf 86' lang='lat' dir='ltr'><strong>fratre</strong></span> <span class='ocrx_word' id='word_1_334' title='bbox 2450 5113 2651 5176; x_wconf 87' lang='lat' dir='ltr'><strong>Gesse</strong></span> <span class='ocrx_word' id='word_1_335' title='bbox 2682 5130 2745 5175; x_wconf 89' lang='lat' dir='ltr'><strong>et</strong></span> <span class='ocrx_word' id='word_1_336' title='bbox 2775 5115 3045 5176; x_wconf 87' lang='lat' dir='ltr'><strong>aliorum</strong></span> <span class='ocrx_word' id='word_1_337' title='bbox 3078 5115 3337 5176; x_wconf 85' lang='lat' dir='ltr'><strong>fratrum</strong></span> 
     </span>
    </p>
   </div>
  </div>
 </body>
</html>
