3797 5795
1569 375 1925 438 -29-

383 567 662 642 antiquis
709 566 896 625 metis
943 583 1144 644 usque
1205 565 1288 626 ad
1349 565 1509 627 duas
1570 577 1790 640 metas,
1851 585 2121 646 quarum
2169 586 2295 628 una
2340 579 2435 628 est
2481 570 2741 646 antiqua
2788 580 2851 629 et
2896 570 3093 631 altera

391 697 580 751 noua,
627 677 776 738 inde
823 677 993 738 cadit
1041 679 1101 738 in
1149 677 1382 740 uallem
1429 681 1664 741 siccam
1726 682 1792 740 in
1854 680 2125 759 planicie
2172 691 2234 740 et
2280 683 2645 759 peruenitur
2690 681 2773 742 ad
2819 683 3091 744 riuulum

389 790 724 864 Lizcouch,
771 809 885 869 per
931 809 1124 870 quern
1171 791 1570 853 descendens
1615 792 1871 854 inferius
1916 795 2050 854 exit
2096 793 2180 854 ad
2225 806 2465 854 metam
2515 794 2634 854 sub
2680 795 2908 857 arbore
2954 816 3092 878 ger-

382 903 576 977 tansa‚
621 923 734 982 per
789 904 1175 984 arboresque
1219 904 1302 965 de
1363 905 1542 965 narfa
1599 924 1786 966 cruce
1843 908 2123 987 signatas
2170 908 2289 966 itur
2335 907 2419 966 ad
2462 909 2793 986 antiquam
2842 919 3081 970 metam

381 1029 446 1078 et
499 1036 614 1095 per
657 1018 953 1092 antiquas
1015 1028 1080 1078 et
1127 1036 1327 1078 nouas
1387 1027 1592 1079 metas
1636 1017 2035 1079 descendens
2082 1018 2252 1079 cadit
2296 1021 2360 1078 in
2408 1019 2763 1098 predictum
2812 1021 3082 1082 riuulum

382 1129 584 1212 Garig
653 1140 718 1189 et
785 1149 899 1208 per
965 1129 1140 1190 illum
1210 1129 1426 1192 eundo
1493 1131 1780 1209 superius
1843 1133 2177 1193 reuertitur
2218 1131 2304 1192 ad
2350 1135 2625 1210 priorem
2676 1145 2934 1207 metam,
2980 1136 3087 1194 ubi

382 1242 503 1303 suit
549 1244 820 1321 incepta,
869 1243 1081 1322 ibique
1126 1244 1513 1304 terminatur.
1562 1243 1724 1304 Item
1769 1246 1974 1322 prima
2007 1255 2177 1304 meta
2208 1247 2400 1305 tercie
2446 1254 2609 1306 terre
2654 1247 3087 1326 predictorum

383 1355 657 1415 filiorum
709 1355 1002 1434 Berizlay‚
1049 1375 1172 1434 que
1219 1355 1520 1417 Disnicha
1568 1367 1846 1430 uocatur,
1916 1357 2133 1436 incipit
2179 1359 2355 1418 iuxta
2402 1377 2702 1440 magnam
2754 1361 2919 1420 uiam
2968 1361 3087 1420 sub

381 1467 612 1528 arbore
663 1468 952 1548 gertansa
1013 1477 1076 1528 et
1134 1468 1505 1550 progeditur
1551 1468 1790 1530 directe
1849 1469 1931 1529 ad
1994 1470 2263 1530 riuulum
2327 1470 2597 1550 Jelsowa
2643 1474 2704 1531 in
2753 1483 2925 1533 meta
2970 1474 3089 1533 sub

382 1581 614 1642 arbore
661 1580 1030 1642 cheresnasa
1093 1595 1156 1641 et
1215 1601 1329 1660 per
1389 1581 1668 1642 eundem
1729 1581 1907 1642 uadit
1968 1582 2225 1643 inferius
2271 1583 2377 1643 ubi
2424 1585 2555 1643 exit
2599 1584 2681 1644 ad
2730 1587 2917 1658 uiam,
2964 1605 3089 1663 que

382 1694 563 1754 ducit
610 1695 672 1753 in
718 1693 1069 1772 predictam
1121 1713 1419 1776 magnam
1486 1697 1652 1756 uiam
1702 1694 1808 1755 ubi
1857 1705 2003 1755 sunt
2064 1695 2191 1756 due
2238 1709 2427 1772 mete,
2476 1717 2601 1757 una
2649 1696 2919 1759 filiorum
2970 1698 3085 1759 Be-

383 1806 593 1885 rizlay,
661 1807 860 1868 altera
927 1807 1266 1869 Mortunus
1331 1819 1396 1868 et
1463 1819 1888 1890 cognatorum
1950 1828 2226 1876 suorum,
2296 1810 2443 1870 inde
2488 1829 2713 1889 parum
2761 1811 2976 1872 eundo
3026 1814 3085 1872 in

380 1921 612 1981 eadem
663 1923 762 1981 uia
810 1924 940 1981 exit
987 1921 1072 1981 ad
1118 1933 1357 1982 metam
1405 1934 1694 1997 terream,
1739 1921 1974 1982 deinde
2035 1922 2363 1983 descendit
2412 1924 2495 1984 ad
2542 1926 2747 2002 pirum
2795 1925 2913 1984 sub
2961 1944 3086 2004 qua

380 2044 478 2093 est
525 2042 714 2105 meta,
759 2033 974 2113 ibique
1019 2033 1190 2094 cadit
1235 2035 1299 2094 in
1347 2033 1617 2095 riuulum
1668 2034 1963 2095 Lisnicha
2010 2045 2071 2094 et
2106 2055 2217 2114 per
2248 2037 2527 2097 eundem
2576 2037 2750 2098 uadit
2798 2041 3083 2116 superius

381 2165 602 2206 uersus
647 2145 916 2206 domum
963 2149 1246 2225 ipsorum
1294 2158 1359 2207 et
1405 2149 1654 2207 uenitur
1697 2146 1780 2206 ad
1813 2146 2045 2221 locum,
2076 2148 2184 2208 ubi
2218 2148 2301 2208 de
2333 2149 2535 2209 riuulo
2568 2151 2701 2210 exit
2732 2149 2816 2208 ad
2848 2153 3079 2210 siccam

380 2258 614 2319 uallem
649 2258 732 2319 ad
766 2271 1005 2319 metam
1055 2271 1344 2333 terream,
1375 2259 1591 2338 ibique
1623 2259 1906 2320 tenendo
1940 2273 2141 2321 metas
2173 2279 2316 2321 cum
2352 2263 2777 2323 castrensibus
2798 2264 3085 2324 ascendit

379 2372 446 2431 in
492 2370 686 2432 berch
747 2391 948 2450 usque
992 2371 1078 2432 ad
1123 2381 1362 2432 metam
1410 2381 1700 2445 terream,
1745 2373 1894 2433 inde
1941 2373 2269 2444 descendit
2316 2377 2379 2434 in
2426 2374 2657 2436 uallem
2704 2376 2789 2436 ad
2834 2387 3079 2454 partem

381 2483 868 2558 occidentalem,
915 2504 1042 2564 que
1087 2484 1266 2545 uallis
1311 2485 1487 2546 ducit
1531 2485 1788 2546 inferius
1833 2487 1896 2546 in
1944 2488 2257 2547 minorem
2291 2487 2680 2560 Disnicham,
2726 2508 2839 2568 per
2887 2508 3077 2566 quam

383 2597 564 2674 uadit
609 2599 896 2676 superius
940 2598 1225 2658 tenendo
1275 2609 1477 2658 metas
1523 2617 1668 2658 cum
1715 2597 1855 2658 filiis
1917 2599 2249 2660 Peztowan
2313 2604 2677 2678 peruenitur
2721 2600 2803 2660 ad
2851 2602 3082 2676 locum,

379 2710 490 2770 ubi
557 2713 690 2771 exit
753 2711 836 2770 ad
903 2729 1093 2771 unarn
1165 2710 1397 2771 uallem
1445 2714 1708 2772 nomine
1755 2711 2160 2773 Scothachka
2208 2715 2269 2772 in
2319 2726 2487 2773 meta
2537 2726 2737 2774 terrea
2785 2724 2845 2774 et
2894 2717 2956 2774 in
3004 2735 3079 2775 ea

383 2823 603 2884 eundo
667 2843 752 2884 ex
813 2835 994 2903 parte
1039 2823 1265 2884 Nazler
1307 2843 1422 2903 per
1471 2827 1672 2884 metas
1719 2835 1952 2885 terreas
2004 2825 2287 2885 ascendit
2334 2826 2417 2885 ad
2466 2836 2591 2886 tres
2638 2837 2842 2887 metas
2888 2846 3085 2910 angu-

382 2938 563 3012 lareS,
610 2956 880 3016 quarum
925 2956 1052 2998 una
1084 2948 1179 2998 est
1212 2936 1484 2998 filiorum
1520 2938 1818 3017 Berizlay‚
1849 2937 2045 2999 altera
2078 2938 2320 3013 Nazler,
2367 2942 2557 2999 tercia
2602 2943 2805 3013 castri,
2853 2941 3085 3002 deinde

382 3050 801 3131 progrediens
847 3052 909 3111 in
959 3063 1180 3111 monte
1213 3069 1324 3128 per
1355 3052 1528 3111 uiam
1559 3070 1778 3111 uersus
1809 3054 2333 3131 septemtrionem
2382 3064 2445 3112 et
2493 3053 2665 3113 uadit
2712 3054 2795 3113 ad
2842 3064 3083 3115 metam

382 3162 505 3222 sub
571 3162 800 3223 arbore
866 3182 1152 3243 quercuS,
1219 3164 1367 3224 inde
1435 3182 1550 3243 per
1602 3164 1798 3225 berch
1843 3164 2127 3225 tenendo
2197 3178 2399 3226 metas
2466 3184 2613 3226 cum
2662 3167 3086 3228 castrensibus

383 3274 562 3336 uadit
607 3295 722 3354 per
769 3279 933 3336 uiam
1007 3296 1208 3357 usque
1275 3277 1360 3338 ad
1428 3287 1666 3337 metam
1736 3278 1855 3337 sub
1923 3278 2151 3337 arbore
2218 3277 2415 3359 tulgsa
2465 3279 2799 3353 desiccata,
2846 3280 3081 3341 deinde

384 3388 719 3449 descendit
769 3392 830 3449 in
879 3390 1130 3463 uallem,
1175 3409 1300 3470 que
1346 3390 1520 3451 ducit
1587 3409 1700 3469 per
1747 3402 1951 3451 metas
1997 3410 2198 3469 usque
2244 3392 2307 3450 in
2355 3393 2625 3452 riuulum
2672 3391 2975 3453 Disnicha
3021 3396 3083 3453 in

386 3511 557 3562 meta
607 3512 812 3563 terrea
857 3513 921 3562 et
968 3505 1030 3562 in
1075 3502 1380 3563 Disnicha
1444 3502 1660 3563 eundo
1721 3522 1945 3582 parum
2007 3506 2293 3583 superius
2357 3508 2490 3564 exit
2550 3504 2635 3565 ad
2681 3505 2909 3566 uallem
2959 3525 3085 3585 que

385 3614 559 3675 ducit
604 3617 890 3693 superius
933 3634 1136 3695 usque
1181 3615 1264 3676 ad
1311 3617 1481 3677 uiam
1545 3634 1864 3697 magnam,
1926 3616 2031 3676 ubi
2098 3627 2194 3677 est
2256 3628 2428 3677 meta
2489 3630 2707 3691 terrea,
2753 3637 2867 3697 per
2912 3620 3078 3679 uiam

384 3737 600 3787 autem
648 3728 1078 3806 supradictam
1125 3728 1302 3790 uadit
1333 3728 1417 3789 ad
1449 3739 1689 3789 metam
1721 3730 1840 3789 sub
1871 3730 2099 3790 arbore
2130 3730 2415 3791 horoztfa
2448 3742 2511 3791 et
2543 3730 2627 3791 ab
2672 3730 2821 3791 inde
2866 3732 3083 3792 eundo

385 3858 611 3918 parum
658 3839 997 3900 reflectitur
1041 3841 1218 3902 iuxta
1277 3842 1502 3902 siluam
1565 3852 1629 3902 et
1691 3842 1866 3902 uadit
1927 3842 2009 3903 ad
2073 3854 2309 3902 metam
2355 3854 2647 3917 terream,
2693 3845 2918 3904 iterato
2964 3845 3083 3905 sub

389 3952 673 4013 horoztsa
743 3963 807 4013 et
875 3952 1024 4013 inde
1093 3953 1330 4015 directe
1399 3955 1575 4014 uadit
1642 3954 1726 4015 ad
1797 3956 1962 4015 uiam
2028 3973 2228 4035 usque
2295 3957 2379 4015 ad
2448 3968 2686 4016 metam
2734 3957 2854 4017 sub
2900 3960 3081 4017 vinea

387 4064 452 4125 V
457 4062 622 4146 de(z)
655 4078 719 4126 et
763 4069 827 4126 in
875 4067 976 4126 uia
1023 4066 1196 4127 uadit
1240 4067 1324 4127 ad
1353 4068 1610 4128 foueam
1658 4067 1971 4146 luporum,
2016 4068 2123 4128 ubi
2170 4078 2265 4128 est
2310 4079 2483 4129 meta
2529 4069 2648 4130 sub
2693 4070 2921 4130 arbore
2967 4070 3082 4130 ho-

389 4178 604 4253 roztsa‚
649 4178 798 4239 inde
843 4178 1173 4239 descendit
1216 4182 1281 4239 in
1327 4181 1556 4241 uallem
1604 4179 1906 4241 siluosam
1953 4182 2129 4241 iuxta
2175 4191 2408 4242 terram
2454 4181 2600 4242 dicti
2652 4183 2849 4256 Vdez‚
2896 4186 2959 4243 in
3007 4204 3083 4244 ea

387 4292 602 4352 eundo
649 4294 782 4352 exit
829 4312 942 4371 per
987 4292 1218 4353 uallem
1266 4296 1492 4354 iterum
1539 4293 1622 4354 ad
1654 4312 1957 4375 magnam
2004 4296 2173 4354 uiam
2206 4295 2314 4354 ubi
2347 4306 2443 4355 est
2475 4308 2646 4355 meta
2691 4296 2811 4355 sub
2856 4296 3084 4357 arbore

388 4404 691 4478 horoztfa,
737 4406 886 4466 inde
931 4425 1044 4484 per
1089 4408 1259 4467 uiam
1307 4405 1639 4467 descendit
1667 4405 1750 4466 ad
1783 4416 2022 4467 metam
2069 4408 2187 4467 sub
2234 4407 2461 4467 arbore
2506 4407 2806 4482 horoztfa,
2851 4409 3085 4470 abhinc

388 4520 652 4578 ueniens
696 4518 864 4578 cadit
897 4521 960 4578 in
991 4519 1263 4580 riuulum
1311 4517 1649 4579 Zabordna
1693 4520 1758 4578 in
1791 4528 1965 4579 meta
1993 4518 2212 4593 iaurfa,
2258 4529 2321 4579 et
2366 4520 2431 4580 in
2480 4518 2822 4593 Zabordna
2867 4521 3082 4581 eundo

389 4650 612 4709 pamm
661 4634 795 4691 exit
840 4630 922 4691 ad
967 4630 1199 4692 uallem
1241 4632 1414 4693 iuxta
1463 4643 1694 4691 terram
1731 4630 1813 4691 W
1816 4630 2024 4692 lehete
2057 4643 2119 4692 et
2152 4651 2265 4710 per
2296 4632 2530 4693 uallem
2578 4630 2753 4692 uadit
2799 4637 3084 4711 superius

390 4744 472 4805 ad
519 4756 760 4806 metam
806 4744 926 4805 sub
985 4745 1212 4805 arbore
1273 4744 1574 4817 horoztfa‚
1635 4743 1870 4805 deinde
1931 4743 2013 4805 ad
2076 4755 2315 4806 metam
2364 4746 2482 4806 sub
2529 4746 2755 4805 arbore
2800 4744 3084 4806 horoztsa

387 4858 648 4935 predicti
698 4867 762 4918 et
808 4857 958 4919 inde
1003 4856 1341 4919 reflectitur
1385 4857 1469 4918 ad
1515 4860 1685 4918 uiam
1732 4867 1796 4917 et
1841 4876 1955 4936 per
1984 4857 2258 4918 eandem
2306 4860 2369 4918 in
2416 4858 2611 4918 berch
2658 4857 2835 4919 uadit
2881 4878 3083 4939 usque

388 4971 470 5031 ad
530 4970 764 5045 locum,
826 4971 932 5032 ubi
993 4973 1126 5033 exit
1188 4971 1270 5031 de
1337 4972 1439 5032 uia
1485 4970 1570 5031 ad
1616 4980 1852 5031 metam
1906 4982 2173 5030 terream
2221 4981 2285 5031 et
2331 4970 2479 5031 inde
2526 4970 2925 5031 descendens
2972 4990 3083 5049 per

389 5102 581 5144 unam
629 5083 862 5144 uallem
908 5084 1078 5144 cadit
1124 5086 1186 5144 in
1235 5083 1506 5144 riuulum
1567 5082 1816 5143 Detcha
1880 5094 1943 5143 et
2004 5086 2067 5143 in
2129 5102 2205 5144 ea
2268 5084 2483 5144 eundo
2552 5104 2778 5163 parum
2826 5085 3083 5145 inferius
