3797 5795
1518 410 1926 472 —631—

1651 701 1786 781 78.

375 840 578 922 1272,
624 843 692 907 8.
732 841 942 925 juna.
999 842 1058 907 U
1105 842 1544 925 Topuskom.

377 1031 668 1116 Stjepan
729 1031 918 1115 kralj
971 1031 1264 1117 ugarski
1305 1031 1338 1095 ι’
1374 1030 1692 1095 krvatskz‘
1731 1033 2129 1117 potvrdjuje
2171 1032 2555 1117 plemz'c‘z'ma
2602 1031 2904 1097 Marz'nu
2952 1032 3077 1098 itd.

451 1143 827 1207 darovm'cu
875 1144 1105 1228 kralja
1155 1145 1322 1208 Bele
1367 1145 1489 1223 (od
1529 1148 1719 1209 1258.
1777 1149 1868 1210 12.
1901 1146 2102 1229 sula)
2150 1167 2227 1208 za
2275 1144 2533 1231 imanje
2582 1146 3005 1232 Kostajm'ce.

551 1335 914 1416 Stephanus
974 1335 1076 1396 dei
1142 1339 1352 1418 gracia
1420 1338 1760 1419 angarie,
1821 1337 2171 1410 Dalmacie,
2235 1335 2518 1410 Croacie,
2581 1338 2804 1413 Rame,
2849 1337 3091 1415 Seruie,

379 1449 661 1524 Gallicie‚
706 1450 1116 1525 Lodomerie,
1164 1447 1488 1523 Cvmanie‚
1538 1451 1959 1531 Bulgarieque
2006 1470 2122 1511 rex
2169 1452 2468 1512 omnibus
2500 1451 2585 1511 ad
2618 1470 2781 1528 quos
2826 1470 3089 1530 presens

379 1565 682 1643 scriptum
743 1564 1104 1642 peruenerit
1163 1563 1436 1625 salutem
1481 1565 1545 1624 in
1594 1566 1883 1625 omnium
1945 1542 2279 1625 saluatore.
2343 1564 2562 1645 Regali
2627 1565 2789 1625 solet
2838 1564 3087 1625 munifi·
3176 1632 3183 1637 .

380 1679 599 1738 cencia
667 1688 730 1737 et
797 1676 1074 1755 presidio
1145 1676 1446 1751 roborari,
1516 1677 1693 1754 quod
1759 1697 1796 1737 a
1865 1677 2152 1755 partibus
2220 1679 2386 1738 bene
2454 1688 2703 1759 gestum
2776 1678 2979 1739 iuerat
3024 1688 3089 1739 et

380 1792 756 1850 auctoritate
823 1789 1144 1849 iudiciaria
1213 1790 1642 1863 terminatum,
1689 1791 2020 1867 presertim
2089 1789 2267 1869 quod
2336 1791 2698 1869 principalis
2743 1794 3086 1852 auctoritas

382 1903 627 1963 dudum
696 1905 976 1963 noscitur
1042 1900 1470 1962 confirmasse.
1540 1902 2005 1963 Vniuersorum
2075 1904 2261 1984 igitur
2330 1904 2565 1964 noticie
2610 1904 2907 1964 volumus
2953 1902 3087 1965 fieri

381 2016 806 2090 manifestum,
851 2016 1028 2096 quod
1099 2015 1284 2075 nobis
1353 2016 1416 2075 in
1487 2013 1758 2095 Toplica
1827 2016 1891 2076 in
1960 2016 2278 2077 baronum
2347 2028 2712 2077 nostrorum
2757 2018 3086 2095 presencia

381 2130 821 2203 iudicantibuS,
867 2130 1079 2189 edicto
1126 2130 1436 2207 premisso
1482 2129 1752 2207 publice,
1786 2140 1855 2189 ut
1902 2148 2131 2189 omnes
2176 2139 2540 2190 causatores
2588 2131 2773 2191 nobis
2817 2149 2936 2209 pro
2983 2132 3087 2191 tri-

382 2243 596 2304 bunali
659 2242 1028 2303 sedentibus
1089 2242 1314 2303 adesse
1374 2242 1682 2303 deberent
1741 2244 2188 2322 peremptorie,
2238 2242 2483 2303 nobiles
2554 2241 2783 2321 Maryn
2830 2243 3087 2316 scilicet,

382 2355 603 2416 Petrus
648 2367 712 2416 et
751 2354 1077 2435 Johannes
1121 2355 1226 2415 filii
1279 2354 1548 2433 Hetynk
1593 2355 1677 2417 ad
1724 2366 2011 2417 nostram
2059 2354 2441 2416 accedentes
2484 2358 2899 2435 presenciam,
2946 2355 3086 2415 foro

383 2471 657 2529 instante
719 2468 986 2529 iudiciali
1050 2478 1539 2547 proposuerunt,
1601 2488 1668 2529 se
1729 2488 1919 2548 super
1981 2481 2145 2530 terra
2209 2468 2599 2531 Kaztanicha
2661 2488 2775 2547 per
2828 2468 3088 2529 fratrem

385 2578 460 2642 G.
508 2584 878 2662 magistrum
948 2582 1182 2641 domus
1251 2582 1479 2641 milicie
1545 2582 1802 2661 Templi
1869 2602 1983 2661 per
2052 2583 2405 2663 Vngariam
2455 2592 2517 2642 et
2564 2580 2977 2644 Sclauoniam
3023 2583 3089 2640 in

383 2692 684 2754 iudicium
753 2707 1074 2769 euocatOS,
1120 2694 1498 2755 exhibentes
1564 2694 1959 2776 priuilegium
2031 2697 2227 2773 patris
2297 2698 2492 2755 nostri
2565 2695 2731 2755 clare
2780 2695 3092 2755 memorie

387 2826 574 2886 super
636 2809 754 2867 ista
821 2819 982 2868 terra
1049 2807 1436 2879 confectum,
1481 2806 1677 2886 idque
1745 2826 1890 2867 curn
1964 2808 2268 2867 instancia
2330 2807 2744 2886 postulanteS,
2805 2826 2955 2867 cum
3002 2826 3089 2867 ex

385 2931 565 2999 parte
631 2921 918 2981 eiusdem
987 2921 1268 3002 magistri
1337 2919 1571 2980 domus
1639 2920 1868 2981 milicie
1935 2919 2189 2999 Templi
2262 2940 2392 2981 non
2460 2931 2795 3001 appareret
2863 2921 3091 3000 aliquis

385 3035 784 3113 responsaliS,
830 3045 1050 3094 nostro
1111 3033 1522 3115 dignaremur
1581 3034 1912 3116 priuilegio
1975 3033 2371 3094 confirmare.
2419 3032 2612 3096 Cuius
2659 3033 2922 3112 quidem
2967 3035 3090 3112 pri-

385 3147 595 3226 uilegii
642 3147 827 3207 nobis
873 3146 1140 3207 exhibiti
1190 3158 1374 3207 tenor
1420 3146 1560 3206 talis
1607 3156 1734 3206 est:

555 3286 818 3365 (Slz’jedi
859 3289 1076 3345 listina
1121 3287 1328 3363 kralja
1377 3288 1527 3345 Bele
1570 3288 1656 3344 od
1698 3292 1751 3342 4.
1783 3287 1937 3363 jula
1984 3285 2186 3362 1258.)

559 3413 696 3476 Nos
741 3417 954 3493 itaque
998 3435 1220 3495 preces
1265 3415 1620 3476 eorundem
1679 3415 1963 3476 fidelium
2028 3426 2409 3489 nostrorum,
2458 3415 2689 3494 Maryn
2736 3415 2973 3475 scilicet
3018 3423 3084 3474 et

381 3529 645 3588 fratrum
707 3546 984 3602 suorum,
1046 3528 1237 3609 regali
1298 3529 1758 3588 beneuolencia
1823 3527 2245 3601 attendenteS,
2304 3529 2620 3607 prefatum
2683 3527 3081 3609 priuilegium

383 3641 589 3710 nobiS,
636 3643 795 3702 sicut
856 3641 1268 3720 prediximus,
1314 3643 1378 3700 in
1441 3641 1755 3702 baronum
1818 3651 2181 3702 nostrorum
2248 3643 2576 3721 presencia
2622 3660 2740 3720 pro
2787 3640 3081 3701 tribunali

382 3753 754 3815 sedentibus
781 3764 1237 3832 presentatum,
1270 3755 1331 3814 in
1364 3765 1650 3814 eternam
1682 3755 1770 3813 rei
1804 3755 2181 3814 memoriam
2216 3765 2277 3814 et
2310 3763 2688 3833 perpetuam
2721 3752 3085 3814 firmitatem

381 3870 756 3928 auctoritate
819 3869 1218 3946 presencium
1279 3867 1747 3928 confirmamus.
1795 3866 1864 3927 In
1914 3870 2091 3928 cuius
2135 3869 2224 3928 rei
2269 3868 2708 3928 testimonium
2755 3877 3085 3946 presentes

383 3981 816 4040 concessimus
878 3981 1115 4041 litteras
1177 3978 1490 4059 dupplicis
1549 3979 1730 4060 sigilli
1791 3981 1989 4040 nostri
2051 3982 2404 4041 munimine
2450 3981 2795 4041 roboratas.
2841 3978 3084 4040 Datum

380 4112 494 4172 per
557 4112 786 4154 manus
845 4095 1128 4175 magistri
1176 4093 1499 4154 Benedicti
1566 4091 1943 4154 Orodiensis
2001 4094 2266 4154 ecclesie
2327 4095 2631 4172 prepositi
2678 4092 2822 4152 aule
2868 4101 3087 4152 nostre

381 4207 874 4268 vicecancellarii
919 4206 1130 4267 dilecti
1164 4219 1228 4266 et
1261 4205 1462 4266 fidelis
1500 4207 1716 4280 nostri,
1748 4224 1922 4267 anno
1969 4204 2210 4266 domini
2258 4206 2597 4268 millesimo
2644 4205 3087 4266 ducentesimo

379 4322 854 4402 septuagesimo
913 4319 1220 4392 secund0,
1279 4318 1636 4380 indiccione
1697 4318 2192 4398 quintadecima,
2252 4330 2441 4379 sexto
2509 4319 2649 4380 idus
2694 4319 2864 4392 iunii,
2909 4318 3088 4398 regni

379 4443 599 4494 autem
644 4435 843 4495 nostri
887 4452 1060 4493 anno
1106 4431 1411 4493 secundo.
1444 4430 1938 4492 Venerabilibus
1980 4431 2267 4510 patribus
2313 4431 2605 4512 Philippo
2651 4429 3089 4514 Strigoniensi,

379 4545 712 4626 Stephano
759 4543 1096 4608 Colocensi
1141 4545 1286 4606 aule
1331 4555 1546 4606 nostre
1605 4543 1983 4605 cancellario
2030 4554 2093 4606 et
2133 4543 2429 4625 Johanne
2482 4543 2839 4624 Spalatensi
2887 4543 3089 4604 archi·-

379 4661 728 4739 episcopis;
795 4657 1150 4738 Lamperto
1216 4656 1532 4739 Agriensi,
1586 4656 1710 4737 J0b
1772 4655 2463 4737 Quinqueecclesiensi,
2525 4657 2771 4718 Briccio
2839 4656 3091 4720 Chana-

379 4773 600 4846 diensi‚
646 4770 940 4850 Philippo
985 4771 1308 4832 Waciensi
1355 4770 1499 4831 aule
1543 4769 1806 4831 domine
1854 4772 2071 4852 regine
2116 4771 2511 4847 cancellario,
2560 4769 2756 4831 Paulo
2804 4771 3090 4849 Wespri-

378 4886 622 4958 miensi,
667 4884 1038 4962 Tymotheo
1085 4883 1510 4965 Zagrabiensi,
1557 4881 1953 4944 Lodomerio
2002 4884 2419 4959 Waradiensi,
2450 4882 2742 4945 Dionisio
2780 4882 3089 4963 Jauriensi

378 5007 443 5060 et
489 4999 678 5058 Petro
722 4997 1146 5060 Transiluano
1193 4998 1512 5076 episcopis
1556 4995 1854 5057 ecclesias
1887 4996 1989 5057 dei
2023 4997 2285 5058 feliciter
2330 4997 2848 5078 gubernantibus
2896 4995 3089 5074 Moys

375 5095 661 5191 palati'no
725 5112 962 5172 comite
1022 5109 1454 5189 Supruniensi,
1515 5107 1723 5170 iudice
1787 5107 2239 5183 Cvrnanorum,
2300 5109 2617 5171 Nicholao
2664 5109 2871 5170 iudice
2916 5110 3089 5170 curie
