3797 5795
1775 355 2143 418 -12—

601 559 728 624 ego
779 541 1059 623 Jacobus
1122 543 1354 605 Mathei
1427 544 1511 606 de
1577 546 1765 606 Prato
1827 548 2109 608 notarius
2168 565 2429 628 rogatus
2486 549 2777 620 scribere,
2828 549 3165 628 subscripsi
3232 561 3296 610 et

607 655 944 733 publioeui.

781 783 1073 855 s‘Szjgnum
1121 786 1370 840 notarii.
1382 804 1402 845 l

781 973 1148 1032 Savremeni
1180 977 1444 1052 prijeptlr
1489 997 1572 1033 na
1613 980 1981 1054 pergameni
2010 999 2049 1034 u
2081 978 2305 1036 arkiz·u
2328 979 2817 1053 J‘tqgoslazwnske
2870 980 3217 1056 akademije
3262 1003 3300 1038 u

603 1077 907 1151 Zagrebu.
957 1079 1316 1154 Diplomata
1363 1101 1420 1137 a.
1471 1085 1640 1136 1256.
1694 1116 1776 1123 —
1807 1082 2056 1139 Listina
2082 1085 2159 1158 je
2202 1085 2434 1140 sasvim
2480 1085 2567 1140 od
2602 1084 2785 1158 vlage
2830 1085 3125 1160 izjedena.
3194 1086 3301 1142 Na

603 1183 750 1257 istoj
779 1185 1152 1258 pergameni
1192 1185 1407 1241 nalazi
1447 1206 1513 1242 se
1559 1188 1586 1242 i
1620 1189 1931 1261 punomoc‘
1966 1196 2187 1244 senata
2248 1187 2679 1262 dubrovac'kog
2732 1191 2819 1244 od
2862 1209 2931 1262 g.
2982 1193 3151 1247 1256.
3204 1192 3299 1244 23].

603 1296 827 1345 marta.
922 1289 1064 1346 Vidi
1105 1295 1264 1346 nasiu
1313 1291 1529 1347 listina
1571 1299 1698 1366 poa
1739 1290 1828 1347 br.
1883 1297 1918 1346 5
1926 1295 2017 1347 42.

1865 1581 2058 1659 546.

604 1789 808 1866 1256,
854 1789 964 1853 30.
1012 1787 1278 1872 apl-ila..
1327 1789 1386 1854 U
1431 1788 1788 1871 Zaqrebu.

615 1961 796 2024 l'red
835 1961 1167 2046 kaptolom
1215 1961 1663 2044 zagrebad'kt'm
1714 1963 2031 2047 uredjuje
2076 1985 2147 2026 se
2186 1971 2272 2048 po
2312 1965 2696 2048 zapovtjedz'
2734 1965 3071 2050 kragjevoj
3111 1967 3301 2050 kap(-

707 2079 882 2136 tanu
935 2074 1268 2136 Perklz‘nu
1308 2083 1520 2158 pravo
1561 2075 1840 2160 posjeda
1889 2075 2219 2139 Glavm'ce
2264 2075 2299 2139 i
2336 2075 2489 2139 eim·
2522 2099 2594 2140 se
2637 2079 2890 2141 razvod
2931 2079 3173 2162 medja.

781 2248 1148 2328 Capitulum
1193 2251 1458 2310 ecclesie
1505 2249 1940 2331 Zagrabiensis
1986 2253 2291 2312 universis
2336 2256 2732 2331 presencium
2782 2256 3085 2314 noticiam
3132 2254 3305 2314 habi-

605 2365 759 2422 turis
821 2363 1091 2423 salutem
1153 2365 1216 2423 in
1276 2362 1544 2424 domino
1581 2362 1733 2443 Jesu
1779 2363 2046 2427 Christo
2108 2363 2217 2426 Ad
2265 2367 2683 2427 universitatis
2728 2368 3031 2426 noticiam
3078 2366 3299 2428 harum

607 2478 766 2536 serie
813 2475 1106 2538 volumus
1150 2480 1496 2556 pervenire,
1550 2477 1728 2557 quod
1785 2497 1933 2539 cum
1998 2480 2297 2560 magister
2340 2478 3013 2558 Bernaldusphisicus
3058 2479 3301 2540 domini

610 2589 758 2648 Bele
805 2591 968 2669 regis
1017 2589 1344 2672 Hungarie
1401 2609 1550 2651 cum
1611 2591 1831 2651 litteris
1889 2592 2301 2670 preceptoriis
2363 2591 2647 2653 eiusdem
2713 2591 2957 2653 domini
3006 2595 3183 2673 regis
3230 2603 3297 2652 ut

607 2720 725 2762 nos
773 2721 898 2762 una
944 2721 1089 2764 cum
1155 2706 1292 2782 ipso
1353 2703 1684 2764 hominem
1753 2714 2037 2764 nostrum
2088 2703 2434 2782 ydoneum,
2478 2722 2697 2765 coram
2745 2723 2876 2782 quo
2922 2707 3304 2783 prescriptus

608 2814 804 2874 homo
853 2818 1058 2896 regius
1117 2819 1587 2896 possessionem
1649 2815 2005 2878 Glaunicha
2070 2825 2381 2890 vocatam,
2443 2835 2569 2895 que
2630 2817 2961 2895 quondam
3022 2817 3305 2895 Velizlay

605 2931 739 2989 sine
801 2929 1107 2990 heredum
1175 2931 1414 2990 solacio
1475 2949 1669 2991 sexus
1714 2930 1902 2991 virilis
1963 2930 2333 2991 decedentis
2392 2931 2527 2991 sore
2588 2930 3055 3003 dinoscebatur,
3116 2931 3302 2992 simul

603 3060 752 3103 cum
801 3044 1307 3121 possessionibus
1351 3044 1764 3104 castrensium
1827 3046 1889 3103 in
1953 3042 2181 3104 eadem
2243 3041 2598 3105 Glannicha
2644 3044 3065 3104 existentibus
3110 3044 3301 3104 colla-

607 3156 774 3216 cioni
839 3159 1008 3236 regie
1069 3158 1474 3235 pertinentes,
1541 3159 1758 3216 comiti
1816 3156 2104 3217 Perclino
2150 3158 2484 3235 capitaneo
2530 3156 2854 3218 Graciensi
2902 3175 3018 3235 per
3064 3168 3306 3217 veteres

609 3280 812 3328 metas
878 3281 940 3329 et
1009 3272 1319 3347 antiquaS,
1387 3272 1755 3330 convocatis
1821 3272 2283 3329 commetaneis
2343 3281 2408 3329 et
2474 3271 2692 3330 vicinis
2754 3272 2869 3329 rite
2915 3279 2977 3330 et
3026 3268 3305 3351 legitime

608 3382 1087 3455 reambulatam,
1118 3392 1306 3461 prout
1330 3384 1394 3442 in
1420 3382 1602 3443 dictis
1634 3382 1949 3463 regalibus
1979 3359 2443 3457 continebatur,
2487 3392 2801 3461 perpetuo
2848 3382 3303 3461 possidendam

608 3496 971 3577 assignaret,
1002 3496 1050 3555 si
1085 3514 1214 3555 non
1249 3496 1413 3555 soret
1442 3495 1948 3569 contradictum;
1993 3494 2567 3556 contradictoribus
2598 3506 2812 3557 autem
2860 3497 3055 3573 ydem
3104 3496 3302 3556 homo

605 3609 813 3689 regius
858 3618 1152 3686 presente
1197 3608 1458 3668 homine
1503 3620 1723 3668 nostro
1769 3610 1830 3668 in
1879 3607 2163 3669 eiusdem
2212 3608 2456 3670 domini
2508 3606 2707 3689 B(ele)
2755 3612 3082 3687 presencia
3129 3628 3304 3669 com-

605 3719 868 3799 parendi
939 3722 1280 3782 terminum
1349 3729 1826 3799 competentem
1896 3724 2259 3803 assignaret.
2330 3720 2625 3801 Cumque
2698 3741 2816 3782 nos
2884 3734 3192 3801 precepto
3238 3734 3303 3781 et

605 3832 914 3893 mandato
961 3836 1134 3915 regio
1181 3835 1703 3913 obtemperantes
1747 3852 2025 3894 unacum
2072 3837 2422 3913 prescripto
2454 3838 2758 3916 magistro
2805 3835 3123 3896 Bernaldo
3170 3835 3310 3914 phi--

603 3948 736 4007 sico
783 3947 1026 4007 domini
1059 3950 1223 4028 regis
1253 3959 1319 4008 et
1348 3950 1788 4008 concanonico
1833 3946 2097 4008 ecclesie
2146 3948 2470 4021 BudensiS,
2518 3948 2879 4025 Nycolaum
2926 3958 2988 4008 et
3038 3948 3301 4009 Paulum

605 4062 941 4141 magistros
1007 4063 1480 4121 concanonicos
1546 4059 1809 4121 ecclesie
1878 4072 2093 4120 nostre
2158 4060 2443 4139 predicte
2505 4064 3097 4133 transmisissemus;
3164 4079 3303 4139 pre-

602 4174 872 4252 scriptus
923 4174 1184 4235 tandem
1233 4174 1431 4235 homo
1475 4174 1684 4254 regius
1727 4191 1873 4234 cum
1922 4173 2221 4251 predictis
2250 4176 2435 4235 sociis
2482 4176 2712 4234 nostris
2742 4184 2806 4234 et
2836 4174 3305 4248 concanonicis,

604 4305 723 4347 nec
771 4306 901 4348 non
948 4289 1184 4348 comite
1217 4285 1276 4347 N
1283 4287 1487 4348 icolao
1519 4288 1918 4348 vice-comite
1950 4286 2031 4347 de
2064 4286 2426 4347 Morawcha
2472 4306 2588 4366 per
2616 4286 3014 4365 Stephanum
3062 4287 3299 4348 banum

605 4402 808 4461 tocius
862 4400 1198 4463 Sclavonie
1257 4400 1342 4461 ad
1399 4400 1522 4460 hoc
1587 4401 1942 4479 specialiter
2009 4401 2335 4478 deputam,
2382 4400 2466 4460 ad
2512 4419 2631 4460 nos
2676 4400 3033 4474 redeunteS,
3080 4402 3299 4460 unani-

605 4516 788 4575 miter
848 4514 1035 4575 nobis
1096 4526 1160 4575 et
1220 4514 1624 4575 concorditer
1683 4512 2047 4585 retulerunt,
2115 4511 2294 4591 quod
2340 4514 2488 4591 ipsis
2534 4513 2685 4573 seria
2734 4516 2950 4591 quinta
2998 4515 3296 4591 proxima

603 4641 748 4706 post
795 4637 1052 4689 octavas
1123 4628 1316 4689 Pasce
1383 4626 1629 4687 domini
1697 4644 1886 4704 super
1954 4625 2181 4686 faciem
2241 4624 2412 4685 dicte
2474 4628 2891 4704 possessionis
2936 4624 3291 4687 Glaunicha

600 4740 1071 4815 accedentibuS,
1132 4740 1406 4801 eandem
1471 4742 1587 4800 rite
1654 4749 1718 4800 et
1785 4738 2066 4819 legitime
2120 4739 2420 4799 omnibus
2468 4740 2683 4799 vicinis
2730 4750 2791 4799 et
2836 4742 3301 4800 commetaneis

601 4856 969 4915 convocatis
1029 4864 1092 4913 et
1140 4854 1286 4933 ipsis
1348 4871 1478 4913 non
1540 4851 2139 4926 contradicentibuS,
2200 4870 2424 4929 ymmo
2480 4854 2702 4931 pocius
2746 4870 3073 4913 assensum
3122 4854 3299 4912 beni-

602 4968 817 5028 volum
880 4967 1090 5028 eidem
1161 4968 1376 5027 comiti
1426 4965 1712 5027 Perclino
1773 4964 2185 5042 prebentibus
2251 4965 2312 5024 in
2375 4964 2494 5025 hac
2560 4976 2739 5043 parte
2803 4976 2867 5026 et
2914 4983 3299 5026 consensum

603 5102 717 5161 per
777 5100 994 5142 cursus
1056 5080 1276 5140 harum
1341 5089 1674 5139 metarum.
1751 5077 1974 5155 Incipit
2035 5079 2203 5136 enim
2270 5081 2441 5155 prior
2501 5090 2563 5139 et
2626 5078 2987 5157 principalis
3049 5087 3219 5138 meta
3264 5098 3301 5137 a
