3797 5795
1843 382 1920 388 --—
1983 345 2107 410 178
2170 383 2253 389 —

695 534 996 613 exempla
1044 536 1268 594 imitari
1333 535 1414 595 ad
1475 534 1794 597 fidelitatis
1863 557 2060 616 opera
2128 538 2461 599 ardencius
2506 549 2569 598 et
2616 539 2971 599 feruencius
3032 545 3417 598 euocentur.

697 647 970 707 Proinde
1039 648 1119 707 ad
1191 650 1627 710 vniuersorum
1697 659 1830 710 tarn
1900 654 2300 729 presencium
2381 669 2573 729 quarn
2645 651 3001 712 futurorum
3096 650 3413 710 noticiam

623 767 629 773 ‘
694 760 918 819 harum
966 763 1124 821 serie
1170 761 1468 821 uolumus
1512 764 1863 840 peruenire,
1911 763 2087 841 quod
2149 783 2295 825 curn
2359 774 2619 843 propter
2664 764 2900 826 scelera
2948 766 3244 824 omnium
3292 760 3414 820 ho·

697 876 940 933 minum
988 876 1050 933 in
1097 892 1296 955 regno
1345 886 1564 935 nostro
1610 875 2011 957 degencium,
2060 896 2185 955 que
2217 879 2555 958 instigante
2600 879 2843 956 antiqui
2894 877 3093 937 hostis
3140 876 3410 935 humani

694 987 942 1067 generis
990 988 1245 1047 inimico
1293 987 1778 1048 habundauerat
1821 999 1884 1049 et
1946 988 2284 1069 plusquam
2347 1009 2539 1050 arena
2602 991 2790 1050 maris
2853 990 3415 1068 multiplicauerat,

696 1100 923 1159 nolens
970 1099 1128 1159 deus
1173 1119 1396 1160 eorum
1445 1100 1761 1161 maliciam
1793 1102 2055 1180 impune
2088 1103 2341 1163 vlterius
2371 1105 2765 1181 pertransire,
2800 1104 3043 1163 rabiem
3074 1102 3416 1164 Tartarice

695 1213 901 1293 gentis
947 1214 1266 1285 excitauit,
1304 1232 1425 1291 per
1470 1230 1634 1291 quos
1678 1216 2043 1292 potenciam
2093 1235 2203 1275 sue
2250 1216 2503 1276 deitatis
2534 1218 2707 1297 genti
2741 1214 2984 1294 perfide
3031 1213 3413 1275 ostenderet

697 1338 761 1386 et
809 1345 921 1386 eos
967 1326 1049 1387 de
1095 1338 1256 1386 terra
1322 1326 1580 1398 deleret,
1642 1338 1904 1405 propter
1965 1347 2236 1407 quorum
2300 1331 2501 1389 eciam
2550 1339 2812 1407 peccata
2873 1349 2910 1388 a
2972 1329 3159 1388 nobis
3220 1345 3413 1387 suam

697 1440 1192 1499 misericordiam
1257 1441 1684 1520 elongauerat,
1753 1454 1821 1500 ut
1876 1461 1988 1520 per
2058 1445 2229 1521 ipsos
2296 1443 2354 1504 T
2356 1454 2599 1503 artaros
2669 1444 2729 1501 in
2800 1443 3137 1519 campestri
3200 1440 3413 1519 prelio

697 1554 970 1613 conuicti
1022 1553 1298 1634 fugeque
1360 1553 1636 1630 presidio
1695 1556 2042 1615 maritimas
2103 1556 2353 1616 adimus
2415 1566 2627 1635 partes
2672 1568 2735 1617 et
2782 1573 3090 1634 aquarum
3140 1552 3413 1613 latibula

697 1662 1233 1747 con(q)uerentes,
1277 1666 1382 1725 vbi
1429 1685 1576 1727 cum
1619 1666 1838 1727 funera
1885 1680 2250 1729 nostrorum
2298 1668 2579 1730 fidelium
2620 1688 2803 1730 more
2853 1667 3093 1730 Rachel
3140 1668 3415 1748 plange-

695 1798 926 1851 remuS,
957 1781 1104 1858 quia
1151 1798 1373 1839 eorum
1422 1779 1659 1839 solacio
1707 1781 1941 1841 fuimus
1973 1780 2273 1853 destituti,
2304 1792 2484 1861 pater
2515 1782 3087 1843 misericordiarum
3138 1791 3201 1840 et
3243 1779 3413 1840 deus

695 1894 900 1954 tocius
930 1892 1412 1965 consolacioniS‚
1460 1894 1566 1969 qui
1613 1893 1980 1953 consolatur
2012 1913 2161 1954 suos
2194 1896 2255 1954 in
2288 1898 2465 1955 omni
2498 1894 2916 1956 tribulacione
2964 1898 3168 1955 eciam
3215 1894 3415 1953 nobis

697 2017 961 2084 pontem
1014 2004 1442 2065 misericordie
1488 2008 1731 2084 aperire
1777 2005 2075 2087 dignatus
2136 2019 2231 2067 est
2291 2017 2355 2067 et
2416 2007 2499 2067 ad
2558 2008 3027 2068 consolandum
3092 2026 3211 2067 nos
3261 2004 3416 2067 Fel-

699 2116 1022 2199 dricum(!)
1072 2130 1132 2179 et
1187 2117 1725 2191 Bartholomeum,
1773 2118 2040 2179 illustres
2086 2129 2148 2179 et
2195 2129 2533 2181 strennuos
2577 2122 2743 2180 viros
2775 2120 3025 2181 nobiles
3058 2119 3141 2180 de
3178 2118 3416 2199 Vegla,

699 2234 877 2311 quasi
927 2232 1008 2291 de
1055 2232 1195 2292 celo
1241 2232 1522 2310 proiecit,
1575 2232 1682 2309 qui
1731 2233 1917 2291 nobis
1962 2251 2105 2292 cum
2157 2235 2331 2293 omni
2379 2252 2601 2293 eorum
2649 2233 2977 2313 parentela
3022 2232 3414 2292 adherentes

698 2348 860 2405 inter
920 2356 1098 2406 actus
1158 2346 1574 2423 promiscuOS,
1633 2344 1855 2405 fideles
1902 2344 2328 2406 exhibuerunt
2389 2346 2733 2407 famulatus
2778 2355 2842 2406 et
2896 2364 3025 2406 non
3074 2344 3407 2405 modicam

698 2460 1039 2537 pecuniam
1070 2476 1292 2518 eorum
1327 2477 1454 2537 que
1485 2458 1644 2518 vltra
1675 2459 1893 2539 viginti
1945 2477 2299 2518 marearum
2349 2457 2542 2519 millia
2588 2458 3047 2519 transcendunt
3093 2460 3155 2517 in
3203 2457 3413 2535 ciphis

699 2574 903 2633 aureis
963 2580 1025 2630 et
1082 2572 1394 2652 argenteis
1460 2583 1522 2631 et
1569 2570 1704 2631 aliis
1746 2571 1937 2631 rebus
1983 2574 2283 2649 preciosis
2353 2572 2539 2631 nobis
2601 2571 2682 2631 de
2746 2572 2933 2631 bonis
2992 2589 3217 2631 eorum
3265 2588 3411 2648 pre·

699 2697 1030 2746 sentarunt
1091 2694 1155 2743 et
1219 2683 1651 2761 presentando
1714 2684 2134 2745 donauerunt.
2196 2680 2485 2745 'Demum
2554 2702 2673 2745 nos
2733 2702 2882 2744 cum⁴
2928 2704 2965 2743 a
3013 2684 3200 2744 nobis
3245 2683 3412 2743 deus

701 2818 878 2859 suam
927 2798 1440 2879 indignacionem
1503 2809 1851 2872 amoueret‚
1924 2808 2487 2876 recompensantes
2540 2815 2761 2857 eorum
2812 2798 3075 2857 seruicia
3120 2806 3185 2855 et
3230 2794 3411 2855 dona

699 2913 782 2973 de
814 2911 1079 2973 consilio
1111 2911 1372 2971 domine
1405 2910 1605 2972 Marie
1641 2909 1967 2972 karissime
1999 2913 2310 2971 consortis
2341 2920 2557 2971 nostre
2590 2923 2652 2971 et
2684 2911 3000 2972 baronum
3040 2920 3411 2969 nostrorum

700 3025 1003 3098 fidelium,
1051 3023 1375 3102 quandam
1424 3025 1749 3084 ciuitatem
1797 3034 2080 3084 nostram
2128 3026 2293 3084 circa
2339 3024 2510 3084 littus
2559 3025 2746 3084 maris
2792 3024 3195 3094 existentem,
3236 3022 3409 3084 Scen

699 3148 990 3198 vocatam
1041 3156 1187 3197 cum
1235 3138 1534 3197 omnibus
1579 3139 1706 3197 suis
1749 3136 2028 3197 Vtilitatis
2046 3133 2108 3218 (l)
2157 3145 2222 3197 et
2266 3138 2668 3216 pertinenciis
2699 3139 3004 3197 vniuersis
3034 3135 3223 3196 simul
3254 3153 3407 3195 cum

701 3253 940 3312 tributo
987 3267 1098 3310 seu
1159 3249 1400 3309 telonio
1465 3258 1529 3310 et
1588 3250 1722 3310 aliis
1783 3250 2311 3311 circumferenciis
2372 3262 2435 3311 et
2496 3253 2559 3312 in
2622 3251 2851 3311 eadem
2912 3249 3203 3309 libertate
3246 3249 3411 3308 sicut

593 3437 604 3450 ⁸
701 3366 886 3425 nobis
955 3367 1188 3424 seruire
1259 3373 1724 3424 consueuerant
1794 3363 2089 3423 dedimus
2150 3375 2213 3424 et
2283 3364 2666 3424 donauimus
2712 3376 2776 3424 et
2822 3362 3211 3424 contulimus
3254 3363 3413 3440 ipsis

699 3477 753 3538 F
757 3477 1041 3538 rederico
1088 3487 1151 3537 et
1215 3476 1668 3537 Bartholomeo
1730 3479 1790 3534 in
1853 3473 2017 3537 filios
2063 3476 2335 3537 filiorum
2397 3487 2709 3556 perpetuo
2778 3486 2840 3536 et
2913 3473 3413 3535 irreuocabiliter

701 3589 1177 3670 possidendam,
1221 3589 1346 3649 hoc
1391 3590 1594 3649 eciam
1642 3589 2090 3666 specificandO,
2150 3590 2327 3669 quod
2360 3592 2410 3650 si
2444 3592 2586 3668 quis
2632 3589 2865 3650 herede
2914 3599 3175 3660 careret,
3225 3585 3413 3646 heres

701 3703 956 3762 alterius
1001 3701 1269 3763 finaliter
1315 3702 1518 3762 valeat
1563 3702 1907 3780 possidere.
1954 3701 2047 3764 Vt
2094 3704 2278 3783 igitur
2338 3713 2555 3764 nostre
2608 3701 2977 3763 collacionis
3018 3703 3213 3762 series
3260 3719 3403 3778 per-

700 3825 892 3895 petua
939 3814 1234 3875 firmitate
1295 3815 1613 3888 solidetur,
1675 3825 2002 3894 presentes
2064 3818 2496 3877 concessimus
2555 3815 2799 3877 eisdem
2844 3813 3163 3893 dupplicis
3226 3811 3407 3894 sigilli

702 3931 898 3989 nostri
971 3930 1320 3988 munimine
1390 3928 1739 3990 roboratas
1834 3927 2074 3990 Datum
2145 3948 2257 4007 per
2326 3948 2553 3989 manus
2624 3929 2875 3989 discreti
2943 3929 3057 3986 viri
3125 3928 3409 4007 magistri

701 4042 756 4102 F
759 4039 986 4101 arkasii
1031 4040 1215 4102 electi
1260 4038 1562 4101 Albensis
1595 4042 1739 4102 aule
1772 4052 1987 4101 nostre
2026 4041 2519 4103 vicecancellarii
2567 4041 2780 4102 dilecti
2826 4051 2889 4101 et
2937 4040 3143 4101 fidelis
3190 4039 3412 4111 nostri,

701 4173 872 4215 anno
920 4154 1162 4214 domini
1211 4152 1546 4214 millesimo
1595 4152 1739 4218 CC⁰
1759 4153 1931 4226 LX0,
1976 4157 2151 4236 regni
2185 4167 2401 4216 autem
2444 4156 2640 4216 nostri
2686 4153 2882 4235 ano(!)
2932 4150 3322 4232 vicesimo(!).

876 4311 1222 4386 Falzifikat
1261 4311 1556 4368 dokazan.

876 4417 943 4474 Iz
978 4417 1284 4493 przjepisa
1331 4415 1538 4490 kralja
1585 4416 1788 4473 Karla
1850 4418 1935 4473 od
1965 4419 2105 4490 god.
2156 4420 2351 4487 1322,
2406 4417 2562 4475 kako
2592 4419 2667 4492 je
2715 4417 3083 4492 potvraJeno
3128 4418 3215 4473 od
3254 4417 3414 4489 istog

701 4521 911 4596 kralja
951 4522 1183 4595 godine
1229 4521 1406 4578 1333.
1484 4520 1782 4594 Orzgz'nal
1825 4524 2074 4597 potonje
2118 4521 2330 4578 listina
2376 4543 2416 4579 u
2462 4521 2551 4578 kr.
2605 4541 2781 4596 ugar.
2831 4522 3040 4579 drz'av.
3093 4520 3320 4578 arkivu
3369 4539 3409 4576 u

703 4626 1127 4702 Budimpes'ti:
1171 4625 1260 4681 M
1322 4625 1388 4683 O.
1439 4625 1519 4681 D.
1570 4624 1640 4681 L.
1698 4625 1945 4681 34.003.
1997 4627 2099 4698 (st.
2149 4627 2307 4698 sign.
2367 4627 2448 4683 N.
2498 4627 2575 4682 R.
2623 4625 2693 4682 A.
2722 4627 2899 4702 fasc,
2952 4629 3127 4682 1646.
3162 4645 3259 4682 no.
3308 4627 3407 4695 1.).

877 4729 1112 4786 Lucius
1156 4729 1256 4785 De
1300 4730 1514 4802 Regno
1559 4729 1772 4787 Dalm.
1823 4730 1863 4788 l.
1914 4731 2022 4787 IV.
2074 4749 2120 4788 c.
2158 4735 2207 4786 8.
2259 4734 2388 4788 175.
2420 4729 2575 4806 (pod
2590 4750 2657 4803 g.
2694 4731 2889 4802 1255.)
2924 4763 3007 4771 —-
3040 4730 3131 4786 Po
3179 4731 3409 4805 njemu:

705 4835 960 4892 Farlati
1017 4833 1114 4890 Ill.
1175 4851 1338 4891 sacr.
1403 4833 1509 4890 IV.
1558 4838 1674 4889 115.
1723 4835 1750 4888 τ’
1807 4835 1865 4890 V.
1919 4837 2060 4893 299.
2128 4868 2205 4876 —-
2255 4835 2502 4892 Katona
2555 4835 2790 4892 Histor.
2837 4835 3059 4890 critica
3120 4834 3216 4893 VI.
3268 4837 3406 4888 223.

703 4973 789 4981 -—-
834 4939 1023 5013 Fey'esr
1075 4937 1216 4994 cod.
1267 4938 1414 5012 dipl.
1474 4937 1686 5011 Hung.
1759 4938 1799 4994 l
1803 4939 1860 4994 V.
1932 4939 1988 4997 2.
2054 4941 2395 4994 308—310.
2448 4973 2530 4981 —
2588 4939 2675 4996 sb.
2727 4939 2773 4995 I
2776 4939 2837 4996 V.
2892 4941 2945 4996 3.
2991 4941 3241 4994 13-15.
3293 4940 3405 5014 (po

706 5047 918 5099 naffem
966 5044 1174 5099 izwru
1213 5042 1344 5117 ped
1383 5061 1438 5115 g.
1491 5043 1690 5114 1260.)
1761 5073 1837 5082 —-
1904 5041 2281 5116 Kukuljevic'
2318 5041 2513 5099 Arkiv
2568 5042 2708 5110 HJ„
2758 5043 3097 5098 169—170.
3149 5077 3227 5084 —
3282 5042 3407 5098 Ku—

704 5147 974 5222 kuljevic'
1022 5149 1172 5220 Reg.
1223 5166 1317 5203 no,
1370 5149 1507 5204 798.
