3797 5795
1507 444 1584 449 -
1653 409 1774 471 143
1843 446 1915 451 -—-

1619 822 1808 901 652.

360 1013 561 1077 1259.
610 1015 662 1080 U
713 1010 1045 1079 Gorama.

357 1202 558 1265 Prior
585 1204 912 1286 templum
949 1202 1288 1266 th‘lermo
1321 1225 1364 1265 u
1402 1204 1696 1265 Garama
1730 1203 1952 1288 z'zdaje
1984 1203 2233 1267 lz'slc'nu
2268 1228 2303 1267 ο
2336 1204 2568 1288 Ζενηζχῖ
2609 1204 2863 1268 Grabre
2891 1207 3045 1268 sela.

531 1397 762 1457 Rerum
810 1408 1127 1477 gestarum
1179 1398 1404 1457 veritas
1450 1396 1684 1457 idcirco
1731 1398 2077 1457 litterarum
2128 1400 2435 1458 memorie
2482 1400 2931 1469 communitur,
2980 1418 3059 1457 ne

356 1528 502 1569 cum
551 1508 785 1569 labenti
833 1510 1048 1569 seculo
1094 1508 1326 1580 effluat,
1372 1523 1476 1572 aut
1525 1530 1864 1589 pravorum
1930 1511 2263 1571 calumniis
2330 1512 2686 1572 subruatur.
2764 1511 2919 1571 Inde
2964 1522 3061 1571 est

359 1622 535 1701 quod
598 1641 716 1681 nos
778 1622 966 1683 frater
1015 1620 1410 1683 Gwillelmus
1469 1635 1806 1703 preceptor
1873 1623 2107 1685 domus
2160 1624 2387 1683 milicie
2434 1625 2516 1685 de
2563 1622 2767 1685 Gorra
2831 1635 3053 1685 notum

355 1736 620 1795 facimus
666 1738 984 1807 universiS,
1048 1747 1180 1795 tam
1227 1736 1628 1814 presentibus
1673 1756 1866 1815 quam
1919 1738 2138 1798 futuris
2208 1750 2570 1815 presentem
2620 1741 2917 1819 paginam
2968 1740 3058 1797 in-

353 1848 677 1927 specturis,
723 1848 900 1925 quod
945 1847 1030 1908 ad
1077 1862 1358 1909 nostram
1407 1863 1807 1909 accesserunt
1869 1853 2265 1929 presenciam
2322 1850 2511 1911 W'olc
2558 1850 2719 1911 filius
2766 1850 3057 1910 Zibislaui

353 1982 438 2021 ex
485 1979 610 2020 una
671 1973 870 2040 parte,
917 1980 1000 2021 ex
1047 1961 1241 2022 altera
1306 1980 1455 2021 vero
1515 1973 1694 2039 parte
1749 1961 2029 2041 Jacobus
2081 1962 2243 2053 filius
2290 1961 2687 2041 Gerdislavy,
2738 1962 3058 2041 chouoy

356 2075 518 2135 filius
563 2074 922 2145 Zlobimeri‚
971 2073 1282 2135 Kliabech
1344 2074 1506 2135 filius
1575 2076 1914 2147 Prodanez,
1962 2078 2063 2155 qui
2116 2095 2263 2136 cum
2310 2078 2482 2135 bona
2532 2076 2857 2136 voluntate
2903 2075 3056 2136 obli-

348 2199 657 2269 gaverunt
691 2208 758 2247 se
790 2197 852 2247 et
886 2185 1216 2254 dederunt,
1262 2203 1713 2249 concesserunt
1746 2200 1807 2249 ct
1842 2191 1961 2250 hac
2006 2192 2279 2267 presenti
2314 2201 2486 2249 carta
2524 2188 3059 2250 confirmaverunt

351 2301 677 2381 quandam
727 2312 958 2361 terram
994 2297 1238 2361 Grabre
1271 2301 1424 2370 sele,
1457 2302 1629 2361 dicto
1681 2303 1825 2363 ch
1846 2300 1909 2382 U)
1960 2302 2089 2361 filio
2136 2302 2427 2363 Zibislaui
2462 2314 2525 2361 et
2558 2302 2898 2362 heredibus
2930 2302 3057 2363 suis

351 2414 547 2475 libere
593 2426 656 2473 et
703 2415 916 2494 quiete
965 2416 1024 2473 in
1075 2426 1452 2493 perpetuum
1517 2415 1973 2493 possidendam
2024 2426 2085 2475 et
2132 2415 2215 2475 ad
2265 2415 2593 2474 meliorem
2656 2418 3052 2477 securitatem

349 2528 746 2608 privilegium
807 2528 1050 2588 domini
1112 2525 1416 2605 Stephani
1483 2530 1627 2587 bani
1691 2531 1893 2588 tocius
1965 2528 2301 2591 Sclavonie
2364 2548 2583 2589 secum
2646 2539 3055 2606 portaverunt

350 2641 666 2719 nobisque
698 2639 1312 2703 demonstraverunt.
1363 2640 1486 2717 Qui
1519 2640 1838 2719 sepedicti,
1877 2640 2111 2700 scilicet
2130 2639 2407 2719 Jacobus
2440 2640 2601 2701 filius
2633 2638 3053 2719 Gredislavitl)

355 2752 634 2831 VVolcoy
682 2752 843 2813 filius
889 2752 1247 2827 Zlobimeri,
1295 2752 1607 2814 Kliabecli
1654 2752 1816 2813 filius
1877 2753 2279 2824 Predaneztl)
2329 2753 2499 2814 nulla
2547 2756 2607 2812 in
2658 2754 2829 2814 dicto
2877 2756 3057 2833 privi-

349 2867 519 2948 legio
580 2868 981 2927 continencia
1044 2866 1580 2939 contradixerant,
1627 2866 1740 2926 sed
1802 2866 1884 2926 ad
1948 2869 2165 2927 omnia
2224 2866 2720 2927 concordabant.
2773 2868 2890 2927 Pro
2939 2865 3056 2928 hac

347 2993 568 3040 autem
618 2980 978 3040 donacione
1010 2989 1072 3039 et
1105 2982 1518 3040 concessione
1551 2995 1612 3039 et
1648 2980 1829 3040 huius
1873 2993 2045 3040 carte
2092 2980 2590 3040 confirmacione
2638 2979 2813 3040 dedit
2866 2980 3054 3040 Wolc

347 3094 730 3172 sepedictu5‚
762 3094 995 3154 scilicet
1022 3093 1282 3173 Jacobo,
1325 3091 1710 3171 Wolkovoy,
1747 3094 2032 3163 Habech,
2065 3113 2181 3172 pro
2215 3094 2538 3173 sepedicta
2585 3107 2751 3154 terra
2797 3105 3051 3154 centum

348 3219 416 3267 et
463 3209 920 3288 quinquaginta
983 3226 1214 3285 pensas
1275 3208 1336 3265 in
1397 3210 1913 3288 gersuinmamtll
1981 3226 2106 3285 que
2175 3218 2433 3266 centum
2484 3217 2547 3267 et
2597 3208 3054 3286 quinquaginta

347 3339 554 3398 pense
628 3321 689 3379 in
769 3323 1096 3398 presencia
1156 3318 1464 3380 Detconis
1528 3318 1656 3378 filio
1677 3321 1738 3400 (l)
1817 3320 1874 3380 T
1878 3319 2143 3386 erdislai,
2197 3320 2579 3398 &Volcovoy
2618 3319 2831 3397 finon)
2885 3320 3056 3380 Bori-

351 3434 529 3506 meri,
575 3431 898 3494 Wochillo
967 3432 1095 3492 filio
1165 3432 1426 3492 ecclesie
1446 3431 1530 3512 (l),
1599 3432 1894 3494 Dobrolo
1964 3433 2091 3493 filio
2149 3433 2493 3506 B1·atconi5‚
2554 3431 2866 3514 Gregorio
2928 3431 3053 3492 filio

350 3545 677 3618 Velislaui,
725 3546 1064 3606 Radislavo
1112 3558 1175 3606 et
1221 3549 1283 3606 in
1331 3550 1658 3624 presencia
1723 3549 1925 3606 tocius
1986 3547 2311 3624 parentele
2380 3546 2757 3606 eorumdem
2806 3546 3055 3606 suerunt

347 3659 689 3738 persolute.
741 3659 945 3719 Prima
1008 3661 1193 3740 igitur
1255 3674 1425 3719 meta
1483 3659 1664 3720 liuius
1711 3671 1892 3732 terre,
1939 3661 2095 3718 sicut
2146 3659 2205 3718 in
2256 3659 2581 3740 privilegio
2633 3658 2869 3719 domini
2918 3659 3053 3720 Ste-

347 3772 546 3851 phani
615 3772 768 3831 bani·
834 3773 1104 3832 vidimus
1172 3774 1499 3845 contineri,
1545 3774 1760 3851 incipit
1823 3793 1859 3832 a
1924 3771 2207 3850 quodam
2278 3785 2473 3850 puteo
2542 3783 2604 3831 et
2673 3771 2877 3832 tendit
2944 3790 3055 3850 per

346 3885 678 3964 quendam
750 3883 1008 3945 fluvium
1070 3885 1152 3946 ad
1215 3895 1460 3962 partem
1525 3886 1898 3945 orientalem
1964 3898 2026 3944 et
2092 3887 2260 3944 venit
2321 3885 2607 3962 superius
2653 3885 2737 3944 ad
2784 3897 3051 3944 terream

349 4009 590 4059 metam
625 4011 689 4058 et
721 4001 1218 4058 contet-minatur
1249 4009 1411 4058 terre
1443 3997 1714 4078 Gurgys,
1751 3997 2028 4059 Vratech
2062 4017 2139 4058 ac
2170 3995 2580 4078 Gordislaytl)
2617 3999 2720 4058 ubi
2756 4009 2849 4056 est
2885 4008 3051 4056 meta

346 4123 554 4172 terrea
601 4115 661 4171 in
711 4112 938 4171 arbore
1000 4114 1260 4171 nomine
1321 4111 1550 4182 hrastli‚
1597 4111 1833 4171 deinde
1897 4115 2067 4170 venit
2129 4111 2211 4171 ad
2274 4122 2523 4190 partem
2574 4109 3053 4171 meridionalem

348 4225 432 4285 ad
483 4243 784 4305 magnam
833 4226 998 4283 viam
1048 4224 1498 4283 exercitualem
1547 4235 1609 4283 et
1657 4243 1769 4302 per
1815 4224 2089 4284 eandem
2163 4227 2328 4284 viam
2378 4228 2544 4285 venit
2592 4225 2675 4284 ad
2724 4242 2915 4284 unam
2962 4241 3054 4282 ar-

349 4338 597 4410 borem,
643 4356 768 4416 que
816 4336 1004 4417 vulgo
1053 4351 1314 4396 vocatur
1359 4336 1526 4396 lu·ast
1577 4348 1638 4396 et
1688 4337 1768 4396 ibi
1819 4346 1914 4396 est
1964 4350 2135 4398 meta
2198 4349 2399 4397 terrea
2448 4348 2507 4397 et
2556 4337 3057 4397 conterminatur

351 4463 516 4510 terre
563 4448 834 4530 GurgyS‚
879 4448 1170 4529 Dragsan
1204 4461 1266 4509 et
1301 4447 1658 4528 Gordislay,
1692 4449 1930 4510 deinde
1978 4453 2145 4510 venit
2180 4451 2261 4510 ad
2298 4461 2542 4528 partem
2592 4449 3052 4508 occidentalem

349 4563 436 4624 ad
500 4573 740 4623 metam
803 4562 1086 4633 wrattha,
1146 4562 1380 4622 abinde
1443 4564 1612 4622 venit
1673 4563 1757 4623 ad
1822 4563 2133 4638 quasdam
2200 4577 2403 4623 metas
2466 4573 2528 4622 et
2588 4561 2737 4620 inde
2801 4561 2884 4620 ad
2931 4572 3057 4621 tres

349 4689 556 4737 metas
601 4687 853 4749 terreas,
915 4675 1202 4736 videlicet
1251 4674 1586 4757 Dragsani,
1633 4675 1973 4754 Halapone
2018 4688 2082 4735 et
2130 4674 2465 4752 Gerdislay
2508 4685 2571 4734 et
2618 4673 2850 4734 deinde
2896 4675 3057 4733 inter

347 4789 511 4850 duas
557 4802 762 4849 metas
805 4788 890 4848 ad
940 4799 1178 4848 metam
1227 4798 1518 4858 terream,
1563 4787 1799 4848 abinde
1846 4790 2017 4847 venit
2064 4788 2146 4848 ad
2193 4791 2471 4867 priorem
2520 4800 2778 4859 metam,
2808 4787 2912 4846 ubi
2962 4797 3057 4846 est

347 4913 580 4980 puteus
628 4901 841 4980 ibique
889 4903 1276 4961 terminatur.
1329 4901 1420 4963 Ut·
1460 4911 1674 4960 autem
1722 4901 1906 4961 huius
1953 4903 2039 4960 rei
2087 4903 2276 4960 series
2326 4901 2517 4959 robur
2588 4903 2873 4978 optineat
2918 4919 3056 4978 per-

347 5031 542 5092 petue
603 5013 933 5085 firmitatis„
980 5033 1098 5075 nec
1160 5013 1289 5075 ullo
1354 5032 1636 5092 unquam
1698 5032 2002 5092 processu
2048 5025 2413 5092 temporum
2464 5016 2663 5092 possit
2709 5014 2805 5073 vel
2854 5013 3055 5074 valeat

351 5130 412 5188 in
463 5129 704 5188 irritum
767 5131 1064 5197 revocari,
1111 5141 1439 5206 presentes
1501 5127 1708 5186 literas
1771 5128 2155 5187 contulimus
2204 5109 2393 5208 ’sigilli
2464 5129 2655 5186 nostri
2707 5128 3056 5186 munimine
