3797 5795
1843 376 1929 385 --
1990 342 2257 405 250-

1958 632 2150 713 751.

696 777 897 857 1268,
944 778 1008 842 4.
1048 773 1254 857 juna.
1301 774 1359 840 U
1405 774 1734 857 Troqiru.

1072 966 1158 1029 N
1153 964 1338 1029 ikola
1403 961 1668 1027 Vud'ina
1712 962 2007 1047 ostavlja
2054 960 2301 1045 kapelu
2348 960 2544 1025 crkvz'
2581 982 2675 1025 sv.
2726 960 3015 1046 Dujma.

865 1158 1220 1240 Episcopus
1245 1157 1685 1221 columbanus
1714 1152 2101 1237 q(uondam)
2130 1154 2345 1228 Madii‚
2377 1172 2597 1215 comes
2620 1152 2999 1233 Stephanus„
3026 1154 3405 1216 Martinusci

691 1282 994 1351 potesta5‚
1053 1271 1270 1353 Draga
1329 1270 1648 1332 abbatissa
1709 1271 1914 1329 sancti
1974 1267 2217 1347 Duymi
2264 1280 2328 1329 et
2376 1266 2603 1328 Nicola
2660 1267 3001 1329 Vuchinna
3068 1268 3405 1347 quondam

690 1403 912 1445 comes
957 1384 1206 1463 reliquit
1251 1381 1608 1463 cappellam
1656 1400 1804 1443 cum
1851 1390 1995 1441 toto
2041 1400 2159 1443 suo
2207 1392 2437 1442 ornatu
2484 1383 2547 1440 in
2594 1381 2861 1441 ecclesia
2905 1382 3106 1440 sancti
3158 1380 3405 1459 Duymi

691 1492 819 1549 iam
865 1488 951 1553 50
995 1490 1194 1549 annis.

863 1647 1068 1705 Notae
1115 1646 1392 1713 Joannis
1437 1644 1624 1703 Lucii
1649 1645 1776 1722 fol.
1831 1648 1931 1704 39.
1987 1645 2243 1702 Starine
2284 1644 2465 1702 XIII.
2514 1646 2643 1701 212.

1953 1952 2146 2031 752.

690 2120 894 2200 1263,
937 2121 1047 2185 20.
1089 2120 1295 2202 juna..
1342 2118 1403 2184 U
1445 2117 1910 2185 Gittavechii.

707 2310 937 2373 Urban
999 2309 1129 2372 IV.
1179 2309 1570 2394 dozvogjava
1629 2314 2029 2371 samos-lanu
2091 2328 2186 2371 sv.
2236 2306 2492 2371 Nz'kole
2551 2307 2863 2371 dokodak
2924 2308 3015 2371 od
3056 2308 3403 2393 nadjem‘lz

1924 2419 2164 2484 stvarz'.

1995 2612 2095 2674 De
2142 2612 2450 2674 mandato
2497 2613 2743 2673 domini
2792 2613 3312 2675 penestrinensis.

869 2727 1165 2789 Urbanus
1225 2730 1562 2805 episcopus
1623 2746 1842 2787 seruus
1903 2744 2232 2787 seruorum
2296 2727 2397 2786 dei
2444 2726 2690 2786 dilectis
2736 2728 2797 2786 in
2850 2723 3100 2788 Christo
3148 2723 3408 2787 filiabus

689 2886 944 2902 .....
993 2839 1313 2902 abbatisse
1359 2850 1421 2901 et
1469 2842 1810 2902 conuentui
1875 2839 2251 2901 monialium
2312 2839 2697 2901 inclusarum
2760 2841 3126 2900 monasterii
3195 2844 3405 2901 sancti

693 2951 936 3015 Nicolai
997 2951 1319 3033 Jadrensis
1377 2952 1616 3013 ordinis
1676 2955 1877 3014 sancti
1948 2953 2245 3014 Damiani
2308 2952 2579 3014 salutem
2627 2965 2691 3013 et
2729 2952 3151 3032 apostolicam
3201 2953 3405 3016 bene-

685 3063 1056 3128 dictionem.
1129 3066 1626 3128 Necessitatibus
1694 3069 1916 3126 uestris
1985 3077 2254 3146 paterno
2322 3068 2788 3144 compatientes
2854 3063 3104 3138 affectu,
3165 3077 3235 3127 ut
3302 3067 3393 3128 de

683 3181 910 3254 usuriS‚
973 3181 1205 3258 rapinis
1269 3189 1332 3239 et
1393 3179 1528 3240 aliis
1589 3179 1757 3239 male
1819 3180 2158 3259 acquisitiS,
2202 3182 2249 3240 si
2314 3178 2416 3252 hii,
2463 3178 2695 3257 quibus
2754 3181 3035 3258 ipsorum
3084 3181 3404 3240 restitutio

683 3288 822 3350 fieri
885 3292 1135 3365 debeat,
1194 3295 1460 3352 omnino
1521 3293 1784 3352 inueniri
1849 3304 1913 3353 et
1974 3294 2111 3352 sciri
2177 3311 2309 3353 non
2370 3294 2617 3371 possint
2664 3310 2867 3372 usque
2932 3292 3015 3353 ad
3076 3311 3405 3353 summam

686 3399 1111 3464 ducentarum
1183 3403 1483 3464 librarum
1563 3406 1982 3483 imperialium
2058 3407 2340 3483 recipere
2419 3404 2699 3478 ualeatis,
2760 3404 2946 3465 uobis
3020 3407 3407 3466 auctoritate

686 3517 1042 3592 apostolica
1107 3517 1408 3578 duximus
1469 3518 1981 3592 concedendum,
2028 3519 2079 3578 si
2130 3537 2244 3594 pro
2290 3517 2589 3578 similium
2652 3519 3019 3596 receptione
3065 3518 3219 3579 alias
3267 3538 3401 3580 non

692 3629 828 3689 sitis
873 3650 910 3690 a
958 3629 1143 3689 nobis
1203 3629 1562 3691 huiusmodi
1626 3634 1894 3711 gratiam
1958 3641 2319 3703 consecute,
2364 3633 2451 3690 ita
2510 3641 2749 3702 tamen,
2804 3630 2984 3710 quod
3043 3632 3093 3690 si
3158 3630 3404 3711 aliquid

692 3739 777 3800 de
842 3743 990 3821 ipsis
1051 3741 1340 3802 ducentis
1401 3743 1572 3803 libris
1631 3742 1993 3804 dimiseritis
2054 3743 2154 3804 uel
2216 3745 2606 3804 restitueritis
2652 3755 2761 3804 aut
2807 3743 3109 3804 dederitis
3176 3742 3318 3820 illis,
3364 3766 3405 3806 a

695 3855 926 3932 quibus
991 3875 1099 3916 eas
1167 3857 1542 3934 receperitis,
1619 3855 1980 3917 huiusmodi
2057 3857 2388 3918 dimissum
2459 3855 2559 3917 uel
2629 3858 2987 3918 restitutum
3068 3856 3403 3919 feudatum

693 3968 885 4029 nichil
929 3968 1012 4029 ad
1061 3969 1500 4030 liberationem
1563 3988 1786 4030 eorum
1850 3972 2065 4049 prosit,
2128 3989 2245 4030 nec
2306 3979 2617 4049 quantum
2681 3967 2765 4029 ad
2831 3969 2985 4030 illud
3046 3970 3405 4033 habeantur

689 4079 1090 4160 aliquatenus
1156 4081 1448 4154 absoluti,
1519 4083 1924 4160 presentibus
1992 4093 2138 4161 post
2186 4101 2386 4144 unum
2455 4100 2695 4142 annum
2770 4084 3031 4143 minime
3101 4084 3403 4144 ualituris.

691 4190 865 4256 Nulli
927 4212 1079 4276 ergo
1141 4195 1408 4255 omnino
1469 4194 1804 4256 hominum
1867 4194 2053 4256 liceat
2115 4194 2281 4257 hanc
2341 4197 2643 4277 paginam
2706 4205 2923 4256 nostre
2967 4197 3405 4257 concessionis

687 4304 1050 4387 infringere,
1097 4307 1198 4368 uel
1244 4309 1298 4367 ei
1347 4327 1504 4369 ausu
1549 4311 1887 4369 temerario
1935 4311 2263 4369 contraire.
2297 4308 2362 4372 Si
2398 4310 2537 4387 quis
2583 4320 2802 4370 autem
2848 4309 2970 4369 hoc
3015 4319 3405 4388 attemptare

687 4421 1164 4498 presumpserit,
1210 4420 1715 4502 indignationem
1765 4423 2227 4499 omnipotentis
2273 4422 2376 4482 dei
2422 4433 2484 4482 et
2532 4424 2870 4484 beatorum
2918 4421 3082 4483 Petri
3128 4433 3192 4483 et
3226 4420 3404 4483 Pauli

686 4531 1133 4609 apostolorum
1197 4535 1330 4594 eius
1391 4553 1458 4594 se
1519 4537 1767 4595 nouerit
1829 4535 2243 4595 incursurum.
2295 4533 2531 4596 Datum
2593 4534 2770 4615 apud
2816 4536 3062 4598 Vrbem
3112 4546 3401 4596 ueterem

693 4641 834 4705 XII.
881 4642 1192 4706 kalendas
1238 4646 1384 4718 iulii,
1427 4645 1838 4725 pontificatus
1883 4649 2081 4708 nostri
2129 4666 2303 4708 anno
2350 4649 2653 4709 secundo

880 4836 1179 4912 Oregrinal
1217 4859 1258 4896 u
1293 4838 1554 4912 gubern.
1605 4839 1828 4897 arkivu
1876 4860 1918 4899 u
1964 4839 2196 4912 Zadru,
2262 4841 2402 4899 odio
2454 4850 2698 4897 samost.
2748 4862 2834 4899 sv.
2882 4841 3109 4900 Nikole
3156 4842 3245 4899 br.
3302 4845 3398 4898 3¹5.

695 4975 780 4984 —
827 4943 1024 5000 Pelat
1065 4942 1391 5018 izgubljen.
1450 4977 1529 4984 —
1587 4944 1681 5000 Gl.
1729 4943 1818 5002 br.
1870 4949 1991 4999 724
2052 4963 2243 5018 ovoga
2304 4943 2615 5014 abomika,
2662 4946 2867 5004 slilnu
2912 4946 3131 5004 listina
3178 4948 3265 5004 od
3304 4949 3399 5002 28.

697 5054 904 5105 marta
955 5050 1127 5102 1262.
