3797 5795
1591 420 1675 429 —
1736 387 1858 448 341
1945 421 2016 430 --

450 595 514 642 et
560 581 968 660 pertinentiiS,
1036 591 1166 641 tam
1236 579 1457 640 subtus
1525 589 1776 652 terram,
1840 596 2034 656 quam
2103 596 2292 654 supra
2362 587 2593 638 terram
2659 578 2833 639 dicto
2896 577 3160 640 Andree

448 696 710 774 eiusque
756 693 1105 755 heredibus.
1140 705 1203 754 et
1250 693 1716 754 successoribus
1761 711 1873 770 per
1919 693 2419 770 suprascriptum
2465 711 2813 771 preconem
2865 692 3150 754 Luccam

454 807 807 868 Pumellum
878 827 997 886 pro
1066 806 1248 867 dictis
1313 808 1439 866 suis
1506 808 1803 866 trecentis
1865 805 2036 865 libris
2098 805 2250 879 dari,
2296 806 2625 866 deliberari
2673 819 2736 867 et
2784 811 3162 868 transactari

450 918 717 980 fecimus
765 919 1005 980 amodo
1053 923 1115 979 in
1162 932 1349 980 antea
1411 938 1557 980 curn
1620 919 1811 998 plena
1878 921 2109 980 virtute
2171 931 2234 979 et
2280 929 2598 998 potestate
2669 920 3162 982 intromittendii

454 1032 748 1106 habendi,
793 1033 1071 1106 tenendi,
1116 1031 1503 1111 possidendi,
1548 1031 1763 1106 dandi,
1809 1031 2114 1107 donandi,
2183 1032 2520 1105 vendendi,
2567 1051 2685 1111 pro
2733 1035 2948 1094 anima
2995 1033 3154 1094 indi-

454 1146 659 1218 candi,
728 1149 901 1205 omni
940 1146 1139 1206 modo
1185 1145 1504 1206 alienandi
1547 1155 1613 1205 et
1658 1154 1862 1205 totam
1913 1163 1990 1206 ac
2035 1145 2481 1206 omnimodam
2528 1164 2718 1206 suam
2768 1145 3162 1207 voluntatem

453 1257 688 1319 exinde
734 1259 1023 1332 faciendi,
1054 1261 1309 1319 nemine
1340 1261 1395 1318 ei
1428 1261 1491 1318 in
1524 1270 1904 1338 perpetuum
1952 1258 2451 1319 contradicente.
2502 1257 2648 1338 Que
2693 1268 2908 1320 autem
2945 1263 3163 1320 omnia

452 1382 516 1432 et
563 1373 807 1454 singula
852 1375 979 1433 iam
1022 1375 1329 1452 premissa
1376 1389 1499 1452 ego
1546 1371 1751 1432 dictus
1802 1371 2020 1432 Lucca
2071 1372 2291 1432 Puniel
2311 1371 2373 1454 (1)
2426 1390 2619 1451 preco
2665 1374 2936 1434 ciuitatis
2974 1372 3162 1452 Jadre

454 1504 645 1564 super
702 1488 984 1546 animam
1048 1503 1257 1545 meam
1320 1483 1622 1546 testificor
1668 1503 1815 1544 vera
1860 1503 2016 1557 esse,
2061 1485 2460 1563 presentibus
2508 1483 2624 1546 hiis
2669 1488 2908 1546 vocatis
2953 1498 3016 1545 et
3063 1505 3160 1544 ro-

456 1599 619 1678 gatis
684 1600 967 1672 testibus,
1033 1598 1353 1660 videlicet:
1402 1597 1679 1658 Martino
1745 1596 1874 1658 filio
1925 1596 2258 1675 quondam
2321 1595 2664 1678 Grisogoni
2713 1597 2974 1660 Dumini
3023 1600 3162 1658 sine

456 1710 633 1771 dono
654 1713 735 1792 (Ι),
796 1711 1107 1772 Demitrio
1168 1710 1296 1772 filio
1360 1709 1556 1771 Marci
1617 1709 1699 1770 de
1760 1709 2050 1782 Strikala‚
2113 1709 2573 1792 Beneuignudo
2637 1709 2719 1772 de
2783 1708 3021 1772 Alexio
3087 1721 3149 1771 et

458 1823 594 1884 aliis
638 1824 939 1902 pluribus.

626 1936 665 2013 -ἶ-
712 1937 851 2020 Ego
896 1935 1219 1998 Antonius
1263 1938 1687 2016 Superancius
1732 1955 1952 1996 comes
1993 1935 2185 2016 Jadre
2234 1956 2430 1998 manu
2475 1933 2778 2019 (propria)
2828 1939 3062 2017 scripsi.

625 2049 663 2128 †
711 2050 851 2132 Ego
897 2051 1147 2130 Pasqua
1192 2051 1276 2110 de
1328 2048 1631 2113 Uarikase
1678 2049 1873 2110 iudex
1922 2068 2150 2112 manus
2168 2048 2231 2132 (Ι)
2283 2052 2441 2110 misi.

628 2162 667 2244 †
714 2163 853 2246 Ego
900 2165 1125 2226 Simon
1173 2165 1254 2224 de
1302 2163 1528 2225 Mauro
1574 2162 1769 2224 iudex
1816 2182 2083 2224 manum
2132 2164 2288 2224 misi.

632 2276 669 2349 i·
717 2277 857 2358 Ego
908 2277 1130 2338 Uictor
1176 2275 1435 2338 Andree
1486 2274 1749 2337 Andree
1781 2275 1863 2336 de
1898 2275 2147 2350 Petrieo
2195 2277 2394 2336 iudex
2439 2295 2704 2338 manum
2753 2279 2908 2338 misi.

630 2391 774 2472 Ego
822 2390 1156 2452 Vicentius
1217 2390 1481 2450 ecclesie
1542 2402 1762 2450 sancte
1824 2389 2026 2452 Marie
2095 2389 2357 2450 clericus
2404 2400 2467 2450 et
2507 2389 2830 2470 Jadrensis
2877 2377 3168 2451 notarius

459 2504 759 2583 predictis
803 2504 1051 2564 interfui
1097 2516 1373 2584 rogatuS‚
1419 2513 1482 2563 vt
1528 2503 1739 2563 audiui
1788 2503 1953 2563 hanc
1999 2515 2240 2564 cartam
2288 2505 2522 2582 scripsi,
2554 2504 2848 2564 roboraui
2883 2514 2946 2562 et
2977 2504 3158 2584 signo

458 2618 647 2678 solito
692 2620 953 2700 signaui.

634 2734 1049 2807 (Monqgram.
1098 2731 1266 2808 not.)

636 2925 935 2997 Ortjginal
976 2944 1015 2981 u
1063 2924 1283 2981 arke'vu
1323 2927 1591 3001 gro-fova
1642 2926 1857 2995 Regna
1907 2944 1946 2980 u
1995 2924 2340 2998 Posedarju
2388 2925 2461 2980 P.
2513 2944 2608 2981 πο.
2661 2928 2717 2978 4.

1704 3284 1897 3362 831.

448 3478 651 3556 1265,
703 3478 807 3541 11.
846 3476 1029 3559 jula.
1079 3476 1139 3542 U
1184 3474 1498 3559 Peruqii.

450 3668 773 3730 Klemenl
834 3666 875 3729 l
890 3666 959 3729 V.
1003 3674 1183 3750 papa
1254 3666 1693 3729 Kolumbanu
1754 3664 2046 3750 bz'skupu
2110 3667 2582 3750 trogz'mkomu,
2633 3668 2807 3730 neka
2869 3667 3146 3739 dozvolzss

448 3782 537 3843 da
586 3778 1092 3843 Domim'kancz'
1144 3778 1463 3862 spljelski
1520 3776 1742 3842 mimo
1795 3778 2168 3863 posy‘eduju
2233 3780 2316 3841 ka
2314 3780 2474 3863 pelu
2541 3781 2896 3843 darevanu
2955 3780 3047 3842 z'm
3101 3804 3143 3843 u

1646 3892 1958 3977 Trogiru.

620 4082 919 4148 Clemens
964 4086 1301 4164 episcopus
1346 4104 1561 4145 servus
1606 4103 1932 4145 servorum
1980 4086 2080 4145 dei
2129 4085 2468 4146 venerabili
2518 4085 2688 4146 fratri
2737 4083 3144 4149 Columbano

444 4202 749 4278 episcopo
809 4198 1210 4279 Traguriensi
1276 4198 1543 4275 salutem
1606 4207 1669 4258 et
1729 4198 2150 4277 apostolicam
2213 4198 2749 4260 benedictionem.
2796 4198 2901 4259 Ex
2962 4210 3146 4278 parte

444 4312 827 4372 dilectorum
888 4310 1161 4371 filiorum
1209 4354 1591 4371 .......
1653 4312 1877 4390 prioris
1938 4321 2000 4371 et
2049 4312 2311 4373 fratrum
2373 4311 2613 4372 ordinis
2663 4312 3143 4374 Predicatorum

444 4424 915 4503 Spalatensium
948 4424 1065 4487 fuit
1096 4427 1495 4503 propositum
1542 4443 1755 4485 coram
1806 4425 2010 4497 nobis,
2057 4424 2234 4503 quod
2283 4424 2585 4485 Nicolaus
2629 4422 2946 4485 Albertini
2993 4427 3146 4486 civis

442 4538 729 4619 Tragurii
794 4538 1143 4616 quemdam
1205 4537 1474 4599 fundum
1538 4555 1721 4597 suum
1786 4540 1976 4598 situm
2026 4540 2086 4597 in
2137 4540 2389 4599 civitate
2451 4538 2735 4621 'l'ragurii
2785 4548 2850 4597 et
2897 4539 2990 4599 ius
3035 4558 3146 4617 pa-

444 4661 752 4725 tronatus,
798 4651 975 4729 quod
1020 4651 1299 4711 habebat
1346 4653 1406 4711 in
1455 4650 1699 4729 capella
1768 4652 2112 4711 constituta
2163 4653 2224 4711 in
2271 4650 2504 4711 eodem
2552 4649 2773 4723 fund0‚
2821 4669 2946 4728 que
2993 4650 3142 4711 nulli

444 4764 648 4825 suerat
695 4766 755 4823 in
804 4763 1181 4825 beneficium
1232 4766 1565 4845 assignata,
1612 4783 1866 4845 queque
1915 4764 2122 4825 nullos
2169 4762 2446 4824 habebat
2507 4763 2810 4837 reddituS‚
2855 4765 2946 4824 eis
2992 4782 3144 4824 con-

440 4878 583 4938 tulit
644 4878 871 4938 intuitu
930 4880 1187 4956 pietatis
1226 4888 1288 4937 et
1337 4876 1531 4939 felicis
1592 4896 1851 4957 quoque
1921 4876 2390 4938 recordacionis
2440 4876 2739 4939 Urbanus
2784 4895 2952 4956 papa
2999 4895 3140 4955 pre-

443 4989 742 5051 decessor
787 5000 1002 5051 noster
1047 4990 1255 5051 eidem
1303 4992 1495 5069 priori
1541 5002 1605 5051 et
1650 4989 1944 5051 fratribus
1989 4990 2300 5069 capellam
2346 4992 2551 5068 ipsam
2589 5007 2708 5069 pro
2741 4988 3144 5051 habitacione

444 5104 727 5181 ipsorum
776 5113 840 5165 et
886 5102 1065 5183 quod
1110 5104 1285 5165 iuxta
1331 5122 1475 5163 eam
1522 5104 1584 5163 in
1633 5102 1862 5163 eodem
1937 5100 2138 5163 fundo
2206 5104 2450 5183 possint
2496 5111 2863 5162 construere
2911 5102 3144 5163 domos
