3797 5795
1466 421 1877 485 —515—

335 616 477 676 latio
521 614 735 674 fuisset
780 611 1173 685 confirmata,
1220 621 1283 673 et
1331 631 1523 691 super
1568 612 1912 673 collatione
1959 624 2021 674 et
2068 612 2556 674 confirmatione
2619 615 2812 692 ipsius
2858 622 3024 674 terre

335 726 532 789 eidem
576 724 907 804 Stephano
952 744 1074 785 avo
1120 726 1407 804 ipsorum
1454 735 1517 786 et
1564 724 1862 807 Bobonig
1891 727 2056 805 patri
2087 718 2311 787 eorum
2344 738 2811 806 consequenter
2842 727 3025 788 factis

332 842 441 900 tn‘a
483 838 789 899 haberent
834 838 1175 920 privilegia,
1216 856 1419 899 unum
1464 837 1760 900 videlicet
1820 839 1986 921 regis
2048 838 2354 900 Hemirici
2415 840 2536 900 sub
2597 838 2770 900 bulla
2817 858 3025 912 aurea,

336 963 393 1013 et
433 951 599 1013 aliud
644 951 895 1012 illustris
960 950 1111 1012 Bele
1170 953 1355 1033 regiS,
1418 950 1729 1013 karissimi
1790 954 1988 1031 patris
2049 952 2248 1012 nostri
2316 952 2602 1013 similiter
2662 951 2781 1012 sub
2851 951 3025 1012 bulla

332 1085 525 1139 aurea,
570 1076 635 1125 et
680 1066 935 1124 tertium
978 1062 1379 1146 privilegium
1426 1063 1713 1126 eiusdem
1760 1064 2004 1125 domini
2053 1064 2202 1126 Bele
2241 1068 2421 1147 regis,
2467 1064 2778 1127 karissimi
2824 1066 3024 1144 patris

334 1179 515 1239 nostri
562 1176 734 1238 bulla
779 1196 964 1238 cerea
1010 1178 1475 1259 consignatum.
1532 1174 1881 1260 (C)umque
1942 1196 2060 1238 nos
2120 1178 2349 1238 auditis
2407 1180 2687 1257 partium
2733 1181 3025 1239 assertio·

333 1292 520 1363 nibus,
594 1290 930 1351 antedictis
985 1289 1182 1370 Jacov
1259 1300 1323 1350 et
1371 1288 1687 1369 Crystano
1750 1289 1890 1351 filiis
1953 1290 2248 1373 Bobonig
2312 1293 2656 1351 terminum
2716 1292 3025 1373 assignas-

332 1423 532 1466 semus
576 1403 659 1464 ad
704 1403 1043 1464 statuenda
1090 1403 1227 1481 ipsa
1273 1403 1597 1484 privilegia
1641 1421 1859 1465 coram
1906 1404 2112 1477 nobiS,
2172 1404 2364 1465 iidem
2413 1402 2520 1464 filii
2581 1403 2902 1485 Bobonyg
2961 1406 3026 1465 in

332 1519 461 1597 ipso
518 1518 791 1578 termino
852 1535 1051 1577 unum
1114 1515 1547 1595 predictorum
1623 1514 2094 1599 privilegiorum
2171 1517 2290 1578 sub
2364 1536 2510 1578 cera
2586 1516 2773 1577 nobis
2849 1516 3027 1577 exhi-

332 1632 591 1691 buerunt
658 1629 963 1705 dicentes,
1021 1639 1361 1708 prenotata
1421 1628 1553 1689 duo
1616 1629 1942 1711 privilegia
2010 1630 2182 1690 bulla
2243 1648 2344 1691 aui
2358 1648 2434 1691 ea
2493 1631 2868 1711 consignata
2937 1631 3026 1690 eis

330 1763 435 1823 per
492 1743 913 1823 depositarios
971 1742 1055 1802 ad
1117 1741 1553 1803 exhibendum
1619 1742 1805 1803 nobis
1882 1742 2034 1803 data
2110 1761 2242 1804 non
2305 1744 2513 1817 fuisse,
2575 1744 3026 1821 transcriptum

330 1856 673 1917 eorundem
720 1856 995 1917 duorum
1046 1856 1519 1938 privilegiorum
1581 1858 1701 1918 sub
1762 1857 1966 1937 sigillo
2027 1857 2278 1917 abbatis
2345 1856 2428 1917 de
2489 1854 2870 1930 Lonscruht,
2917 1857 3023 1916 ubi

330 1971 456 2049 ipsa
498 1968 823 2052 privilegia
867 1968 1167 2031 dicebant
1212 1970 1403 2031 fuisse
1434 1969 1726 2049 deposita
1759 1970 1946 2031 nobis
1976 1978 2437 2048 presentarunt.
2491 1968 2624 2032 Sed
2655 1972 2804 2048 quia
2837 1969 3022 2029 nobis

329 2082 683 2143 huiusmodi
729 2081 1039 2143 exhibitio
1087 2086 1369 2162 ipsorum
1416 2083 1887 2163 privilegiorum
1957 2080 2248 2144 sufficere
2293 2101 2423 2142 non
2473 2082 2823 2156 videbatur,
2862 2082 3024 2163 Juan

328 2197 537 2257 comiti
610 2195 693 2256 de
772 2195 1116 2274 Prodavyz,
1192 2197 1497 2277 magistro
1559 2194 1726 2257 Buze
1800 2197 2046 2256 cantori
2114 2194 2380 2256 ecclesie
2455 2194 2894 2277 Zagrabiensis
2962 2203 3027 2256 et

330 2310 621 2391 magistro
688 2308 879 2369 Petro
946 2308 1395 2369 archidiacono
1478 2309 1743 2370 ecclesie
1815 2309 2102 2370 eiusdem
2182 2308 2478 2369 dedimus
2554 2310 2614 2369 in
2689 2308 3028 2383 mandatiS,

331 2422 499 2501 quod
554 2422 963 2500 inspicientes
1023 2424 1159 2501 ipsa
1224 2422 1551 2504 originalia
1612 2433 1674 2483 et
1742 2410 2001 2503 perlegi,
2067 2441 2141 2482 ac
2210 2422 2295 2482 de
2355 2421 2554 2482 verbo
2615 2421 2699 2482 ad
2759 2422 3025 2482 verbum

330 2538 389 2596 in
448 2534 573 2596 fide
618 2535 745 2596 deo
792 2546 855 2595 et
903 2535 1089 2596 nobis
1136 2535 1352 2597 debita
1405 2536 1767 2596 transscribi
1813 2535 2119 2596 facientes
2164 2537 2612 2614 transcriptum
2673 2535 3026 2596 eorundem

331 2649 510 2709 nobis
579 2649 698 2710 sub
783 2648 997 2729 sigillis
1069 2650 1197 2709 suis
1270 2650 1772 2709 transmitterent
1846 2667 1961 2727 per
2035 2646 2199 2709 filios
2276 2648 2572 2729 Bobonig
2637 2648 3024 2711 antedictos.

328 2756 781 2842 (A)dveniente
840 2764 1056 2837 itaque
1113 2762 1389 2822 termino
1434 2780 1549 2841 per
1610 2780 1728 2821 nos
1761 2736 1768 2743 ⁸
1787 2736 2074 2840 partibus
2133 2762 2474 2843 assignatO,
2536 2761 2843 2840 sepedicti
2915 2761 3036 2843 filii·

329 2872 617 2956 Bobonig
684 2876 1133 2954 transcriptum
1201 2873 1637 2954 predictorum
1707 2874 1982 2936 duorum
2050 2873 2523 2956 privilegiorum
2591 2873 2762 2936 bulla
2837 2894 3028 2936 aurea

328 2990 865 3049 communitorum
932 2989 1053 3049 sub
1121 2988 1335 3072 sigillis
1404 2989 1683 3048 virorum
1746 2987 2138 3067 prefatorum
2202 2997 2266 3047 et
2327 2989 2581 3047 tertium
2629 2987 3024 3070 privilegium

329 3101 567 3162 domini
617 3101 767 3163 Bele
814 3104 995 3183 regiS,
1054 3103 1253 3180 patris
1316 3103 1514 3162 nostri
1576 3099 1887 3161 karissimi
1935 3099 2054 3161 sub
2118 3119 2281 3174 cera,
2344 3099 2522 3179 quod
2585 3102 2778 3160 etiarn
2840 3111 3029 3160 antea

329 3214 764 3289 exhibuerant,
828 3213 1014 3275 nobis
1074 3224 1538 3293 presentarunt,
1599 3223 1669 3274 ut
1715 3213 2058 3286 debebant,
2123 3231 2396 3291 quorum
2462 3212 2736 3273 duorum
2783 3213 3030 3292 privile-

330 3331 571 3410 giorum
619 3328 1101 3406 transscriptum
1148 3338 1210 3388 et
1256 3329 1513 3388 tertium
1560 3330 1766 3406 ipsum
1817 3325 2123 3408 originale
2168 3344 2317 3387 cum
2351 3325 2781 3404 ,presentibus
2837 3325 3038 3415 baro*

333 3441 511 3502 nibus
554 3453 617 3502 et
664 3441 983 3501 nobilibus
1030 3443 1205 3522 regni
1254 3443 1469 3514 nostri,
1517 3443 1622 3519 qui
1671 3440 1859 3501 nobis
1905 3451 2059 3500 tunc
2104 3441 2410 3518 temporis
2465 3438 2849 3513 assidebant,
2895 3438 3028 3499 dili-

333 3565 549 3634 genter
592 3554 829 3637 perlegi
862 3565 933 3615 et·
958 3555 1201 3632 exponi
1234 3554 1619 3622 fecissemus.
1666 3553 1739 3613 I'n
1774 3555 1957 3613 unius
1989 3552 2292 3634 privilegii
2326 3554 2707 3632 transcripto
2739 3547 3028 3624 vidimus,

331 3667 501 3745 quod
559 3669 844 3746 superius
906 3669 1273 3727 nominatus
1334 3685 1605 3748 magnus
1666 3667 1817 3728 Bela
1882 3687 1997 3727 rex
2057 3686 2331 3746 proavus
2399 3676 2631 3741 noster,
2699 3677 3027 3727 annuente

334 3779 652 3840 Hemirico
699 3798 851 3861 rege
898 3779 1027 3840 filio
1075 3799 1211 3854 suc,
1254 3782 1669 3859 prescriptam
1718 3793 1954 3841 terram
2001 3779 2347 3841 Vodichan
2394 3780 2645 3859 prefato
2691 3779 3026 3859 Stephano

328 3903 392 3952 et
434 3895 557 3953 suis
617 3875 957 3953 heredibus
1020 3871 1459 3972 heredumque
1523 3893 1992 3954 successoribus
2051 3906 2314 3972 propter
2373 3912 2487 3954 sua
2535 3893 2904 3972 multiplicia
2953 3904 3015 3954 et

336 4004 690 4066 fidelissima
736 4007 987 4066 servitia
1034 4025 1109 4066 ac
1140 4009 1233 4066 sui
1279 4017 1343 4066 et
1388 3982 1651 4068 suorum
1696 4007 2020 4088 sanguinis
2065 4002 2516 4089 effusione(m),
2561 4025 2688 4086 que
2734 4009 2798 4066 in
2845 4007 3021 4068 exhi-

332 4117 537 4179 benda
583 4091 753 4200 regie
799 4138 1039 4179 corone
1086 4117 1391 4180 fidelitate
1436 4119 1641 4181 fuerat
1686 4138 2040 4198 perpessu5‚
2102 4119 2370 4180 contulit
2415 4129 2479 4180 et
2525 4119 2788 4180 donavit
2833 4119 3026 4198 pleno

333 4233 458 4292 iure
502 4243 815 4311 perpetuo
860 4232 1339 4310 possidendam,
1402 4251 1596 4310 quam
1658 4231 1922 4311 quidem
1985 4231 2396 4293 collationem
2443 4247 2557 4293 seu
2603 4211 3026 4293 donationem

332 4347 473 4423 quia
516 4356 889 4424 pretaxatus
934 4363 1205 4426 magnus
1251 4344 1405 4406 Bela
1434 4364 1549 4405 rex
1581 4355 1791 4406 morte
1832 4355 2177 4424 preventus
2223 4347 2350 4405 suis
2397 4344 2588 4405 literis
2634 4363 2766 4405 non
2813 4347 3028 4424 potuit

329 4457 801 4533 roborare,-rex
852 4457 1211 4518 Hemiricus
1254 4476 1403 4518 cum
1448 4476 1565 4519 suo
1611 4458 1937 4541 privilegio
1986 4458 2157 4519 bulla
2189 4477 2379 4519 aurea
2426 4458 2804 4539 consignato
2851 4469 3028 4538 'com-

331 4573 604 4646 munivit,
671 4579 863 4650 prout
925 4570 1137 4631 eidem
1199 4569 1406 4632 dictus
1469 4563 1739 4653 magnus
1801 4571 1951 4632 Bela
2015 4591 2128 4631 rex
2188 4583 2371 4649 pater
2417 4573 2551 4631 eius
2598 4571 2716 4630 sub
2762 4581 3029 4650 paterna

332 4683 775 4746 benedictione
830 4666 1096 4744 dederat
1142 4685 1205 4743 in
1256 4679 1590 4744 mandatis
1639 4683 1799 4745 Item
1848 4685 1910 4743 in
1957 4687 2337 4763 transcripto
2399 4683 2662 4744 secundi
2723 4683 3026 4766 privilegii

329 4797 444 4858 sub
486 4797 661 4859 bulla
707 4815 898 4858 aurea
943 4808 1007 4858 et
1056 4798 1240 4858 tertio
1285 4798 1404 4858 sub
1450 4816 1595 4858 cera
1627 4798 1690 4857 in
1723 4797 2010 4878 originali
2055 4797 2349 4858 videlicet
2394 4796 2805 4876 inspeximuS,
2853 4796 3028 4876 quod

330 4909 623 4972 dominus
670 4897 846 4972 'Bela
925 4930 1039 4972 rex
1098 4891 1283 4990 pater
1353 4923 1570 4971 noster
1636 4909 2002 4970 karissimus
2035 4911 2038 4914 ’
2071 4909 2481 4970 collationem
2550 4918 3024 4970 antecessorum

330 5042 585 5086 suorum
632 5035 836 5085 ratam
888 5024 1141 5085 'habens
1187 5035 1249 5085 et
1297 5024 1723 5103 approbatam
1792 5021 2210 5095 confirmavit,
2275 5021 2419 5082 licet
2467 5024 2673 5106 “etiam
2737 5031 3028 5100 tempore

329 5133 629 5217 Stephani
664 5139 814 5199 bani
851 5136 1135 5216 quidam·
1158 5149 1509 5198 castrenses
1553 5155 1742 5214 super
1788 5135 1959 5195 facto
2007 5135 2368 5215 supradicte
2414 5135 2756 5198 Vodichan
2805 5115 3028 5196 contra

2913 5282 2946 5310 ak
