3797 5795
1549 360 1916 422 ..33-

381 559 444 606 et
489 546 638 606 inde
686 548 808 606 itur
854 565 1054 625 usque
1099 547 1184 606 ad
1229 548 1462 622 locum,
1495 549 1600 609 ubi
1633 550 1766 610 exit
1793 567 1907 628 per
1941 566 2133 609 unam
2180 547 2502 610 malakam
2550 558 2612 610 et
2660 548 2833 610 vadit
2878 568 3083 627 usque

380 659 464 719 ad
511 661 676 720 viam
727 677 1030 742 magnam
1077 660 1183 720 ubi
1230 673 1376 722 sunt
1423 663 1550 722 due
1597 673 1785 735 mete,
1831 680 2103 742 quarum
2150 681 2277 723 una
2322 673 2417 722 est
2473 661 2729 740 Koyani
2777 674 2840 724 et
2886 664 3085 724 altera

384 771 533 833 dicti
582 769 859 846 Gordu5‚
925 773 1157 834 abhinc
1202 775 1592 836 transeundo
1659 778 1826 836 viam
1887 775 2060 836 vadit
2107 774 2190 835 ad
2236 775 2504 836 dumum
2552 777 2823 854 vyminis
2869 777 3085 856 ibique

385 903 498 962 per
541 887 778 946 siccam
823 887 1055 946 vallem
1090 887 1444 965 predictam
1479 898 1541 948 et
1573 907 1687 968 per
1717 887 1992 948 eandem
2027 888 2357 949 descendit
2396 888 2479 948 ad
2512 866 2788 967 priorem
2838 899 3077 950 metam

385 998 494 1057 ubi
557 998 676 1058 suit
746 1001 1002 1078 incepta
1069 999 1284 1078 ibique
1331 1003 1722 1074 terminatur,
1790 1001 2145 1061 secundum
2207 1001 2631 1080 infrascriptas
2677 1013 2883 1063 metas
2927 1013 3092 1063 terre

387 1110 536 1170 dicti
587 1110 842 1190 Koyani
910 1114 1095 1174 certis
1161 1115 1345 1173 metis
1413 1124 1477 1173 et
1545 1115 1738 1194 signis
1803 1123 2191 1192 separantur.
2261 1113 2420 1174 Item
2465 1115 2669 1193 prima
2717 1123 2888 1174 meta
2934 1125 3100 1175 terre

388 1224 538 1284 dicti
591 1221 772 1287 Cheh
819 1243 945 1304 que
987 1223 1306 1286 Lokouch
1369 1239 1632 1287 vocatur
1694 1227 1912 1306 incipit
1971 1226 2054 1286 ab
2118 1228 2361 1287 oriente
2406 1228 2583 1287 iuxta
2628 1227 2891 1289 fluvium
2937 1226 3101 1308 Sop-

389 1337 640 1398 loniche
690 1338 811 1398 sub
855 1339 1084 1399 arbore
1149 1337 1304 1399 tulsa
1368 1339 1582 1420 ibique
1627 1359 1740 1419 per
1785 1339 2055 1401 rivulum
2100 1339 2435 1401 Lescouch
2481 1341 2697 1401 eundo
2741 1343 3102 1421 pervenitur

390 1449 474 1509 ad
524 1450 758 1519 locum,
803 1450 910 1512 ubi
943 1453 1077 1512 exit
1125 1452 1209 1512 ad
1255 1453 1489 1513 siccam
1522 1452 1751 1514 vallem
1787 1463 1850 1512 et
1881 1471 1997 1531 per
2026 1451 2199 1512 illam
2232 1455 2493 1513 veniens
2522 1453 2694 1513 cadit
2725 1455 2787 1514 in
2820 1454 3091 1514 rivulum

391 1561 632 1643 Garigh
678 1563 895 1642 ibique
941 1565 1165 1624 transit
1210 1583 1444 1643 aquam
1493 1568 1556 1625 in
1604 1565 1931 1644 quandam
1983 1565 2211 1626 vallem
2260 1565 2344 1625 ad
2391 1576 2631 1627 metam
2678 1577 2971 1641 terream,
3019 1568 3101 1627 ad

391 1676 796 1738 occidentem
843 1695 956 1756 per
1001 1677 1232 1738 vallem
1269 1689 1486 1739 autem
1518 1678 1839 1739 veniendo
1885 1681 2063 1738 iuxta
2108 1689 2339 1739 terram
2389 1678 2643 1740 Martini
2693 1678 2800 1740 filii
2844 1680 3098 1740 Berizlai

403 1792 766 1866 pervenitur
809 1790 892 1850 ad
939 1801 1178 1850 metam
1229 1793 1406 1851 iuxta
1455 1794 1621 1851 viam
1655 1793 1717 1851 in
1752 1801 1977 1851 monte
2022 1803 2086 1852 et
2134 1792 2283 1852 inde
2328 1811 2441 1871 per
2487 1792 2796 1853 fossatum
2843 1797 3104 1854 veniens

401 1903 572 1964 cadit
617 1905 682 1963 in
726 1902 978 1976 vallem,
1026 1901 1114 1982 (in
1163 1901 1312 1983 qua)
1362 1904 1577 1965 eundo
1637 1906 1924 1984 superius
1968 1907 2103 1964 exit
2148 1923 2261 1984 per
2308 1904 2633 1983 quendam
2681 1904 2971 1967 Suhodol
3018 1906 3102 1966 ad

399 2026 640 2077 metam
709 2026 1000 2090 terream,
1068 2016 1303 2078 deinde
1371 2020 1434 2078 in
1480 2017 1751 2096 planicie
1819 2017 2035 2079 eundo
2082 2018 2252 2078 cadit
2296 2020 2361 2078 in
2408 2019 2638 2079 vallem
2687 2029 2751 2080 et
2796 2039 2909 2099 per
2954 2039 3099 2080 eam

395 2133 517 2190 itur
563 2129 646 2190 ad
693 2141 885 2208 caput
931 2129 1015 2189 ad
1063 2139 1303 2190 metam
1350 2141 1620 2190 terream
1661 2129 1780 2190 sub
1827 2130 2030 2191 dumo
2064 2129 2560 2204 monerobokor,
2606 2132 2839 2192 abhinc
2886 2132 3103 2192 cundo

390 2262 508 2321 per
554 2245 720 2303 viam
766 2242 1062 2303 silvosam
1111 2244 1476 2321 pervenitur
1511 2244 1592 2303 ad
1625 2257 1752 2303 tres
1784 2255 2006 2317 metas,
2038 2261 2307 2322 quarum
2353 2263 2481 2304 una
2527 2255 2623 2304 est
2666 2243 2861 2317 Cheh,
2908 2245 3103 2306 altera

391 2355 668 2428 Martini,
713 2359 908 2416 tercia
949 2355 1274 2434 Johanni5‚
1321 2355 1554 2417 deinde
1600 2357 1778 2416 iuxta
1832 2359 2041 2434 ipsum
2083 2355 2442 2436 Johannem
2476 2359 2537 2416 in
2572 2376 2837 2418 nemore
2883 2359 3101 2419 eundo

393 2471 758 2548 pervenitur
803 2469 886 2528 ad
937 2479 1173 2528 metam
1218 2467 1526 2548 Johannis
1593 2470 1943 2547 antiquam,
1996 2469 2232 2530 abhinc
2279 2471 2668 2530 transeundo
2714 2472 2882 2530 viam
2930 2470 3101 2530 cadit

395 2583 461 2642 in
510 2581 825 2642 Lokouch
875 2593 938 2641 et
986 2584 1046 2640 in
1117 2602 1192 2642 ea
1254 2582 1469 2642 eundo
1534 2600 1648 2661 per
1707 2582 2033 2661 quandam
2082 2585 2317 2642 siccam
2362 2583 2591 2644 vallem
2642 2585 2774 2643 exit
2820 2595 2883 2644 et
2929 2583 3103 2644 vadit

397 2693 484 2754 ad
531 2705 657 2754 tres
704 2705 927 2769 metas,
971 2713 1240 2770 quarum
1291 2713 1415 2755 una
1464 2705 1559 2755 est
1607 2693 1802 2768 Cheh,
1849 2695 2047 2755 altera
2086 2694 2413 2774 JohanniS,
2459 2698 2649 2756 tercia
2697 2693 2975 2777 Georgii,
3020 2697 3102 2755 ibi

395 2807 616 2868 relicto
679 2807 971 2888 Johanne
1041 2808 1214 2869 vadit
1285 2811 1461 2868 iuxta
1532 2819 1764 2868 terram
1834 2808 1985 2869 dicti
2055 2805 2311 2889 Georgii
2383 2811 2445 2868 in
2492 2811 2594 2868 via
2637 2829 2750 2888 per
2798 2828 3103 2890 magnum

391 2924 680 3000 spacium
728 2926 1092 3003 pervenitur
1135 2924 1217 2983 ad
1266 2923 1426 2983 duas
1459 2936 1680 2997 metaS,
1722 2942 1992 3003 quarum
2026 2942 2151 2983 una
2183 2935 2279 2983 est
2305 2920 2538 2995 Chech,
2585 2923 2783 2983 altera
2828 2921 3105 3005 Georgii,

394 3036 547 3096 inde
614 3036 697 3095 ad
767 3037 920 3097 alias
986 3036 1147 3096 duas
1216 3046 1436 3109 metaS,
1498 3036 1712 3115 ibique
1777 3038 2011 3097 intrant
2072 3036 2293 3097 silvam
2340 3046 2406 3096 et
2450 3035 2623 3095 vadit
2668 3035 2750 3096 ad
2797 3054 3101 3117 magnam

391 3149 688 3209 arborem
736 3147 906 3214 tulfa,
952 3149 1072 3208 sub
1119 3168 1244 3224 qua
1290 3160 1387 3209 est
1433 3159 1623 3222 meta,
1672 3148 1907 3209 deinde
1953 3149 2036 3209 ad
2100 3159 2291 3227 caput
2339 3148 2683 3229 Dragoych
2729 3149 2812 3207 ad
2862 3159 3099 3208 metam

393 3274 666 3322 terream
711 3253 854 3321 sub'
892 3262 1120 3322 arbore
1181 3260 1381 3340 bykfa
1428 3271 1491 3321 et
1536 3264 1599 3321 in
1661 3260 2007 3343 Dragoych
2053 3262 2269 3321 eundo
2316 3262 2571 3321 inferius
2616 3264 2978 3340 pervenitur
3024 3262 3106 3321 ad

397 3377 624 3453 pirum,
685 3375 805 3435 sub
851 3394 978 3454 qua
1025 3388 1122 3435 est
1167 3387 1359 3448 meta,
1428 3375 1577 3436 inde
1625 3394 1740 3453 per
1782 3372 1990 3453 potok
2034 3373 2209 3435 vadit
2255 3375 2317 3433 in
2348 3374 2571 3434 silvam
2617 3372 2997 3453 Seplenicha
3044 3386 3107 3434 et

399 3506 513 3567 per
558 3488 746 3549 aliam
795 3488 1025 3548 vallem
1074 3491 1402 3549 revertitur
1447 3488 1530 3549 ad
1575 3488 1868 3548 arborem
1905 3487 2081 3560 tulfa,
2127 3487 2247 3548 sub
2278 3506 2405 3567 qua
2458 3498 2553 3547 est
2592 3498 2781 3559 meta,
2828 3488 2977 3547 inde
3024 3488 3105 3547 ad

401 3611 595 3679 caput
641 3601 927 3661 eiusdem
975 3602 1152 3662 vallis
1198 3612 1262 3661 et
1307 3602 1439 3661 exit
1500 3601 1585 3661 ad
1634 3610 1872 3661 metam
1923 3600 2042 3660 sub
2088 3600 2316 3660 arbore
2360 3600 2537 3673 tulfa,
2583 3598 2817 3659 deinde
2862 3601 2925 3660 in
2976 3599 3109 3678 pla-

403 3715 562 3774 nicie
609 3715 782 3773 vadit
851 3733 1066 3774 versus
1127 3715 1530 3775 occidentem
1601 3724 1663 3773 et
1731 3714 1903 3774 cadit
1968 3716 2030 3773 in
2100 3713 2330 3774 vallem
2378 3715 2612 3773 siccam
2660 3715 2722 3771 in
2770 3723 2941 3772 meta
2988 3712 3108 3772 sub

401 3828 629 3888 arbore
675 3826 876 3906 bykfa
921 3838 985 3888 et
1030 3847 1143 3907 per
1190 3828 1420 3888 vallem
1468 3827 1708 3888 directe
1763 3827 1936 3888 vadit
1984 3826 2066 3886 ad
2115 3838 2353 3887 metam
2402 3825 2521 3885 sub
2567 3824 2795 3885 arbore
2842 3823 3106 3885 bereku-

403 3942 566 4016 nafa,
611 3941 762 4001 inde
807 3943 986 4001 iuxta
1031 3942 1290 4002 arbores
1335 3959 1521 4002 cruce
1567 3943 1845 4022 signatas
1876 3944 2077 4021 vergit
2108 3958 2329 3999 versus
2376 3940 2684 3999 orientem
2735 3938 2819 3999 ad
2866 3950 3106 3999 metam

403 4066 674 4115 terream
743 4056 862 4114 sub
929 4054 1156 4114 arbore
1224 4054 1395 4125 tulfa,
1464 4053 1699 4114 deinde
1767 4052 2109 4113 reflectitur
2175 4072 2291 4131 per
2360 4053 2653 4112 semitam
2718 4061 2779 4111 et
2826 4051 2997 4111 cadit
3044 4053 3104 4111 in

401 4169 696 4245 ryvulum
768 4166 1082 4228 Lokouch
1145 4170 1208 4227 in
1271 4178 1444 4227 meta
1505 4168 1626 4227 sub
1685 4166 1911 4226 arbore
1972 4166 2055 4225 de
2121 4166 2338 4244 prunis
2399 4175 2463 4225 et
2508 4183 2622 4243 per
2666 4163 2931 4223 n'vulum
2982 4165 3105 4224 iam

404 4280 649 4341 dictum
683 4280 1084 4340 descendens
1116 4282 1247 4340 exit
1280 4279 1362 4340 ad
1395 4282 1558 4341 viam
1594 4298 1796 4359 prope
1828 4279 2272 4341 molendinum
2311 4280 2503 4357 ipsius
2552 4276 2728 4341 Cheh
2776 4287 2842 4336 et
2885 4277 3109 4337 subtus

404 4393 847 4455 molendinum
893 4392 1064 4453 cadit
1111 4395 1172 4452 in
1220 4392 1634 4472 Soplincham
1683 4404 1746 4453 et
1791 4368 1906 4471 per
1950 4411 2185 4470 aquam
2224 4391 2398 4451 vadit
2442 4394 2730 4470 superius
2775 4410 2979 4469 usque
3024 4390 3106 4450 ad

401 4509 678 4586 priorem
729 4518 986 4579 metam,
1033 4505 1138 4565 ubi
1187 4507 1302 4567 fuit
1349 4509 1618 4584 incepta,
1671 4505 1884 4583 ibique
1934 4516 2104 4566 meta
2150 4518 2313 4565 terre
2361 4502 2677 4566 Lokouch
2725 4504 3099 4565 terminatur

406 4620 492 4682 Ut
539 4622 726 4701 igitur
772 4619 978 4679 dictus
1025 4618 1334 4680 Martinus
1365 4629 1428 4679 et
1461 4619 1684 4679 fratres
1727 4620 1840 4691 sui,
1885 4617 2251 4697 Stephanus
2294 4617 2532 4677 scilicet
2578 4628 2641 4677 et
2674 4616 3001 4689 Martinus,
3032 4635 3107 4677 ac

403 4732 584 4797 Cheh
629 4751 825 4814 gener
871 4732 1176 4804 eiusdem,
1224 4752 1342 4793 nec
1389 4750 1520 4792 non
1567 4742 1922 4792 castrenses
1968 4733 2073 4809 qui
2122 4731 2398 4811 agebant
2446 4740 2669 4790 contra
2714 4732 2904 4808 ipSOS,
2949 4748 3108 4807 pace

401 4858 709 4925 perpetua
756 4845 1164 4926 gratulentur,
1195 4856 1521 4923 presentes
1565 4845 1804 4905 litteras
1850 4846 1911 4903 in
1960 4845 2399 4905 testimonium
2446 4855 2753 4921 perpetue
2794 4840 3107 4902 firmitatis

401 4960 534 5020 dari
581 4958 866 5032 fecimus,
897 4958 1077 5040 sigilli
1112 4961 1305 5019 nostri
1341 4957 1610 5036 duplicis
1657 4960 2009 5017 munimine
2056 4956 2403 5017 roboratas.
2454 4958 2689 5015 Datum
2722 4973 2835 5032 per
2882 4971 3111 5014 manus

403 5048 682 5127 magistri
751 5045 1088 5127 Smaragdi
1134 5048 1437 5124 prepositi
1497 5042 1814 5118 Albensis‚
1876 5044 2019 5104 aule
2081 5054 2293 5103 nostre
2340 5042 2849 5115 vicecancellarii,
2895 5041 3105 5102 dilecti

489 5170 630 5212 con.
662 5170 820 5211 mm..
851 5170 913 5211 v.
2984 5146 3023 5207 3
