<?xml version="1.0" encoding="UTF-8"?>
<!DOCTYPE html PUBLIC "-//W3C//DTD XHTML 1.0 Transitional//EN"
    "http://www.w3.org/TR/xhtml1/DTD/xhtml1-transitional.dtd">
<html xmlns="http://www.w3.org/1999/xhtml" xml:lang="en" lang="en">
 <head>
  <title>
</title>
<meta http-equiv="Content-Type" content="text/html;charset=utf-8" />
  <meta name='ocr-system' content='tesseract 3.04.00' />
  <meta name='ocr-capabilities' content='ocr_page ocr_carea ocr_par ocr_line ocrx_word'/>
</head>
<body>
  <div class='ocr_page' id='page_1' title='image "./codexdiplomatic00umjegoog_0258.png"; bbox 0 0 3797 5795; ppageno 0'>
   <div class='ocr_carea' id='block_1_1' title="bbox 1548 363 1948 426">
    <p class='ocr_par' dir='ltr' id='par_1_1' title="bbox 1548 363 1948 426">
     <span class='ocr_line' id='line_1_1' title="bbox 1548 363 1948 426; baseline 0.003 -1"><span class='ocrx_word' id='word_1_1' title='bbox 1548 401 1615 406; x_wconf 87' lang='lat'><em>—-</em></span> <span class='ocrx_word' id='word_1_2' title='bbox 1680 363 1807 426; x_wconf 85' lang='lat'><em>245</em></span> <span class='ocrx_word' id='word_1_3' title='bbox 1862 399 1948 408; x_wconf 88' lang='lat'><em>-—</em></span> 
     </span>
    </p>
   </div>
   <div class='ocr_carea' id='block_1_2' title="bbox 370 553 3100 1360">
    <p class='ocr_par' dir='ltr' id='par_1_2' title="bbox 370 553 3100 1360">
     <span class='ocr_line' id='line_1_2' title="bbox 568 553 3100 634; baseline 0.002 -24"><span class='ocrx_word' id='word_1_4' title='bbox 568 553 707 610; x_wconf 80' lang='lat' dir='ltr'><em>»Ex</em></span> <span class='ocrx_word' id='word_1_5' title='bbox 762 554 1067 628; x_wconf 78' lang='lat' dir='ltr'><em>originali</em></span> <span class='ocrx_word' id='word_1_6' title='bbox 1118 555 1291 628; x_wconf 83' lang='lat' dir='ltr'><em>Pray</em></span> <span class='ocrx_word' id='word_1_7' title='bbox 1363 555 1570 614; x_wconf 83' lang='lat' dir='ltr'><em>Codex</em></span> <span class='ocrx_word' id='word_1_8' title='bbox 1612 557 1659 614; x_wconf 86' lang='lat' dir='ltr'><em>J.</em></span> <span class='ocrx_word' id='word_1_9' title='bbox 1708 556 1856 632; x_wconf 84' lang='lat' dir='ltr'><em>dipl.</em></span> <span class='ocrx_word' id='word_1_10' title='bbox 1921 556 2198 633; x_wconf 81' lang='lat' dir='ltr'><em>Profani</em></span> <span class='ocrx_word' id='word_1_11' title='bbox 2243 567 2310 634; x_wconf 93' lang='lat' dir='ltr'><em>p.</em></span> <span class='ocrx_word' id='word_1_12' title='bbox 2361 559 2457 613; x_wconf 75' lang='lat'><em>49.</em></span> <span class='ocrx_word' id='word_1_13' title='bbox 2503 557 2780 632; x_wconf 83' lang='lat' dir='ltr'><em>sigillum</em></span> <span class='ocrx_word' id='word_1_14' title='bbox 2827 557 3100 634; x_wconf 82' lang='lat' dir='ltr'><em>dupplex</em></span> 
     </span>
     <span class='ocr_line' id='line_1_3' title="bbox 382 659 3094 737; baseline 0.001 -23"><span class='ocrx_word' id='word_1_15' title='bbox 382 659 501 714; x_wconf 86' lang='lat' dir='ltr'><em>sed</em></span> <span class='ocrx_word' id='word_1_16' title='bbox 539 659 719 716; x_wconf 83' lang='lat' dir='ltr'><em>cuius</em></span> <span class='ocrx_word' id='word_1_17' title='bbox 762 659 1272 737; x_wconf 81' lang='lat' dir='ltr'><em>circumferentia</em></span> <span class='ocrx_word' id='word_1_18' title='bbox 1318 660 1447 717; x_wconf 87' lang='lat' dir='ltr'><em>iam</em></span> <span class='ocrx_word' id='word_1_19' title='bbox 1494 677 1788 734; x_wconf 71' lang='lat' dir='ltr'><em>maguam</em></span> <span class='ocrx_word' id='word_1_20' title='bbox 1823 669 2072 736; x_wconf 88' lang='lat' dir='ltr'><em>partem</em></span> <span class='ocrx_word' id='word_1_21' title='bbox 2120 662 2340 718; x_wconf 87' lang='lat' dir='ltr'><em>avulsa</em></span> <span class='ocrx_word' id='word_1_22' title='bbox 2389 669 2517 730; x_wconf 86' lang='lat' dir='ltr'><em>est‚·</em></span> <span class='ocrx_word' id='word_1_23' title='bbox 2577 663 2643 718; x_wconf 83' lang='lat' dir='ltr'><em>in</em></span> <span class='ocrx_word' id='word_1_24' title='bbox 2693 661 2878 718; x_wconf 79' lang='lat' dir='ltr'><em>rubro</em></span> <span class='ocrx_word' id='word_1_25' title='bbox 2926 661 3094 719; x_wconf 86' lang='lat' dir='ltr'><em>albo-</em></span> 
     </span>
     <span class='ocr_line' id='line_1_4' title="bbox 384 763 3093 842; baseline 0.001 -23"><span class='ocrx_word' id='word_1_26' title='bbox 384 781 503 838; x_wconf 82' lang='lat' dir='ltr'><em>que</em></span> <span class='ocrx_word' id='word_1_27' title='bbox 526 763 653 838; x_wconf 83' lang='lat' dir='ltr'><em>filo</em></span> <span class='ocrx_word' id='word_1_28' title='bbox 696 764 919 821; x_wconf 85' lang='lat' dir='ltr'><em>sericio</em></span> <span class='ocrx_word' id='word_1_29' title='bbox 953 765 1253 840; x_wconf 56' lang='lat' dir='ltr'><em>pendens</em></span> <span class='ocrx_word' id='word_1_30' title='bbox 1316 765 1393 822; x_wconf 89' lang='lat' dir='ltr'><em>In</em></span> <span class='ocrx_word' id='word_1_31' title='bbox 1440 783 1665 823; x_wconf 84' lang='lat' dir='ltr'><em>aversa</em></span> <span class='ocrx_word' id='word_1_32' title='bbox 1716 773 1905 841; x_wconf 85' lang='lat' dir='ltr'><em>parte</em></span> <span class='ocrx_word' id='word_1_33' title='bbox 1966 768 2168 842; x_wconf 81' lang='lat' dir='ltr'><em>refert</em></span> <span class='ocrx_word' id='word_1_34' title='bbox 2225 767 2458 824; x_wconf 85' lang='lat' dir='ltr'><em>iconem</em></span> <span class='ocrx_word' id='word_1_35' title='bbox 2520 767 2690 840; x_wconf 69' lang='lat' dir='ltr'><em>regis</em></span> <span class='ocrx_word' id='word_1_36' title='bbox 2749 767 2814 823; x_wconf 77' lang='lat' dir='ltr'><em>in</em></span> <span class='ocrx_word' id='word_1_37' title='bbox 2878 765 3093 823; x_wconf 76' lang='lat' dir='ltr'><em>throno</em></span> 
     </span>
     <span class='ocr_line' id='line_1_5' title="bbox 383 869 3088 945; baseline 0.001 -21"><span class='ocrx_word' id='word_1_38' title='bbox 383 869 673 937; x_wconf 78' lang='lat' dir='ltr'><em>sedentis,</em></span> <span class='ocrx_word' id='word_1_39' title='bbox 720 869 941 926; x_wconf 72' lang='lat' dir='ltr'><em>dextra</em></span> <span class='ocrx_word' id='word_1_40' title='bbox 986 877 1311 945; x_wconf 83' lang='lat' dir='ltr'><em>sceptrum,</em></span> <span class='ocrx_word' id='word_1_41' title='bbox 1374 870 1636 926; x_wconf 66' lang='lat' dir='ltr'><em>sinistra</em></span> <span class='ocrx_word' id='word_1_42' title='bbox 1685 869 1936 944; x_wconf 80' lang='lat' dir='ltr'><em>globum</em></span> <span class='ocrx_word' id='word_1_43' title='bbox 1999 889 2136 927; x_wconf 79' lang='lat' dir='ltr'><em>cum</em></span> <span class='ocrx_word' id='word_1_44' title='bbox 2199 889 2382 929; x_wconf 87' lang='lat' dir='ltr'><em>cruce</em></span> <span class='ocrx_word' id='word_1_45' title='bbox 2443 879 2622 938; x_wconf 83' lang='lat' dir='ltr'><em>tenet,</em></span> <span class='ocrx_word' id='word_1_46' title='bbox 2687 872 2778 927; x_wconf 81' lang='lat' dir='ltr'><em>ad</em></span> <span class='ocrx_word' id='word_1_47' title='bbox 2819 871 3088 927; x_wconf 80' lang='lat' dir='ltr'><em>medium</em></span> 
     </span>
     <span class='ocr_line' id='line_1_6' title="bbox 370 973 3090 1050; baseline 0.001 -22"><span class='ocrx_word' id='word_1_48' title='bbox 370 973 647 1047; x_wconf 80' lang='lat' dir='ltr'><em>pectoris</em></span> <span class='ocrx_word' id='word_1_49' title='bbox 704 974 997 1041; x_wconf 81' lang='lat' dir='ltr'><em>adducta,</em></span> <span class='ocrx_word' id='word_1_50' title='bbox 1060 974 1125 1030; x_wconf 89' lang='lat' dir='ltr'><em>in</em></span> <span class='ocrx_word' id='word_1_51' title='bbox 1188 974 1456 1031; x_wconf 82' lang='lat' dir='ltr'><em>adversa</em></span> <span class='ocrx_word' id='word_1_52' title='bbox 1508 983 1694 1050; x_wconf 83' lang='lat' dir='ltr'><em>parte</em></span> <span class='ocrx_word' id='word_1_53' title='bbox 1740 993 1897 1030; x_wconf 84' lang='lat' dir='ltr'><em>crux</em></span> <span class='ocrx_word' id='word_1_54' title='bbox 1931 975 2256 1047; x_wconf 78' lang='lat' dir='ltr'><em>geminata</em></span> <span class='ocrx_word' id='word_1_55' title='bbox 2300 975 2438 1032; x_wconf 79' lang='lat' dir='ltr'><em>sine</em></span> <span class='ocrx_word' id='word_1_56' title='bbox 2483 974 2734 1033; x_wconf 87' lang='lat' dir='ltr'><em>tricolle.</em></span> <span class='ocrx_word' id='word_1_57' title='bbox 2797 975 2856 1032; x_wconf 92' lang='lat' dir='ltr'><em>V.</em></span> <span class='ocrx_word' id='word_1_58' title='bbox 2903 975 3090 1030; x_wconf 78' lang='lat' dir='ltr'><em>etiam</em></span> 
     </span>
     <span class='ocr_line' id='line_1_7' title="bbox 386 1077 3088 1155; baseline 0.001 -22"><span class='ocrx_word' id='word_1_59' title='bbox 386 1077 457 1134; x_wconf 83' lang='lat' dir='ltr'><em>K</em></span> <span class='ocrx_word' id='word_1_60' title='bbox 448 1077 739 1135; x_wconf 77' lang='lat' dir='ltr'><em>ercseliclz</em></span> <span class='ocrx_word' id='word_1_61' title='bbox 798 1078 1078 1136; x_wconf 78' lang='lat' dir='ltr'><em>Notitiae</em></span> <span class='ocrx_word' id='word_1_62' title='bbox 1138 1079 1436 1135; x_wconf 82' lang='lat' dir='ltr'><em>Praelim.</em></span> <span class='ocrx_word' id='word_1_63' title='bbox 1470 1089 1533 1154; x_wconf 92' lang='lat' dir='ltr'><em>p.</em></span> <span class='ocrx_word' id='word_1_64' title='bbox 1587 1081 1718 1136; x_wconf 83' lang='grc'><strong><em>508.</em></strong></span> <span class='ocrx_word' id='word_1_65' title='bbox 1780 1078 2030 1135; x_wconf 86' lang='lat' dir='ltr'><em>Katona</em></span> <span class='ocrx_word' id='word_1_66' title='bbox 2077 1079 2148 1136; x_wconf 87' lang='lat' dir='ltr'><em>P.</em></span> <span class='ocrx_word' id='word_1_67' title='bbox 2210 1079 2304 1138; x_wconf 77' lang='lat' dir='ltr'><em>W.</em></span> <span class='ocrx_word' id='word_1_68' title='bbox 2348 1089 2404 1150; x_wconf 87' lang='lat' dir='ltr'><em>p.</em></span> <span class='ocrx_word' id='word_1_69' title='bbox 2457 1081 2538 1133; x_wconf 83' lang='lat'><em>37</em></span> <span class='ocrx_word' id='word_1_70' title='bbox 2547 1083 2596 1136; x_wconf 89' lang='grc'><em>7.</em></span> <span class='ocrx_word' id='word_1_71' title='bbox 2657 1079 2774 1138; x_wconf 84' lang='lat' dir='ltr'><em>Vix</em></span> <span class='ocrx_word' id='word_1_72' title='bbox 2815 1097 3088 1155; x_wconf 78' lang='lat' dir='ltr'><em>unquam</em></span> 
     </span>
     <span class='ocr_line' id='line_1_8' title="bbox 382 1181 3085 1259; baseline 0.001 -22"><span class='ocrx_word' id='word_1_73' title='bbox 382 1182 654 1256; x_wconf 80' lang='lat' dir='ltr'><em>legatum</em></span> <span class='ocrx_word' id='word_1_74' title='bbox 699 1181 809 1238; x_wconf 80' lang='lat' dir='ltr'><em>boc</em></span> <span class='ocrx_word' id='word_1_75' title='bbox 856 1183 1009 1238; x_wconf 90' lang='lat' dir='ltr'><em>Bela</em></span> <span class='ocrx_word' id='word_1_76' title='bbox 1054 1181 1549 1258; x_wconf 80' lang='lat' dir='ltr'><em>apprehendisse,</em></span> <span class='ocrx_word' id='word_1_77' title='bbox 1614 1200 1689 1239; x_wconf 88' lang='lat' dir='ltr'><em>ac</em></span> <span class='ocrx_word' id='word_1_78' title='bbox 1726 1184 2077 1259; x_wconf 81' lang='lat' dir='ltr'><em>prepositus</em></span> <span class='ocrx_word' id='word_1_79' title='bbox 2136 1184 2476 1241; x_wconf 83' lang='lat' dir='ltr'><em>dominium</em></span> <span class='ocrx_word' id='word_1_80' title='bbox 2523 1182 2893 1257; x_wconf 84' lang='lat' dir='ltr'><em>Krainburg</em></span> <span class='ocrx_word' id='word_1_81' title='bbox 2935 1183 3085 1240; x_wconf 86' lang='lat' dir='ltr'><em>obti-</em></span> 
     </span>
     <span class='ocr_line' id='line_1_9' title="bbox 384 1285 2074 1360; baseline 0.002 -18"><span class='ocrx_word' id='word_1_82' title='bbox 384 1288 601 1344; x_wconf 81' lang='lat' dir='ltr'><em>nuisse</em></span> <span class='ocrx_word' id='word_1_83' title='bbox 644 1287 993 1344; x_wconf 76' lang='lat' dir='ltr'><em>videntur«.</em></span> <span class='ocrx_word' id='word_1_84' title='bbox 1052 1319 1131 1326; x_wconf 97' lang='lat'><strong>—</strong></span> <span class='ocrx_word' id='word_1_85' title='bbox 1181 1285 1557 1360; x_wconf 76' lang='lat' dir='ltr'><em>Kukuljevic‘</em></span> <span class='ocrx_word' id='word_1_86' title='bbox 1598 1288 1740 1357; x_wconf 55' lang='grc' dir='ltr'><em>Κεφ</em></span> <span class='ocrx_word' id='word_1_87' title='bbox 1791 1307 1883 1342; x_wconf 88' lang='lat' dir='ltr'><em>no.</em></span> <span class='ocrx_word' id='word_1_88' title='bbox 1943 1289 2074 1345; x_wconf 58' lang='lat'><strong><em>⁸35.</em></strong></span> 
     </span>
    </p>
   </div>
   <div class='ocr_carea' id='block_1_3' title="bbox 387 1534 1837 1740">
    <p class='ocr_par' dir='ltr' id='par_1_3' title="bbox 387 1534 1837 1740">
     <span class='ocr_line' id='line_1_10' title="bbox 1646 1534 1837 1613; baseline -0.005 0"><span class='ocrx_word' id='word_1_89' title='bbox 1646 1534 1837 1613; x_wconf 80' lang='lat'>748.</span> 
     </span>
     <span class='ocr_line' id='line_1_11' title="bbox 387 1657 1130 1740; baseline -0.001 -18"><span class='ocrx_word' id='word_1_90' title='bbox 387 1658 591 1737; x_wconf 81' lang='lat'><em>1263,</em></span> <span class='ocrx_word' id='word_1_91' title='bbox 637 1657 746 1722; x_wconf 77' lang='lat'><em>29.</em></span> <span class='ocrx_word' id='word_1_92' title='bbox 787 1658 1130 1740; x_wconf 72' lang='lat' dir='ltr'><em>januara.</em></span> 
     </span>
    </p>
   </div>
   <div class='ocr_carea' id='block_1_4' title="bbox 384 1828 3090 2029">
    <p class='ocr_par' dir='ltr' id='par_1_4' title="bbox 384 1828 3090 2029">
     <span class='ocr_line' id='line_1_12' title="bbox 384 1828 3090 1916; baseline 0.001 -24"><span class='ocrx_word' id='word_1_93' title='bbox 384 1830 557 1892; x_wconf 86' lang='lat' dir='ltr'><em>Bela</em></span> <span class='ocrx_word' id='word_1_94' title='bbox 603 1828 792 1914; x_wconf 85' lang='lat' dir='ltr'><em>kralj</em></span> <span class='ocrx_word' id='word_1_95' title='bbox 831 1829 1122 1915; x_wconf 78' lang='lat' dir='ltr'><em>ugarski</em></span> <span class='ocrx_word' id='word_1_96' title='bbox 1161 1829 1195 1892; x_wconf 78' lang='grc' dir='ltr'><em>ι’</em></span> <span class='ocrx_word' id='word_1_97' title='bbox 1232 1829 1551 1893; x_wconf 78' lang='lat' dir='ltr'><em>lzrvatski</em></span> <span class='ocrx_word' id='word_1_98' title='bbox 1595 1831 1755 1914; x_wconf 83' lang='lat' dir='ltr'><em>daje</em></span> <span class='ocrx_word' id='word_1_99' title='bbox 1796 1839 2071 1915; x_wconf 68' lang='lat' dir='ltr'><em>iupanu</em></span> <span class='ocrx_word' id='word_1_100' title='bbox 2128 1829 2367 1894; x_wconf 72' lang='lat' dir='ltr'><em>lic‘kom</em></span> <span class='ocrx_word' id='word_1_101' title='bbox 2419 1831 2630 1894; x_wconf 80' lang='lat' dir='ltr'><em>Pelru</em></span> <span class='ocrx_word' id='word_1_102' title='bbox 2680 1853 2726 1893; x_wconf 86' lang='lat' dir='ltr'><em>u</em></span> <span class='ocrx_word' id='word_1_103' title='bbox 2773 1830 3090 1916; x_wconf 83' lang='lat' dir='ltr'><em>zamjenu</em></span> 
     </span>
     <span class='ocr_line' id='line_1_13' title="bbox 893 1941 2581 2029; baseline -0.001 -23"><span class='ocrx_word' id='word_1_104' title='bbox 893 1965 968 2005; x_wconf 85' lang='lat' dir='ltr'><em>za</em></span> <span class='ocrx_word' id='word_1_105' title='bbox 1014 1943 1256 2029; x_wconf 75' lang='lat' dir='ltr'><em>njegov</em></span> <span class='ocrx_word' id='word_1_106' title='bbox 1292 1943 1479 2029; x_wconf 84' lang='lat' dir='ltr'><em>grad</em></span> <span class='ocrx_word' id='word_1_107' title='bbox 1521 1941 1823 2028; x_wconf 72' lang='lat' dir='ltr'><em>Poc‘itelj</em></span> <span class='ocrx_word' id='word_1_108' title='bbox 1861 1945 2028 2006; x_wconf 85' lang='lat' dir='ltr'><em>neke</em></span> <span class='ocrx_word' id='word_1_109' title='bbox 2073 1943 2288 2028; x_wconf 75' lang='lat' dir='ltr'><em>druge</em></span> <span class='ocrx_word' id='word_1_110' title='bbox 2331 1943 2581 2029; x_wconf 76' lang='lat' dir='ltr'><em>zemlje.</em></span> 
     </span>
    </p>
   </div>
   <div class='ocr_carea' id='block_1_5' title="bbox 367 2133 3094 5155">
    <p class='ocr_par' dir='ltr' id='par_1_5' title="bbox 367 2133 3094 5155">
     <span class='ocr_line' id='line_1_14' title="bbox 559 2133 3094 2218; baseline -0 -21"><span class='ocrx_word' id='word_1_111' title='bbox 559 2135 710 2197; x_wconf 91' lang='lat' dir='ltr'><em>Bela</em></span> <span class='ocrx_word' id='word_1_112' title='bbox 756 2135 860 2195; x_wconf 91' lang='lat' dir='ltr'><em>dei</em></span> <span class='ocrx_word' id='word_1_113' title='bbox 904 2137 1103 2218; x_wconf 88' lang='lat' dir='ltr'><em>gratia</em></span> <span class='ocrx_word' id='word_1_114' title='bbox 1161 2135 1507 2218; x_wconf 87' lang='lat' dir='ltr'><em>Hungarie‚</em></span> <span class='ocrx_word' id='word_1_115' title='bbox 1552 2135 1889 2210; x_wconf 83' lang='lat' dir='ltr'><em>Dalmatie‚</em></span> <span class='ocrx_word' id='word_1_116' title='bbox 1938 2133 2210 2208; x_wconf 86' lang='lat' dir='ltr'><em>Croatie,</em></span> <span class='ocrx_word' id='word_1_117' title='bbox 2257 2137 2478 2210; x_wconf 88' lang='lat' dir='ltr'><em>Rame‚</em></span> <span class='ocrx_word' id='word_1_118' title='bbox 2525 2134 2764 2210; x_wconf 72' lang='lat' dir='ltr'><em>Serme,</em></span> <span class='ocrx_word' id='word_1_119' title='bbox 2805 2135 3094 2210; x_wconf 86' lang='lat' dir='ltr'><em>Gallicie,</em></span> 
     </span>
     <span class='ocr_line' id='line_1_15' title="bbox 380 2247 3090 2328; baseline -0 -17"><span class='ocrx_word' id='word_1_120' title='bbox 380 2249 791 2322; x_wconf 88' lang='lat' dir='ltr'><em>Lodomerie,</em></span> <span class='ocrx_word' id='word_1_121' title='bbox 860 2247 1301 2328; x_wconf 90' lang='lat' dir='ltr'><em>Cumanieque</em></span> <span class='ocrx_word' id='word_1_122' title='bbox 1368 2267 1485 2309; x_wconf 85' lang='lat' dir='ltr'><em>rex</em></span> <span class='ocrx_word' id='word_1_123' title='bbox 1552 2249 1853 2309; x_wconf 88' lang='lat' dir='ltr'><em>omnibus</em></span> <span class='ocrx_word' id='word_1_124' title='bbox 1921 2258 2056 2309; x_wconf 92' lang='lat' dir='ltr'><em>tam</em></span> <span class='ocrx_word' id='word_1_125' title='bbox 2123 2247 2524 2327; x_wconf 84' lang='lat' dir='ltr'><em>presentibus</em></span> <span class='ocrx_word' id='word_1_126' title='bbox 2602 2267 2796 2328; x_wconf 88' lang='lat' dir='ltr'><em>quarn</em></span> <span class='ocrx_word' id='word_1_127' title='bbox 2865 2250 3090 2311; x_wconf 89' lang='lat' dir='ltr'><em>futuris</em></span> 
     </span>
     <span class='ocr_line' id='line_1_16' title="bbox 377 2348 3088 2444; baseline 0 -21"><span class='ocrx_word' id='word_1_128' title='bbox 377 2363 619 2424; x_wconf 82' lang='lat' dir='ltr'><em>litteras</em></span> <span class='ocrx_word' id='word_1_129' title='bbox 677 2348 1005 2440; x_wconf 67' lang='lat' dir='ltr'><em>presentes</em></span> <span class='ocrx_word' id='word_1_130' title='bbox 1064 2363 1439 2440; x_wconf 87' lang='lat' dir='ltr'><em>inspecturis</em></span> <span class='ocrx_word' id='word_1_131' title='bbox 1496 2360 1767 2422; x_wconf 86' lang='lat' dir='ltr'><em>salutem</em></span> <span class='ocrx_word' id='word_1_132' title='bbox 1816 2363 1878 2422; x_wconf 92' lang='lat' dir='ltr'><em>in</em></span> <span class='ocrx_word' id='word_1_133' title='bbox 1927 2363 2216 2422; x_wconf 91' lang='lat' dir='ltr'><em>omnium</em></span> <span class='ocrx_word' id='word_1_134' title='bbox 2281 2361 2614 2423; x_wconf 88' lang='lat' dir='ltr'><em>saluatore.</em></span> <span class='ocrx_word' id='word_1_135' title='bbox 2677 2361 2928 2444; x_wconf 86' lang='lat' dir='ltr'>Regum</span> <span class='ocrx_word' id='word_1_136' title='bbox 2975 2373 3088 2436; x_wconf 89' lang='lat' dir='ltr'><em>est,</em></span> 
     </span>
     <span class='ocr_line' id='line_1_17' title="bbox 376 2471 3082 2553; baseline 0.001 -18"><span class='ocrx_word' id='word_1_137' title='bbox 376 2487 446 2535; x_wconf 90' lang='lat' dir='ltr'><em>ut</em></span> <span class='ocrx_word' id='word_1_138' title='bbox 492 2477 543 2535; x_wconf 91' lang='lat' dir='ltr'><em>si</em></span> <span class='ocrx_word' id='word_1_139' title='bbox 589 2475 797 2553; x_wconf 88' lang='lat' dir='ltr'><em>aliqua</em></span> <span class='ocrx_word' id='word_1_140' title='bbox 844 2493 881 2534; x_wconf 90' lang='lat' dir='ltr'><em>a</em></span> <span class='ocrx_word' id='word_1_141' title='bbox 928 2475 1055 2535; x_wconf 89' lang='lat' dir='ltr'><em>suis</em></span> <span class='ocrx_word' id='word_1_142' title='bbox 1100 2471 1391 2535; x_wconf 75' lang='lat' dir='ltr'><em>fidelibus</em></span> <span class='ocrx_word' id='word_1_143' title='bbox 1452 2475 1671 2552; x_wconf 82' lang='lat' dir='ltr'><em>recipit</em></span> <span class='ocrx_word' id='word_1_144' title='bbox 1734 2493 1859 2553; x_wconf 92' lang='lat' dir='ltr'><em>que</em></span> <span class='ocrx_word' id='word_1_145' title='bbox 1905 2474 2023 2534; x_wconf 85' lang='lat' dir='ltr'><em>sibi</em></span> <span class='ocrx_word' id='word_1_146' title='bbox 2069 2474 2242 2535; x_wconf 89' lang='lat' dir='ltr'><em>utilia</em></span> <span class='ocrx_word' id='word_1_147' title='bbox 2289 2477 2617 2553; x_wconf 84' lang='lat' dir='ltr'><em>conspicit,</em></span> <span class='ocrx_word' id='word_1_148' title='bbox 2663 2475 3082 2553; x_wconf 90' lang='lat' dir='ltr'><em>postmodum</em></span> 
     </span>
     <span class='ocr_line' id='line_1_18' title="bbox 375 2585 3082 2666; baseline -0 -17"><span class='ocrx_word' id='word_1_149' title='bbox 375 2588 617 2649; x_wconf 88' lang='lat' dir='ltr'><em>eisdem</em></span> <span class='ocrx_word' id='word_1_150' title='bbox 666 2590 728 2648; x_wconf 92' lang='lat' dir='ltr'><em>in</em></span> <span class='ocrx_word' id='word_1_151' title='bbox 777 2585 1087 2647; x_wconf 84' lang='lat' dir='ltr'>consimili</span> <span class='ocrx_word' id='word_1_152' title='bbox 1133 2587 1470 2666; x_wconf 80' lang='lat' dir='ltr'><em>prouidere</em></span> <span class='ocrx_word' id='word_1_153' title='bbox 1517 2587 1751 2648; x_wconf 89' lang='lat' dir='ltr'><em>debeat</em></span> <span class='ocrx_word' id='word_1_154' title='bbox 1791 2598 1900 2648; x_wconf 89' lang='lat' dir='ltr'><em>aut</em></span> <span class='ocrx_word' id='word_1_155' title='bbox 1935 2589 2172 2648; x_wconf 88' lang='lat' dir='ltr'><em>maiori.</em></span> <span class='ocrx_word' id='word_1_156' title='bbox 2223 2587 2496 2649; x_wconf 87' lang='lat' dir='ltr'><em>Proinde</em></span> <span class='ocrx_word' id='word_1_157' title='bbox 2527 2588 2612 2649; x_wconf 91' lang='lat' dir='ltr'><em>ad</em></span> <span class='ocrx_word' id='word_1_158' title='bbox 2641 2591 3082 2650; x_wconf 88' lang='lat' dir='ltr'><em>uniuersorum</em></span> 
     </span>
     <span class='ocr_line' id='line_1_19' title="bbox 374 2699 3085 2779; baseline 0.001 -19"><span class='ocrx_word' id='word_1_159' title='bbox 374 2702 681 2761; x_wconf 87' lang='lat' dir='ltr'><em>noticiam</em></span> <span class='ocrx_word' id='word_1_160' title='bbox 730 2699 1023 2761; x_wconf 90' lang='lat' dir='ltr'><em>volumus</em></span> <span class='ocrx_word' id='word_1_161' title='bbox 1068 2702 1415 2779; x_wconf 89' lang='lat' dir='ltr'><em>peruenire,</em></span> <span class='ocrx_word' id='word_1_162' title='bbox 1462 2699 1638 2778; x_wconf 88' lang='lat' dir='ltr'><em>quod</em></span> <span class='ocrx_word' id='word_1_163' title='bbox 1700 2719 1845 2760; x_wconf 91' lang='lat' dir='ltr'><em>cum</em></span> <span class='ocrx_word' id='word_1_164' title='bbox 1894 2721 1932 2760; x_wconf 92' lang='lat' dir='ltr'><em>a</em></span> <span class='ocrx_word' id='word_1_165' title='bbox 1979 2699 2148 2760; x_wconf 88' lang='lat' dir='ltr'><em>fideli</em></span> <span class='ocrx_word' id='word_1_166' title='bbox 2197 2711 2416 2760; x_wconf 88' lang='lat' dir='ltr'><em>nostro</em></span> <span class='ocrx_word' id='word_1_167' title='bbox 2480 2703 2718 2762; x_wconf 90' lang='lat' dir='ltr'><em>comite</em></span> <span class='ocrx_word' id='word_1_168' title='bbox 2765 2699 2952 2762; x_wconf 89' lang='lat' dir='ltr'><em>Petro</em></span> <span class='ocrx_word' id='word_1_169' title='bbox 3003 2701 3085 2762; x_wconf 93' lang='lat' dir='ltr'><em>de</em></span> 
     </span>
     <span class='ocr_line' id='line_1_20' title="bbox 374 2809 3085 2895; baseline 0 -21"><span class='ocrx_word' id='word_1_170' title='bbox 374 2813 623 2894; x_wconf 61' lang='lat' dir='ltr'><em>Lycao)</em></span> <span class='ocrx_word' id='word_1_171' title='bbox 658 2823 891 2874; x_wconf 86' lang='lat' dir='ltr'><em>terram</em></span> <span class='ocrx_word' id='word_1_172' title='bbox 926 2809 1281 2895; x_wconf 82' lang='lat' dir='ltr'><em>Pochotil(!)</em></span> <span class='ocrx_word' id='word_1_173' title='bbox 1329 2831 1446 2891; x_wconf 87' lang='lat' dir='ltr'><em>pro</em></span> <span class='ocrx_word' id='word_1_174' title='bbox 1482 2815 1843 2880; x_wconf 87' lang='lat' dir='ltr'><em>municione</em></span> <span class='ocrx_word' id='word_1_175' title='bbox 1876 2812 2164 2873; x_wconf 85' lang='lat' dir='ltr'><em>facienda</em></span> <span class='ocrx_word' id='word_1_176' title='bbox 2197 2815 2670 2892; x_wconf 83' lang='lat' dir='ltr'><em>recepissemuS,</em></span> <span class='ocrx_word' id='word_1_177' title='bbox 2715 2814 2923 2874; x_wconf 87' lang='lat' dir='ltr'><em>eidem</em></span> <span class='ocrx_word' id='word_1_178' title='bbox 2973 2833 3085 2893; x_wconf 86' lang='lat' dir='ltr'><em>per</em></span> 
     </span>
     <span class='ocr_line' id='line_1_21' title="bbox 372 2925 3078 2989; baseline -0 -1"><span class='ocrx_word' id='word_1_179' title='bbox 372 2927 677 2988; x_wconf 87' lang='lat' dir='ltr'><em>dilectum</em></span> <span class='ocrx_word' id='word_1_180' title='bbox 725 2937 790 2988; x_wconf 89' lang='lat' dir='ltr'><em>et</em></span> <span class='ocrx_word' id='word_1_181' title='bbox 835 2926 1092 2988; x_wconf 91' lang='lat' dir='ltr'><em>fidelem</em></span> <span class='ocrx_word' id='word_1_182' title='bbox 1140 2937 1429 2987; x_wconf 86' lang='lat' dir='ltr'><em>nostrum</em></span> <span class='ocrx_word' id='word_1_183' title='bbox 1476 2925 1845 2987; x_wconf 88' lang='lat' dir='ltr'><em>Rolandum</em></span> <span class='ocrx_word' id='word_1_184' title='bbox 1891 2926 2131 2987; x_wconf 91' lang='lat' dir='ltr'><em>banum</em></span> <span class='ocrx_word' id='word_1_185' title='bbox 2181 2928 2384 2987; x_wconf 89' lang='lat' dir='ltr'><em>tocius</em></span> <span class='ocrx_word' id='word_1_186' title='bbox 2429 2926 2768 2989; x_wconf 86' lang='lat' dir='ltr'><em>Sclauonie</em></span> <span class='ocrx_word' id='word_1_187' title='bbox 2799 2927 2882 2988; x_wconf 92' lang='lat' dir='ltr'><em>de</em></span> <span class='ocrx_word' id='word_1_188' title='bbox 2914 2939 3078 2989; x_wconf 87' lang='lat' dir='ltr'><em>terra</em></span> 
     </span>
     <span class='ocr_line' id='line_1_22' title="bbox 372 3038 3077 3121; baseline -0 -20"><span class='ocrx_word' id='word_1_189' title='bbox 372 3042 561 3101; x_wconf 84' lang='lat' dir='ltr'><em>castri</em></span> <span class='ocrx_word' id='word_1_190' title='bbox 608 3042 671 3100; x_wconf 92' lang='lat' dir='ltr'><em>in</em></span> <span class='ocrx_word' id='word_1_191' title='bbox 720 3038 906 3118; x_wconf 91' lang='lat' dir='ltr'>Lyka</span> <span class='ocrx_word' id='word_1_192' title='bbox 952 3051 1185 3101; x_wconf 87' lang='lat' dir='ltr'><em>terram</em></span> <span class='ocrx_word' id='word_1_193' title='bbox 1232 3040 1700 3119; x_wconf 89' lang='lat' dir='ltr'><em>equiualentem</em></span> <span class='ocrx_word' id='word_1_194' title='bbox 1764 3041 2166 3118; x_wconf 88' lang='lat' dir='ltr'><em>precepimus</em></span> <span class='ocrx_word' id='word_1_195' title='bbox 2210 3042 2530 3121; x_wconf 88' lang='lat' dir='ltr'><em>assignari,</em></span> <span class='ocrx_word' id='word_1_196' title='bbox 2589 3042 2698 3120; x_wconf 91' lang='lat' dir='ltr'><em>qui</em></span> <span class='ocrx_word' id='word_1_197' title='bbox 2745 3058 2895 3101; x_wconf 89' lang='lat' dir='ltr'><em>cum</em></span> <span class='ocrx_word' id='word_1_198' title='bbox 2942 3040 3077 3102; x_wconf 91' lang='lat' dir='ltr'><em>aliis</em></span> 
     </span>
     <span class='ocr_line' id='line_1_23' title="bbox 374 3152 3078 3235; baseline 0.001 -22"><span class='ocrx_word' id='word_1_199' title='bbox 374 3154 655 3234; x_wconf 88' lang='lat' dir='ltr'><em>negociis</em></span> <span class='ocrx_word' id='word_1_200' title='bbox 699 3154 873 3235; x_wconf 91' lang='lat' dir='ltr'><em>regni</em></span> <span class='ocrx_word' id='word_1_201' title='bbox 922 3156 1117 3214; x_wconf 91' lang='lat' dir='ltr'><em>nostri</em></span> <span class='ocrx_word' id='word_1_202' title='bbox 1166 3152 1509 3231; x_wconf 90' lang='lat' dir='ltr'><em>impeditus</em></span> <span class='ocrx_word' id='word_1_203' title='bbox 1554 3153 1969 3231; x_wconf 82' lang='lat' dir='ltr'><em>personaliter</em></span> <span class='ocrx_word' id='word_1_204' title='bbox 2015 3152 2137 3212; x_wconf 93' lang='lat' dir='ltr'><em>hoc</em></span> <span class='ocrx_word' id='word_1_205' title='bbox 2169 3155 2510 3234; x_wconf 87' lang='lat' dir='ltr'><em>negocium</em></span> <span class='ocrx_word' id='word_1_206' title='bbox 2542 3155 2775 3232; x_wconf 84' lang='lat' dir='ltr'><em>exequi</em></span> <span class='ocrx_word' id='word_1_207' title='bbox 2823 3156 3078 3232; x_wconf 89' lang='lat' dir='ltr'><em>nequis-</em></span> 
     </span>
     <span class='ocr_line' id='line_1_24' title="bbox 372 3264 3080 3345; baseline -0 -17"><span class='ocrx_word' id='word_1_208' title='bbox 372 3277 488 3340; x_wconf 88' lang='lat' dir='ltr'><em>set,</em></span> <span class='ocrx_word' id='word_1_209' title='bbox 532 3276 721 3345; x_wconf 91' lang='lat' dir='ltr'><em>prout</em></span> <span class='ocrx_word' id='word_1_210' title='bbox 767 3268 831 3326; x_wconf 91' lang='lat' dir='ltr'><em>in</em></span> <span class='ocrx_word' id='word_1_211' title='bbox 878 3268 1005 3327; x_wconf 91' lang='lat' dir='ltr'><em>suis</em></span> <span class='ocrx_word' id='word_1_212' title='bbox 1035 3268 1430 3344; x_wconf 85' lang='lat' dir='ltr'><em>inspeximus</em></span> <span class='ocrx_word' id='word_1_213' title='bbox 1460 3267 1695 3339; x_wconf 82' lang='lat' dir='ltr'><em>litteriS,</em></span> <span class='ocrx_word' id='word_1_214' title='bbox 1742 3266 2058 3326; x_wconf 88' lang='lat' dir='ltr'><em>mittendo</em></span> <span class='ocrx_word' id='word_1_215' title='bbox 2099 3268 2234 3326; x_wconf 85' lang='lat' dir='ltr'><em>vice</em></span> <span class='ocrx_word' id='word_1_216' title='bbox 2265 3268 2359 3327; x_wconf 88' lang='lat' dir='ltr'><em>sui</em></span> <span class='ocrx_word' id='word_1_217' title='bbox 2389 3264 2791 3345; x_wconf 85' lang='lat' dir='ltr'><em>Stephanum</em></span> <span class='ocrx_word' id='word_1_218' title='bbox 2835 3269 3080 3327; x_wconf 89' lang='lat' dir='ltr'><em>banum</em></span> 
     </span>
     <span class='ocr_line' id='line_1_25' title="bbox 372 3377 3084 3458; baseline 0 -17"><span class='ocrx_word' id='word_1_219' title='bbox 372 3380 761 3441; x_wconf 85' lang='lat' dir='ltr'><em>maritimum</em></span> <span class='ocrx_word' id='word_1_220' title='bbox 811 3382 1115 3440; x_wconf 91' lang='lat' dir='ltr'><em>comitem</em></span> <span class='ocrx_word' id='word_1_221' title='bbox 1176 3381 1366 3441; x_wconf 92' lang='lat' dir='ltr'><em>trium</em></span> <span class='ocrx_word' id='word_1_222' title='bbox 1431 3377 1843 3458; x_wconf 89' lang='lat' dir='ltr'><em>Camporum‚</em></span> <span class='ocrx_word' id='word_1_223' title='bbox 1889 3379 2290 3440; x_wconf 89' lang='lat' dir='ltr'><em>considerata</em></span> <span class='ocrx_word' id='word_1_224' title='bbox 2337 3380 2561 3458; x_wconf 85' lang='lat' dir='ltr'><em>prim0,</em></span> <span class='ocrx_word' id='word_1_225' title='bbox 2607 3381 2768 3441; x_wconf 89' lang='lat' dir='ltr'><em>sicut</em></span> <span class='ocrx_word' id='word_1_226' title='bbox 2814 3400 2850 3440; x_wconf 89' lang='lat' dir='ltr'><em>a</em></span> <span class='ocrx_word' id='word_1_227' title='bbox 2898 3379 3084 3441; x_wconf 92' lang='lat' dir='ltr'><em>nobis</em></span> 
     </span>
     <span class='ocr_line' id='line_1_26' title="bbox 374 3491 3077 3573; baseline -0 -20"><span class='ocrx_word' id='word_1_228' title='bbox 374 3492 751 3554; x_wconf 90' lang='lat' dir='ltr'><em>mandatum</em></span> <span class='ocrx_word' id='word_1_229' title='bbox 826 3492 1153 3565; x_wconf 86' lang='lat' dir='ltr'><em>habuerat,</em></span> <span class='ocrx_word' id='word_1_230' title='bbox 1215 3495 1568 3571; x_wconf 89' lang='lat' dir='ltr'><em>quantitate</em></span> <span class='ocrx_word' id='word_1_231' title='bbox 1644 3511 1756 3553; x_wconf 90' lang='lat' dir='ltr'><em>seu</em></span> <span class='ocrx_word' id='word_1_232' title='bbox 1820 3491 2088 3551; x_wconf 89' lang='lat' dir='ltr'><em>utilitate</em></span> <span class='ocrx_word' id='word_1_233' title='bbox 2155 3500 2320 3553; x_wconf 85' lang='lat' dir='ltr'><em>terre</em></span> <span class='ocrx_word' id='word_1_234' title='bbox 2391 3492 2697 3563; x_wconf 76' lang='lat' dir='ltr'><em>Pochotil,</em></span> <span class='ocrx_word' id='word_1_235' title='bbox 2767 3493 3077 3573; x_wconf 89' lang='lat' dir='ltr'><em>quasdam</em></span> 
     </span>
     <span class='ocr_line' id='line_1_27' title="bbox 371 3604 3080 3687; baseline 0 -21"><span class='ocrx_word' id='word_1_236' title='bbox 371 3606 712 3685; x_wconf 87' lang='lat' dir='ltr'><em>particulas</em></span> <span class='ocrx_word' id='word_1_237' title='bbox 784 3616 1111 3679; x_wconf 88' lang='lat' dir='ltr'><em>terrarum,</em></span> <span class='ocrx_word' id='word_1_238' title='bbox 1189 3624 1312 3684; x_wconf 89' lang='lat' dir='ltr'><em>que</em></span> <span class='ocrx_word' id='word_1_239' title='bbox 1387 3605 1503 3665; x_wconf 88' lang='lat' dir='ltr'><em>hiis</em></span> <span class='ocrx_word' id='word_1_240' title='bbox 1580 3604 1945 3665; x_wconf 88' lang='lat' dir='ltr'><em>nominibus</em></span> <span class='ocrx_word' id='word_1_241' title='bbox 2006 3617 2480 3682; x_wconf 88' lang='lat' dir='ltr'><em>nuncupantur:</em></span> <span class='ocrx_word' id='word_1_242' title='bbox 2549 3604 2783 3687; x_wconf 89' lang='lat' dir='ltr'><em>Kazeg,</em></span> <span class='ocrx_word' id='word_1_243' title='bbox 2845 3606 3080 3667; x_wconf 89' lang='lat' dir='ltr'><em>scilicet</em></span> 
     </span>
     <span class='ocr_line' id='line_1_28' title="bbox 372 3716 3075 3797; baseline 0 -18"><span class='ocrx_word' id='word_1_244' title='bbox 372 3718 685 3797; x_wconf 89' lang='lat' dir='ltr'><em>chcheu‚</em></span> <span class='ocrx_word' id='word_1_245' title='bbox 730 3716 1061 3780; x_wconf 85' lang='lat' dir='ltr'><em>Grebenar</em></span> <span class='ocrx_word' id='word_1_246' title='bbox 1106 3728 1169 3778; x_wconf 86' lang='lat' dir='ltr'><em>et</em></span> <span class='ocrx_word' id='word_1_247' title='bbox 1217 3717 1447 3778; x_wconf 89' lang='lat' dir='ltr'><em>Bratan</em></span> <span class='ocrx_word' id='word_1_248' title='bbox 1496 3737 1621 3797; x_wconf 90' lang='lat' dir='ltr'><em>que</em></span> <span class='ocrx_word' id='word_1_249' title='bbox 1670 3717 1932 3796; x_wconf 89' lang='lat' dir='ltr'><em>quidem</em></span> <span class='ocrx_word' id='word_1_250' title='bbox 1981 3736 2111 3778; x_wconf 89' lang='lat' dir='ltr'><em>non</em></span> <span class='ocrx_word' id='word_1_251' title='bbox 2159 3718 2243 3777; x_wconf 88' lang='lat' dir='ltr'><em>rei</em></span> <span class='ocrx_word' id='word_1_252' title='bbox 2293 3716 2440 3796; x_wconf 87' lang='lat' dir='ltr'><em>s(et)</em></span> <span class='ocrx_word' id='word_1_253' title='bbox 2491 3719 2766 3778; x_wconf 90' lang='lat' dir='ltr'><em>nominis</em></span> <span class='ocrx_word' id='word_1_254' title='bbox 2835 3718 3075 3779; x_wconf 90' lang='lat' dir='ltr'><em>habent</em></span> 
     </span>
     <span class='ocr_line' id='line_1_29' title="bbox 370 3830 3080 3913; baseline -0.001 -20"><span class='ocrx_word' id='word_1_255' title='bbox 370 3832 899 3913; x_wconf 84' lang='lat' dir='ltr'><em>magnitudinem,</em></span> <span class='ocrx_word' id='word_1_256' title='bbox 943 3842 1133 3911; x_wconf 90' lang='lat' dir='ltr'><em>prout</em></span> <span class='ocrx_word' id='word_1_257' title='bbox 1180 3833 1243 3891; x_wconf 93' lang='lat' dir='ltr'><em>in</em></span> <span class='ocrx_word' id='word_1_258' title='bbox 1292 3842 1514 3891; x_wconf 90' lang='lat' dir='ltr'><em>tenore</em></span> <span class='ocrx_word' id='word_1_259' title='bbox 1560 3831 1908 3891; x_wconf 89' lang='lat' dir='ltr'><em>litterarum</em></span> <span class='ocrx_word' id='word_1_260' title='bbox 1955 3830 2220 3908; x_wconf 89' lang='lat' dir='ltr'><em>predicti</em></span> <span class='ocrx_word' id='word_1_261' title='bbox 2261 3830 2408 3891; x_wconf 87' lang='lat' dir='ltr'><em>bani</em></span> <span class='ocrx_word' id='word_1_262' title='bbox 2445 3830 2718 3891; x_wconf 88' lang='lat' dir='ltr'><em>uidimus</em></span> <span class='ocrx_word' id='word_1_263' title='bbox 2750 3833 3080 3905; x_wconf 84' lang='lat' dir='ltr'><em>contineri,</em></span> 
     </span>
     <span class='ocr_line' id='line_1_30' title="bbox 369 3942 3076 4025; baseline -0.001 -20"><span class='ocrx_word' id='word_1_264' title='bbox 369 3945 677 4005; x_wconf 91' lang='lat' dir='ltr'><em>iamdicto</em></span> <span class='ocrx_word' id='word_1_265' title='bbox 722 3946 937 4006; x_wconf 88' lang='lat' dir='ltr'><em>comiti</em></span> <span class='ocrx_word' id='word_1_266' title='bbox 986 3942 1173 4006; x_wconf 89' lang='lat' dir='ltr'><em>Petro</em></span> <span class='ocrx_word' id='word_1_267' title='bbox 1234 3945 1592 4025; x_wconf 86' lang='lat' dir='ltr'><em>assignauit.</em></span> <span class='ocrx_word' id='word_1_268' title='bbox 1638 3942 1834 4005; x_wconf 89' lang='lat' dir='ltr'><em>Vnde</em></span> <span class='ocrx_word' id='word_1_269' title='bbox 1900 3942 2070 4004; x_wconf 91' lang='lat' dir='ltr'><em>idem</em></span> <span class='ocrx_word' id='word_1_270' title='bbox 2136 3961 2355 4004; x_wconf 87' lang='lat' dir='ltr'><em>comes</em></span> <span class='ocrx_word' id='word_1_271' title='bbox 2418 3944 2638 4004; x_wconf 89' lang='lat' dir='ltr'><em>Petrus</em></span> <span class='ocrx_word' id='word_1_272' title='bbox 2697 3944 3076 4023; x_wconf 89' lang='lat' dir='ltr'><em>supplicauit</em></span> 
     </span>
     <span class='ocr_line' id='line_1_31' title="bbox 371 4055 3079 4138; baseline -0.001 -20"><span class='ocrx_word' id='word_1_273' title='bbox 371 4058 577 4131; x_wconf 55' lang='lat' dir='ltr'><em>nobis</em></span> <span class='ocrx_word' id='word_1_274' title='bbox 609 4069 678 4117; x_wconf 89' lang='lat' dir='ltr'><em>ut</em></span> <span class='ocrx_word' id='word_1_275' title='bbox 708 4060 876 4137; x_wconf 89' lang='lat' dir='ltr'><em>ipsas</em></span> <span class='ocrx_word' id='word_1_276' title='bbox 906 4058 1245 4136; x_wconf 88' lang='lat' dir='ltr'><em>particulas</em></span> <span class='ocrx_word' id='word_1_277' title='bbox 1276 4068 1580 4118; x_wconf 88' lang='lat' dir='ltr'><em>terrarum</em></span> <span class='ocrx_word' id='word_1_278' title='bbox 1614 4056 2041 4135; x_wconf 90' lang='lat' dir='ltr'><em>predictarum</em></span> <span class='ocrx_word' id='word_1_279' title='bbox 2078 4067 2295 4117; x_wconf 90' lang='lat' dir='ltr'><em>nostro</em></span> <span class='ocrx_word' id='word_1_280' title='bbox 2321 4055 2727 4137; x_wconf 88' lang='lat' dir='ltr'><em>dignaremur</em></span> <span class='ocrx_word' id='word_1_281' title='bbox 2750 4057 3079 4138; x_wconf 90' lang='lat' dir='ltr'><em>priuilegio</em></span> 
     </span>
     <span class='ocr_line' id='line_1_32' title="bbox 370 4168 3083 4251; baseline 0 -21"><span class='ocrx_word' id='word_1_282' title='bbox 370 4169 767 4232; x_wconf 89' lang='lat' dir='ltr'><em>confirmare.</em></span> <span class='ocrx_word' id='word_1_283' title='bbox 814 4170 951 4231; x_wconf 90' lang='lat' dir='ltr'><em>Nos</em></span> <span class='ocrx_word' id='word_1_284' title='bbox 997 4172 1183 4251; x_wconf 90' lang='lat' dir='ltr'><em>igitur</em></span> <span class='ocrx_word' id='word_1_285' title='bbox 1226 4172 1419 4249; x_wconf 89' lang='lat' dir='ltr'><em>ipsius</em></span> <span class='ocrx_word' id='word_1_286' title='bbox 1462 4171 1846 4249; x_wconf 86' lang='lat' dir='ltr'><em>peticionem</em></span> <span class='ocrx_word' id='word_1_287' title='bbox 1896 4171 2128 4229; x_wconf 90' lang='lat' dir='ltr'><em>iustam</em></span> <span class='ocrx_word' id='word_1_288' title='bbox 2173 4169 2577 4230; x_wconf 89' lang='lat' dir='ltr'><em>attendentes</em></span> <span class='ocrx_word' id='word_1_289' title='bbox 2624 4171 2686 4229; x_wconf 90' lang='lat' dir='ltr'><em>in</em></span> <span class='ocrx_word' id='word_1_290' title='bbox 2734 4168 2854 4229; x_wconf 91' lang='lat' dir='ltr'><em>hac</em></span> <span class='ocrx_word' id='word_1_291' title='bbox 2897 4180 3083 4249; x_wconf 86' lang='lat' dir='ltr'><em>parte</em></span> 
     </span>
     <span class='ocr_line' id='line_1_33' title="bbox 370 4280 3077 4362; baseline -0.001 -17"><span class='ocrx_word' id='word_1_292' title='bbox 370 4284 634 4345; x_wconf 88' lang='lat' dir='ltr'><em>easdem</em></span> <span class='ocrx_word' id='word_1_293' title='bbox 659 4286 1036 4345; x_wconf 89' lang='lat' dir='ltr'><em>auctoritate</em></span> <span class='ocrx_word' id='word_1_294' title='bbox 1065 4286 1466 4362; x_wconf 88' lang='lat' dir='ltr'><em>presencium</em></span> <span class='ocrx_word' id='word_1_295' title='bbox 1498 4282 1955 4343; x_wconf 89' lang='lat' dir='ltr'><em>confirmamus</em></span> <span class='ocrx_word' id='word_1_296' title='bbox 1987 4284 2048 4342; x_wconf 89' lang='lat' dir='ltr'><em>in</em></span> <span class='ocrx_word' id='word_1_297' title='bbox 2081 4283 2273 4361; x_wconf 87' lang='lat' dir='ltr'><em>ipsius</em></span> <span class='ocrx_word' id='word_1_298' title='bbox 2296 4284 2547 4342; x_wconf 89' lang='lat' dir='ltr'><em>comitis</em></span> <span class='ocrx_word' id='word_1_299' title='bbox 2573 4280 2737 4342; x_wconf 90' lang='lat' dir='ltr'><em>Petri</em></span> <span class='ocrx_word' id='word_1_300' title='bbox 2771 4282 3077 4343; x_wconf 87' lang='lat' dir='ltr'><em>heredum</em></span> 
     </span>
     <span class='ocr_line' id='line_1_34' title="bbox 368 4394 3075 4475; baseline -0.001 -16"><span class='ocrx_word' id='word_1_301' title='bbox 368 4411 431 4459; x_wconf 89' lang='lat' dir='ltr'><em>et</em></span> <span class='ocrx_word' id='word_1_302' title='bbox 494 4416 935 4459; x_wconf 88' lang='lat' dir='ltr'><em>successorum</em></span> <span class='ocrx_word' id='word_1_303' title='bbox 997 4415 1259 4458; x_wconf 90' lang='lat' dir='ltr'><em>suorum</em></span> <span class='ocrx_word' id='word_1_304' title='bbox 1318 4408 1639 4475; x_wconf 89' lang='lat' dir='ltr'><em>potestate</em></span> <span class='ocrx_word' id='word_1_305' title='bbox 1714 4407 2027 4475; x_wconf 88' lang='lat' dir='ltr'><em>perpetuo</em></span> <span class='ocrx_word' id='word_1_306' title='bbox 2105 4394 2452 4455; x_wconf 80' lang='lat' dir='ltr'><em>duraturas</em></span> <span class='ocrx_word' id='word_1_307' title='bbox 2533 4394 2822 4473; x_wconf 83' lang='lat' dir='ltr'><em>Quarum</em></span> <span class='ocrx_word' id='word_1_308' title='bbox 2885 4397 3075 4456; x_wconf 87' lang='lat' dir='ltr'><em>etiam</em></span> 
     </span>
     <span class='ocr_line' id='line_1_35' title="bbox 370 4481 3074 4591; baseline -0.002 -18"><span class='ocrx_word' id='word_1_309' title='bbox 370 4522 563 4583; x_wconf 78' lang='lat' dir='ltr'><em>mete,</em></span> <span class='ocrx_word' id='word_1_310' title='bbox 606 4481 795 4590; x_wconf 80' lang='lat' dir='ltr'><em>prout</em></span> <span class='ocrx_word' id='word_1_311' title='bbox 827 4513 891 4571; x_wconf 90' lang='lat' dir='ltr'><em>in</em></span> <span class='ocrx_word' id='word_1_312' title='bbox 922 4512 1170 4589; x_wconf 90' lang='lat' dir='ltr'><em>scriptis</em></span> <span class='ocrx_word' id='word_1_313' title='bbox 1214 4510 1335 4570; x_wconf 85' lang='lat' dir='ltr'><em>sub</em></span> <span class='ocrx_word' id='word_1_314' title='bbox 1379 4509 1594 4591; x_wconf 86' lang='lat' dir='ltr'><em>sigillis</em></span> <span class='ocrx_word' id='word_1_315' title='bbox 1640 4508 1922 4570; x_wconf 88' lang='lat' dir='ltr'><em>iamdicti</em></span> <span class='ocrx_word' id='word_1_316' title='bbox 1955 4508 2228 4569; x_wconf 90' lang='lat' dir='ltr'><em>Rolandi</em></span> <span class='ocrx_word' id='word_1_317' title='bbox 2276 4508 2424 4568; x_wconf 91' lang='lat' dir='ltr'><em>bani</em></span> <span class='ocrx_word' id='word_1_318' title='bbox 2475 4518 2538 4568; x_wconf 89' lang='lat' dir='ltr'><em>et</em></span> <span class='ocrx_word' id='word_1_319' title='bbox 2569 4506 2879 4586; x_wconf 82' lang='lat' dir='ltr'><em>Stephani</em></span> <span class='ocrx_word' id='word_1_320' title='bbox 2926 4509 3074 4568; x_wconf 92' lang='lat' dir='ltr'><em>bani</em></span> 
     </span>
     <span class='ocr_line' id='line_1_36' title="bbox 369 4620 3077 4702; baseline -0.002 -17"><span class='ocrx_word' id='word_1_321' title='bbox 369 4626 669 4686; x_wconf 84' lang='lat' dir='ltr'><em>maritimi</em></span> <span class='ocrx_word' id='word_1_322' title='bbox 715 4623 901 4683; x_wconf 91' lang='lat' dir='ltr'><em>nobis</em></span> <span class='ocrx_word' id='word_1_323' title='bbox 944 4622 1227 4684; x_wconf 83' lang='lat' dir='ltr'><em>exhibite</em></span> <span class='ocrx_word' id='word_1_324' title='bbox 1274 4625 1641 4695; x_wconf 81' lang='lat' dir='ltr'><em>extiterunt,</em></span> <span class='ocrx_word' id='word_1_325' title='bbox 1687 4622 1811 4682; x_wconf 91' lang='lat' dir='ltr'><em>hoc</em></span> <span class='ocrx_word' id='word_1_326' title='bbox 1856 4622 2084 4683; x_wconf 89' lang='lat' dir='ltr'><em>ordine</em></span> <span class='ocrx_word' id='word_1_327' title='bbox 2129 4620 2574 4702; x_wconf 85' lang='lat' dir='ltr'><em>distinguntur.</em></span> <span class='ocrx_word' id='word_1_328' title='bbox 2624 4620 2850 4699; x_wconf 90' lang='lat' dir='ltr'><em>Incipit</em></span> <span class='ocrx_word' id='word_1_329' title='bbox 2905 4624 3077 4681; x_wconf 90' lang='lat' dir='ltr'><em>enim</em></span> 
     </span>
     <span class='ocr_line' id='line_1_37' title="bbox 368 4733 3078 4817; baseline -0.001 -19"><span class='ocrx_word' id='word_1_330' title='bbox 368 4741 574 4817; x_wconf 90' lang='lat' dir='ltr'><em>prima</em></span> <span class='ocrx_word' id='word_1_331' title='bbox 624 4747 795 4797; x_wconf 91' lang='lat' dir='ltr'><em>meta</em></span> <span class='ocrx_word' id='word_1_332' title='bbox 840 4748 1005 4797; x_wconf 87' lang='lat' dir='ltr'><em>terre</em></span> <span class='ocrx_word' id='word_1_333' title='bbox 1052 4736 1271 4817; x_wconf 85' lang='lat' dir='ltr'><em>Kazeg</em></span> <span class='ocrx_word' id='word_1_334' title='bbox 1316 4736 1399 4796; x_wconf 91' lang='lat' dir='ltr'><em>ab</em></span> <span class='ocrx_word' id='word_1_335' title='bbox 1443 4736 1708 4797; x_wconf 91' lang='lat' dir='ltr'><em>ecclesia</em></span> <span class='ocrx_word' id='word_1_336' title='bbox 1755 4738 1956 4796; x_wconf 88' lang='lat' dir='ltr'><em>sancti</em></span> <span class='ocrx_word' id='word_1_337' title='bbox 1997 4733 2304 4814; x_wconf 88' lang='lat' dir='ltr'><em>Johannis</em></span> <span class='ocrx_word' id='word_1_338' title='bbox 2345 4734 2660 4813; x_wconf 88' lang='lat' dir='ltr'><em>Baptiste;</em></span> <span class='ocrx_word' id='word_1_339' title='bbox 2707 4733 2856 4795; x_wconf 90' lang='lat' dir='ltr'><em>inde</em></span> <span class='ocrx_word' id='word_1_340' title='bbox 2901 4734 3078 4795; x_wconf 90' lang='lat' dir='ltr'><em>uadit</em></span> 
     </span>
     <span class='ocr_line' id='line_1_38' title="bbox 367 4847 3078 4931; baseline -0.002 -19"><span class='ocrx_word' id='word_1_341' title='bbox 367 4852 449 4913; x_wconf 89' lang='lat' dir='ltr'><em>ad</em></span> <span class='ocrx_word' id='word_1_342' title='bbox 496 4870 735 4931; x_wconf 90' lang='lat' dir='ltr'><em>aquam</em></span> <span class='ocrx_word' id='word_1_343' title='bbox 780 4852 931 4911; x_wconf 86' lang='lat' dir='ltr'><em>satis</em></span> <span class='ocrx_word' id='word_1_344' title='bbox 978 4867 1280 4931; x_wconf 88' lang='lat' dir='ltr'><em>magnam</em></span> <span class='ocrx_word' id='word_1_345' title='bbox 1326 4860 1391 4909; x_wconf 91' lang='lat' dir='ltr'><em>et</em></span> <span class='ocrx_word' id='word_1_346' title='bbox 1436 4847 1587 4909; x_wconf 90' lang='lat' dir='ltr'><em>inde</em></span> <span class='ocrx_word' id='word_1_347' title='bbox 1618 4848 1792 4909; x_wconf 90' lang='lat' dir='ltr'><em>uadit</em></span> <span class='ocrx_word' id='word_1_348' title='bbox 1839 4850 2127 4926; x_wconf 88' lang='lat' dir='ltr'><em>superius</em></span> <span class='ocrx_word' id='word_1_349' title='bbox 2173 4850 2348 4907; x_wconf 83' lang='lat' dir='ltr'><em>iuxta</em></span> <span class='ocrx_word' id='word_1_350' title='bbox 2396 4865 2649 4908; x_wconf 88' lang='lat' dir='ltr'><em>cursum</em></span> <span class='ocrx_word' id='word_1_351' title='bbox 2698 4847 2866 4907; x_wconf 91' lang='lat' dir='ltr'><em>dicte</em></span> <span class='ocrx_word' id='word_1_352' title='bbox 2911 4866 3078 4925; x_wconf 90' lang='lat' dir='ltr'><em>aque</em></span> 
     </span>
     <span class='ocr_line' id='line_1_39' title="bbox 368 4958 3078 5047; baseline -0.002 -22"><span class='ocrx_word' id='word_1_353' title='bbox 368 4979 429 5025; x_wconf 89' lang='lat' dir='ltr'><em>et</em></span> <span class='ocrx_word' id='word_1_354' title='bbox 476 4966 631 5025; x_wconf 90' lang='lat' dir='ltr'><em>satis</em></span> <span class='ocrx_word' id='word_1_355' title='bbox 675 4964 887 5047; x_wconf 86' lang='lat' dir='ltr'><em>longe,</em></span> <span class='ocrx_word' id='word_1_356' title='bbox 930 4961 1015 5023; x_wconf 89' lang='lat' dir='ltr'><em>ad</em></span> <span class='ocrx_word' id='word_1_357' title='bbox 1059 4965 1263 5040; x_wconf 91' lang='lat' dir='ltr'><em>ipsam</em></span> <span class='ocrx_word' id='word_1_358' title='bbox 1312 4980 1547 5039; x_wconf 89' lang='lat' dir='ltr'><em>aquam</em></span> <span class='ocrx_word' id='word_1_359' title='bbox 1594 4962 1784 5022; x_wconf 91' lang='lat' dir='ltr'><em>currit</em></span> <span class='ocrx_word' id='word_1_360' title='bbox 1830 4960 2111 5038; x_wconf 90' lang='lat' dir='ltr'><em>quedam</em></span> <span class='ocrx_word' id='word_1_361' title='bbox 2173 4978 2342 5040; x_wconf 88' lang='lat' dir='ltr'><em>aqua</em></span> <span class='ocrx_word' id='word_1_362' title='bbox 2390 4958 2668 5021; x_wconf 88' lang='lat' dir='ltr'><em>Zerchan</em></span> <span class='ocrx_word' id='word_1_363' title='bbox 2733 4971 2964 5021; x_wconf 91' lang='lat' dir='ltr'><em>uocata</em></span> <span class='ocrx_word' id='word_1_364' title='bbox 3012 4970 3078 5020; x_wconf 90' lang='lat' dir='ltr'><em>et</em></span> 
     </span>
     <span class='ocr_line' id='line_1_40' title="bbox 368 5072 3076 5155; baseline -0.003 -15"><span class='ocrx_word' id='word_1_365' title='bbox 368 5080 449 5140; x_wconf 89' lang='lat' dir='ltr'><em>ad</em></span> <span class='ocrx_word' id='word_1_366' title='bbox 497 5078 671 5139; x_wconf 87' lang='lat' dir='ltr'><em>illam</em></span> <span class='ocrx_word' id='word_1_367' title='bbox 718 5094 951 5155; x_wconf 88' lang='lat' dir='ltr'><em>aquam</em></span> <span class='ocrx_word' id='word_1_368' title='bbox 1000 5074 1280 5135; x_wconf 84' lang='lat' dir='ltr'><em>Zerchan</em></span> <span class='ocrx_word' id='word_1_369' title='bbox 1330 5074 1499 5135; x_wconf 88' lang='lat' dir='ltr'><em>cadit</em></span> <span class='ocrx_word' id='word_1_370' title='bbox 1547 5074 1808 5153; x_wconf 89' lang='lat' dir='ltr'><em>quidam</em></span> <span class='ocrx_word' id='word_1_371' title='bbox 1851 5092 2086 5152; x_wconf 89' lang='lat' dir='ltr'><em>paruus</em></span> <span class='ocrx_word' id='word_1_372' title='bbox 2131 5073 2367 5139; x_wconf 90' lang='lat' dir='ltr'><em>riuulus</em></span> <span class='ocrx_word' id='word_1_373' title='bbox 2411 5083 2477 5133; x_wconf 91' lang='lat' dir='ltr'><em>et</em></span> <span class='ocrx_word' id='word_1_374' title='bbox 2523 5073 2603 5132; x_wconf 88' lang='lat' dir='ltr'><em>ibi</em></span> <span class='ocrx_word' id='word_1_375' title='bbox 2652 5072 2736 5133; x_wconf 92' lang='lat' dir='ltr'><em>ad</em></span> <span class='ocrx_word' id='word_1_376' title='bbox 2781 5073 3076 5134; x_wconf 87' lang='lat' dir='ltr'><em>dextram</em></span> 
     </span>
    </p>
   </div>
  </div>
 </body>
</html>
