3797 5795
335 788 542 852 1257.
592 785 680 868 (ΙΙ
724 782 1111 868 Zaqrebu).

336 975 528 1039 Pred
581 973 987 1058 Tiburczjem
1033 982 1364 1058 §upanom
1427 973 1880 1060 zagrebao‘kt'm
1930 974 2319 1060 nagadjaju
2381 997 2451 1037 se
2509 974 2676 1037 nekz'
2724 974 3065 1060 podam‘cz'

1015 1088 1244 1174 gradez
1291 1089 1592 1172 Zagreba
1629 1087 1826 1172 gledc
1871 1087 2105 1171 zemlje
2158 1088 2363 1150 Luke.

513 1281 650 1342 Nos
695 1278 1058 1359 Tyburcius
1104 1280 1540 1362 Zagrabiensis
1586 1299 1806 1340 comcs
1851 1279 1936 1342 ad
1984 1283 2425 1341 uniuersorum
2475 1282 2777 1342 noticiam
2826 1282 3053 1343 harum

333 1397 494 1456 serie
564 1393 862 1454 uolumus
931 1395 1281 1472 peruenire,
1348 1392 1523 1469 quod
1590 1412 1739 1454 cum
1809 1392 2117 1474 Yandrag
2184 1405 2249 1454 et
2318 1393 2628 1456 Martinus
2688 1393 2851 1456 filius
2918 1397 3052 1456 eius

335 1507 684 1570 Karachun
754 1507 918 1568 filius
989 1505 1144 1567 Wlk
1208 1506 1583 1588 iobagiones
1645 1507 1831 1566 castri
1893 1506 2331 1587 Zagrabiensis
2393 1518 2455 1567 et
2517 1517 2653 1567 tota
2713 1511 3055 1588 generacio

329 1640 562 1683 eorum
631 1617 891 1682 Lucach
939 1629 1002 1679 et
1049 1619 1269 1679 fratres
1329 1638 1477 1680 suos
1547 1619 1710 1680 filios
1771 1619 2034 1698 Endrey
2102 1621 2354 1680 comitis
2398 1639 2517 1699 pro
2565 1631 2728 1681 terra
2792 1623 3055 1683 nomine

332 1732 566 1796 Lonka
631 1735 948 1794 existente
1010 1734 1188 1792 iuxta
1249 1731 1514 1794 fluuium
1561 1731 1758 1806 Odra,
1820 1733 1882 1792 in
1942 1742 2157 1793 nostra
2214 1735 2663 1794 conuenissent
2710 1737 3057 1811 presencia,

327 1866 612 1926 quorum
686 1849 1029 1908 terminum
1100 1847 1532 1924 responsionis
1599 1845 1955 1907 secundum
2024 1845 2557 1907 consuetudinem
2628 1848 3053 1926 approbatam

327 1959 534 2021 semel
615 1978 692 2020 ac
766 1959 1053 2021 secundo
1131 1977 1673 2040 prorogassemuS,
1747 1970 1967 2020 tamen
2038 1957 2121 2018 ad
2192 1959 2485 2021 ultimum
2554 1969 2901 2038 antequam
2970 1959 3055 2020 ad

330 2074 821 2154 responsionem
882 2084 1096 2152 partes
1154 2072 1538 2133 accederent
1581 2059 2101 2151 peremptoriamss
2146 2072 2229 2133 ad
2274 2074 2661 2151 peticionem
2708 2083 2771 2134 et
2820 2075 3056 2134 instan-

329 2188 500 2246 ciam
549 2186 817 2246 istorum
864 2185 1237 2265 proborum,
1278 2184 1570 2246 videlicet
1604 2184 1934 2264 Myrozlay
1980 2196 2045 2246 et
2092 2185 2408 2264 VVolizlay
2454 2187 2760 2246 terrestris
2804 2187 3056 2246 comitis

329 2301 530 2359 nostri
611 2299 812 2360 Borcii
894 2297 1228 2376 Menezlay
1297 2308 1361 2358 et
1433 2296 1684 2358 Martini
1764 2299 2033 2372 comitis,
2103 2317 2179 2358 ac
2246 2297 2513 2359 aliorum
2580 2297 3054 2377 quamplurium

325 2411 766 2491 supradictam
836 2430 1095 2472 causam
1142 2430 1260 2490 pro
1307 2421 1470 2472 terra
1518 2412 1647 2471 iam
1692 2410 1862 2470 dicta
1912 2413 2073 2470 inter
2118 2421 2330 2490 partes
2391 2422 2779 2472 memoratas
2846 2411 3050 2470 uenti-

329 2525 576 2585 lantem
622 2533 814 2603 prout
859 2525 1064 2585 eciam
1111 2524 1427 2584 ambabus
1473 2523 1709 2602 placuit
1769 2524 2059 2602 partibus
2120 2527 2442 2584 sentencie
2508 2523 2866 2584 eorundem
2912 2542 3037 2602 pac

329 2637 690 2698 dimisimus
751 2637 1115 2710 reformare,
1180 2637 1289 2715 qui
1356 2654 1516 2715 pace
1577 2637 1739 2696 inter
1799 2637 1971 2715 ipsos
2033 2636 2325 2697 ordinata
2369 2654 2497 2698 una
2552 2654 2699 2696 cum
2757 2621 3061 2715 partibus

329 2751 686 2829 prenotatis
730 2748 813 2810 ad
862 2759 1147 2810 nostram
1209 2751 1606 2828 presenciam
1676 2748 1998 2809 redierunt
2045 2758 2109 2810 et
2156 2748 2346 2809 iidem
2410 2748 2717 2831 Yandrag
2772 2760 2837 2810 et
2883 2748 3047 2810 filius

326 2865 467 2924 eius
513 2865 639 2924 iam
700 2861 908 2924 dictus
971 2861 1272 2924 Karacun
1319 2871 1382 2924 et
1429 2881 1656 2923 omnes
1717 2864 1975 2943 cognati
2036 2879 2257 2923 eorum
2320 2862 2750 2942 supradictam
2815 2873 3046 2924 terram

329 2978 684 3056 prenotatis
759 2975 900 3037 filiis
977 2974 1238 3054 Endrey
1307 2976 1559 3037 duabus
1627 2994 1878 3055 marcys
1946 2976 2031 3036 ab
2098 2975 2341 3037 eisdem
2416 2976 2672 3037 racione
2738 2978 2915 3054 pacis
2982 2985 3047 3037 et

323 3090 790 3151 conuencionis
835 3089 1106 3167 receptis
1135 3089 1272 3149 sine
1315 3088 1526 3169 aliqua
1571 3088 2087 3150 contradiccione
2132 3090 2508 3149 remiserunt
2556 3089 2687 3149 iure
2732 3099 3045 3168 perpetuo

332 3202 814 3281 possidendam,
876 3220 1001 3281 que
1057 3212 1221 3262 terra
1283 3211 1514 3262 uocata
1575 3200 1808 3262 Lonka
1865 3212 2058 3281 prout
2118 3222 2155 3262 a
2210 3202 2497 3281 partibus
2540 3200 2971 3262 intelleximus
3016 3221 3054 3261 a

336 3314 733 3375 meridionali
782 3325 846 3375 et
893 3314 1180 3376 orientali
1245 3314 1532 3394 partibus
1589 3316 1995 3395 contiguatur
2055 3326 2219 3375 terre
2264 3314 2635 3375 hereditarie
2695 3314 3049 3375 eorundem

335 3426 611 3488 filiorum
657 3426 938 3506 Endrey,
983 3427 1068 3488 ab
1112 3427 1449 3488 occidente
1496 3446 1650 3487 uero
1697 3437 1859 3488 terre
1906 3427 2293 3507 populorum
2326 3430 2435 3507 qui
2482 3427 2777 3489 dicuntur
2824 3425 3049 3505 Chehy

335 3550 785 3612 commetatur,
829 3560 868 3601 a
914 3539 1414 3619 septemtrionali
1461 3558 1616 3600 uero
1661 3550 1842 3619 parte
1887 3539 2116 3601 fluuius
2178 3543 2439 3601 nomine
2486 3538 2664 3602 Odra
2726 3524 3052 3621 distinguit

339 3664 577 3715 terram
648 3664 1092 3717 memoratem.
1164 3652 1254 3714 Vt
1323 3654 1508 3734 igitur
1585 3652 1768 3714 huius
1829 3655 1917 3713 rei
1984 3655 2176 3714 series
2252 3652 2686 3734 inrefragibilis
2752 3670 3053 3731 processu

339 3777 708 3846 temporum
755 3777 1129 3845 permaneat
1160 3776 1223 3827 et
1255 3767 1650 3840 inconcussa,
1696 3766 1936 3827 litteras
1982 3776 2231 3827 nostras
2262 3769 2457 3828 nostri
2490 3765 2669 3847 sigilli
2704 3765 3053 3826 munimine

339 3878 611 3939 hiisdem
659 3877 802 3939 filiis
848 3878 1108 3958 Endrey
1155 3879 1588 3939 concessimus
1648 3880 1997 3939 roboratas.
2060 3878 2402 3940 Pristaldus
2462 3878 2826 3940 Menezlaus
2874 3876 3055 3938 huius

339 4010 551 4053 cause.
597 3991 840 4052 Datum
888 3992 972 4052 ab
1017 3993 1464 4053 incarnacione
1510 3991 1754 4052 domini
1803 4010 1977 4052 anno
2026 3989 2403 4055 M⁰C⁰C⁰L⁰
2446 3992 2738 4071 septimo.

519 4184 586 4241 Iz
633 4185 921 4258 izvornog
965 4186 1273 4261 prg'jepisa
1340 4184 1638 4261 Stjepana
1699 4184 1866 4243 bana
1913 4186 1999 4242 od
2028 4199 2170 4259 goa.
2239 4188 2405 4241 1257.
2457 4205 2497 4242 u
2544 4184 2634 4241 kr.
2702 4204 2877 4259 ugar.
2924 4186 3048 4241 dra.

333 4287 568 4348 arkivu
616 4289 703 4347 M.
762 4289 832 4347 O.
883 4290 962 4346 l).
1007 4289 1080 4347 L.
1134 4292 1377 4348 3:2984.
1427 4290 1618 4347 Stura
1664 4290 1778 4363 seg.
1824 4289 1905 4346 Ν.
1958 4290 2027 4347 R.
2074 4289 2146 4347 A.
2178 4292 2353 4367 fasc.
2410 4293 2537 4349 135.
2587 4310 2680 4347 no.
2734 4293 2831 4347 22.

538 4394 782 4451 Wenzel
830 4394 972 4452 Cod.
1022 4394 1170 4471 dipl.
1237 4395 1454 4471 arpad.
1521 4395 1544 4451 Ῑ
1555 4394 1650 4451 'IL
1703 4396 1837 4450 462.
1889 4400 1919 4467 (
1920 4395 2046 4451 ima
2094 4394 2340 4468 regest).
2374 4428 2457 4436 —
2488 4394 2865 4471 Kukuljfflic'
2906 4396 3053 4465 Regu

332 4498 433 4556 br.
484 4502 521 4553 7
529 4502 623 4555 46.
673 4532 760 4540 —-
805 4497 1160 4556 Laszowskz·
1205 4498 1555 4575 §pontenici
1605 4498 1929 4575 Turopolja
1978 4498 2028 4556 l.
2078 4499 2327 4553 13--14,
