3797 5795
1794 403 1870 410 —
1934 367 2200 430 478-

636 559 906 638 pacifice
951 559 1445 639 possidendam;
1499 559 1840 639 sepedictis
1915 558 2268 630 DemetriO,
2330 556 2555 618 Marco
2601 574 2676 615 ae
2719 555 2850 615 aliis
2917 554 3361 632 suprascriptis

638 675 929 754 cognatis
990 691 1213 734 eorum
1275 691 1463 751 super
1524 672 1948 751 requisicione
2013 672 2206 749 ipsius
2251 673 2440 730 tercie
2487 670 2684 748 partis
2742 677 3121 747 perpetuum
3169 665 3360 726 silen-

641 786 814 846 cium
884 789 1281 864 inponentes
1341 796 1410 846 ut
1478 786 1786 846 conuictis
1833 786 1897 844 in
1952 784 2316 861 calumpnia
2370 781 2706 843 manifesta
2751 790 2815 840 et
2856 778 3190 841 Demetrio
3245 780 3356 839 uni

647 917 732 960 ex
777 898 1021 959 eisdem
1068 901 1174 977 qui
1238 901 1425 959 assari
1491 899 1770 959 debebat
1815 916 1936 976 pro
1984 894 2347 958 huiusmodi
2402 897 2528 957 litis
2598 892 3019 967 refricacione,
3064 892 3152 953 ad
3196 892 3360 970 peti-

646 1014 900 1072 cionem
934 1011 1289 1090 aliquorum
1323 1011 1641 1071 baronum
1675 1020 2042 1070 nostrorum
2091 1015 2426 1087 parcentes
2456 1015 2703 1086 partem
2751 1008 2974 1084 capitis
3003 1007 3096 1065 sui
3131 1004 3356 1064 abradi

647 1125 915 1185 fecimus
961 1127 1023 1184 in
1070 1126 1319 1205 signum
1367 1124 1659 1203 opprobii
1708 1134 1772 1183 et
1825 1126 2202 1183 memoriam
2262 1121 2544 1182 ulcionis,
2605 1120 2699 1180 Vt
2744 1121 2928 1200 igitur
2973 1118 3158 1178 huius
3202 1117 3353 1177 sacti

650 1239 844 1298 series
918 1248 1229 1316 perpetuo
1305 1248 1680 1316 permaneat
1748 1239 2146 1308 inconcussa,
2214 1254 2333 1295 nec
2401 1234 2600 1312 possit
2669 1251 2782 1311 per
2851 1233 3222 1310 quempiam
3291 1231 3360 1289 in

650 1361 979 1428 posterum
1030 1352 1263 1424 irritari,
1309 1359 1636 1429 presentes
1681 1349 1920 1409 litteras
1965 1350 2077 1427 ipsi
2128 1346 2416 1409 Abraam
2449 1357 2512 1408 et
2543 1345 2838 1406 fratribus
2885 1347 3010 1406 suis
3055 1342 3361 1422 predictis

652 1463 949 1523 dedimus
994 1463 1171 1544 sigilli
1221 1465 1416 1522 nostri
1467 1463 1819 1523 munimine
1864 1462 2213 1522 roboratas.
2259 1459 2502 1521 Datum
2547 1479 2662 1538 per
2707 1477 2932 1519 manus
2978 1455 3361 1518 venerabilis

654 1579 848 1655 pat-ris
917 1576 1241 1654 Ladyzlay
1312 1577 1595 1654 episcopi
1663 1574 2006 1654 Tyniensis
2072 1573 2218 1634 aule
2301 1583 2516 1634 nostre
2584 1572 2936 1633 cancellarii
3006 1569 3222 1630 dilecti
3293 1578 3362 1628 et

652 1690 858 1751 fidelis
904 1690 1119 1762 nostri,
1165 1707 1336 1749 anno
1382 1689 1466 1749 ab
1514 1689 1964 1750 incarnacione
2011 1688 2254 1748 domini
2302 1684 2739 1750 M⁰CC⁰LX⁰
2783 1695 3032 1745 octauo,

839 1879 1143 1954 Ortginal
1202 1901 1241 1937 u
1304 1880 1396 1936 kr.
1449 1900 1551 1954 ug.
1614 1881 1739 1937 dri.
1809 1879 2031 1936 arkivu
2095 1900 2136 1936 u
2182 1881 2494 1936 Budimu:
2551 1877 2691 1946 DL,
2745 1881 2876 1933 652.
2928 1876 3152 1949 (Stara
3197 1875 3364 1948 sign.

654 1985 739 2043 Af.
784 1987 862 2044 R.
910 1986 981 2042 A.
1014 1989 1192 2062 fasc.
1233 1988 1369 2041 503.
1421 2005 1514 2042 n0.
1552 1983 1678 2060 14.)
1728 1985 1892 2059 Stoji
1937 2005 1976 2041 u
2025 1985 2224 2058 zlalogu
2272 1993 2410 2058 toga
2458 1982 2680 2040 arkiva
2715 1983 2848 2058 pod
2885 1981 2974 2038 br.
3027 1986 3102 2038 11.
3136 2013 3218 2022 —
3253 1979 3366 2036 ινα

644 2090 859 2146 listinz‘
913 2090 1039 2146 visi
1080 2111 1113 2144 ο
1158 2091 1424 2164 svilenoj
1480 2090 1655 2146 vrvci
1712 2107 1934 2146 crvene
1995 2091 2022 2145 i
2076 2089 2282 2146 zelene
2345 2087 2476 2162 boje
2534 2085 2782 2160 okrugli
2837 2085 3108 2142 offtec'em'
3158 2087 3362 2160 peb'at.

648 2193 951 2268 Legenda
1013 2195 1345 2270 nec'itljiva.
1434 2194 1659 2268 Viay‘eti
1680 2195 1757 2269 je
1817 2192 2078 2250 kenture
2134 2192 2319 2267 konja
2335 2212 2359 2260 ‚·
2417 2201 2498 2267 po
2545 2199 2662 2247 tom
2689 2192 2767 2266 je
2811 2191 2906 2265 taj
2939 2192 3129 2264 pec'at
3177 2189 3370 2263 pred·

646 2298 920 2374 stavljao
980 2298 1244 2372 hercega
1306 2318 1389 2355 na
1453 2297 1656 2374 konyu.
1724 2331 1802 2340 -—
1869 2297 1978 2355 Na
2039 2297 2223 2374 hrptu
2285 2295 2497 2353 rukom
2561 2296 2695 2352 XV.
2739 2293 2944 2368 vijeka
2963 2314 2982 2350 .·
3043 2293 3373 2350 silencium

642 2403 920 2476 positum
968 2404 1033 2458 in
1075 2401 1477 2480 petitionibus
1504 2403 1795 2477 filiorum
1852 2403 1941 2459 Ba
1949 2401 2284 2458 rtlcolomei.

831 2507 1023 2582 Feje'r
1065 2506 1108 2564 I
1116 2507 1177 2574 V,
1232 2509 1286 2574 3,
1340 2509 1691 2562 474—475.
1747 2506 2298 2582 (fragmentarno).
2364 2536 2450 2544 —
2514 2503 2756 2561 Wenzel
2817 2501 2960 2560 cod.
3024 2501 3171 2577 dipl.
3219 2500 3375 2576 Arp.

646 2620 804 2668 cont.
882 2610 1051 2670 VIII.
1120 2612 1475 2666 203—204.
1526 2642 1613 2653 -
1658 2609 2040 2686 Κκὲκζίευίί
2079 2611 2227 2683 Reg.
2275 2629 2369 2666 no,
2422 2611 2553 2664 961.
2601 2609 2628 2664 i
2677 2610 2815 2664 962.

1920 2928 2114 3008 943.

667 3105 870 3169 1268.

675 3276 841 3337 Bela
901 3277 1136 3360 lterceg
1194 3276 1511 3339 hrvatskz‘
1559 3276 1958 3362 potvrdjuje
2021 3274 2394 3359 darovanje
2453 3294 2657 3359 svoga
2721 3295 2839 3335 oca
2901 3273 3126 3355 kralja
3191 3271 3380 3343 Bele,

757 3386 1081 3473 ucft'njeno
1127 3396 1381 3451 meitru
1440 3390 1503 3451 Τ
1493 3388 1636 3451 omi
1660 3388 1696 3452 τ’
1719 3388 1908 3452 brac‘i
1948 3387 2268 3473 njegovoj
2307 3410 2354 3450 u
2403 3394 2654 3472 opsegu
2691 3386 2918 3471 gradu
2950 3382 3286 3447 Kalm'ka.

842 3580 995 3641 Bela
1040 3581 1143 3641 dei
1188 3584 1397 3662 gracia
1444 3581 1579 3643 dux
1614 3584 1821 3643 tocius
1866 3578 2224 3653 Sclauonie,
2269 3579 2601 3641 Dalmacie
2648 3589 2711 3639 et
2760 3576 3024 3641 Croacie
3069 3577 3377 3638 omnibus

660 3694 896 3771 quibus
940 3705 1265 3772 presentes
1295 3695 1715 3756 ostenduntur
1759 3694 2031 3754 salutem
2061 3694 2128 3753 in
2159 3692 2426 3753 domino
2473 3694 2946 3771 sempiternam.
2979 3689 3088 3751 Ad
3121 3692 3378 3751 vniuer-

657 3824 880 3867 sorum
944 3810 1244 3867 noticiam
1305 3818 1527 3869 tenore
1572 3809 1973 3887 presencium
2033 3805 2332 3866 uolumus
2391 3807 2740 3883 peruenire,
2802 3803 2979 3882 quod
3023 3822 3171 3864 curn
3219 3815 3371 3882 post

658 3917 879 3981 diuine
938 3921 1191 3999 pietatis
1248 3919 1667 3981 clemenciam
1728 3930 1793 3981 et
1854 3930 2140 3979 nostram
2203 3920 2795 3996 emancipacionem
2856 3936 2970 3995 per
3033 3916 3378 3977 dominum

665 4028 889 4093 Belam
920 4052 1136 4113 regem
1166 4033 1496 4115 Hungarie
1521 4044 1768 4112 patrem
1804 4042 2094 4093 nostrum
2127 4029 2526 4092 karissimum
2557 4033 2842 4112 regimen
2877 4030 3146 4091 ducatus
3177 4032 3380 4090 nostri

656 4144 883 4225 adepti
930 4146 1283 4217 fuissemus
1329 4148 1629 4228 magister
1659 4144 1950 4207 Thomas
1994 4144 2316 4205 familiaris
2360 4155 2424 4204 et
2473 4143 2766 4222 specialis
2812 4145 3096 4204 notarius
3127 4143 3378 4204 domini

658 4260 830 4339 regis
875 4258 1184 4319 karissimi
1230 4260 1425 4338 patris
1471 4260 1671 4319 nostri
1718 4269 2005 4319 nostram
2051 4257 2276 4318 adiens
2319 4260 2717 4336 presenciam
2767 4257 2954 4316 nobis
2985 4256 3382 4335 explanauit‚

652 4372 843 4447 quod
890 4372 1063 4432 idem
1107 4371 1409 4433 dominus
1454 4391 1570 4433 rex
1618 4382 1799 4451 pater
1844 4380 2062 4431 noster
2107 4369 2473 4431 karissimus
2541 4379 2774 4431 terram
2821 4369 3151 4430 cuiusdam
3202 4368 3384 4429 ioba-

656 4483 873 4560 gionis
938 4486 1121 4545 castri
1192 4485 1273 4547 de
1341 4483 1627 4546 Kemluk
1694 4482 1930 4545 Bolesk
2001 4485 2264 4543 nomine
2332 4482 2702 4544 decedentis
2767 4485 2903 4543 sine
2955 4481 3210 4555 herede,
3281 4480 3373 4541 ob

657 4599 1339 4677 recompensacionem
1398 4599 1806 4659 seruiciorum
1873 4595 2164 4657 eiusdem
2222 4596 2774 4677 obsequiosorum,
2817 4614 2945 4676 que
3005 4596 3090 4656 ab
3150 4594 3377 4655 indole

654 4724 777 4769 sue
820 4712 1097 4789 puericie
1143 4709 1425 4791 diligenti
1474 4709 1686 4771 studio
1733 4720 1797 4771 et
1843 4708 2144 4788 prudenti
2211 4710 2796 4787 circumspeccione
2841 4708 3056 4769 eidem
3101 4708 3380 4769 domino

663 4824 797 4901 regi
842 4820 1172 4883 karissimo
1218 4825 1381 4901 patri
1442 4832 1664 4886 nostro
1731 4820 2002 4882 fideliter
2046 4821 2333 4882 exhibuit
2403 4820 2762 4897 indeffesse,
2806 4822 2922 4882 sibi
2971 4833 3036 4882 et
3081 4821 3386 4882 fratribus

664 4936 811 5007 suiS,
856 4934 1149 4997 videlicet
1196 4933 1654 5015 CrystophorO,
1694 4934 1988 5015 johanni,
2033 4934 2230 4995 Paulo
2275 4944 2340 4995 et
2387 4932 2738 5015 Stephan0‚
2782 4953 2860 4996 ac
2905 4935 3385 4997 successoribus

656 5048 1015 5109 eorundem
1066 5048 1148 5109 de
1194 5047 1594 5128 plenitudine
1643 5049 1855 5130 gracie
1906 5067 2018 5109 sue
2064 5048 2436 5109 contulisset
2506 5050 2882 5109 auctoritate
2930 5049 3022 5108 sui
3071 5048 3383 5129 priuilegii
