<?xml version="1.0" encoding="UTF-8"?>
<!DOCTYPE html PUBLIC "-//W3C//DTD XHTML 1.0 Transitional//EN"
    "http://www.w3.org/TR/xhtml1/DTD/xhtml1-transitional.dtd">
<html xmlns="http://www.w3.org/1999/xhtml" xml:lang="en" lang="en">
 <head>
  <title>
</title>
<meta http-equiv="Content-Type" content="text/html;charset=utf-8" />
  <meta name='ocr-system' content='tesseract 3.04.00' />
  <meta name='ocr-capabilities' content='ocr_page ocr_carea ocr_par ocr_line ocrx_word'/>
</head>
<body>
  <div class='ocr_page' id='page_1' title='image "./codexdiplomatic00umjegoog_0624.png"; bbox 0 0 3797 5795; ppageno 0'>
   <div class='ocr_carea' id='block_1_1' title="bbox 1502 392 1911 455">
    <p class='ocr_par' dir='ltr' id='par_1_1' title="bbox 1502 392 1911 455">
     <span class='ocr_line' id='line_1_1' title="bbox 1502 392 1911 455; baseline -0.002 0"><span class='ocrx_word' id='word_1_1' title='bbox 1502 392 1911 455; x_wconf 70' lang='lat'>-611—</span> 
     </span>
    </p>
   </div>
   <div class='ocr_carea' id='block_1_2' title="bbox 343 582 3063 5187">
    <p class='ocr_par' dir='ltr' id='par_1_2' title="bbox 343 582 3063 5187">
     <span class='ocr_line' id='line_1_2' title="bbox 343 582 3056 661; baseline 0 -19"><span class='ocrx_word' id='word_1_2' title='bbox 343 594 512 643; x_wconf 88' lang='lat' dir='ltr'>terra</span> <span class='ocrx_word' id='word_1_3' title='bbox 560 582 1030 655; x_wconf 83' lang='lat' dir='ltr'>Mozchenicha,</span> <span class='ocrx_word' id='word_1_4' title='bbox 1075 602 1114 642; x_wconf 91' lang='lat' dir='ltr'>a</span> <span class='ocrx_word' id='word_1_5' title='bbox 1161 582 1390 643; x_wconf 86' lang='lat' dir='ltr'>dextra</span> <span class='ocrx_word' id='word_1_6' title='bbox 1441 602 1591 643; x_wconf 86' lang='lat' dir='ltr'>uero</span> <span class='ocrx_word' id='word_1_7' title='bbox 1638 586 1963 661; x_wconf 79' lang='lat' dir='ltr'>emptori5‚</span> <span class='ocrx_word' id='word_1_8' title='bbox 2011 586 2161 646; x_wconf 90' lang='lat' dir='ltr'>inde</span> <span class='ocrx_word' id='word_1_9' title='bbox 2207 587 2517 646; x_wconf 86' lang='lat' dir='ltr'>transiens</span> <span class='ocrx_word' id='word_1_10' title='bbox 2564 583 2834 645; x_wconf 88' lang='lat' dir='ltr'>riuulum</span> <span class='ocrx_word' id='word_1_11' title='bbox 2882 586 3056 645; x_wconf 89' lang='lat' dir='ltr'>uenit</span> 
     </span>
     <span class='ocr_line' id='line_1_3' title="bbox 354 695 3055 781; baseline 0 -26"><span class='ocrx_word' id='word_1_12' title='bbox 354 696 438 755; x_wconf 91' lang='lat' dir='ltr'>ad</span> <span class='ocrx_word' id='word_1_13' title='bbox 485 706 780 755; x_wconf 89' lang='lat' dir='ltr'>truncum</span> <span class='ocrx_word' id='word_1_14' title='bbox 829 714 1028 755; x_wconf 88' lang='lat' dir='ltr'>unum</span> <span class='ocrx_word' id='word_1_15' title='bbox 1075 714 1261 755; x_wconf 91' lang='lat' dir='ltr'>cruce</span> <span class='ocrx_word' id='word_1_16' title='bbox 1291 698 1629 776; x_wconf 87' lang='lat' dir='ltr'>signatum,</span> <span class='ocrx_word' id='word_1_17' title='bbox 1661 699 1838 757; x_wconf 82' lang='lat' dir='ltr'>iuxta</span> <span class='ocrx_word' id='word_1_18' title='bbox 1883 708 2207 781; x_wconf 86' lang='lat' dir='ltr'>quemest</span> <span class='ocrx_word' id='word_1_19' title='bbox 2239 708 2409 757; x_wconf 89' lang='lat' dir='ltr'>meta</span> <span class='ocrx_word' id='word_1_20' title='bbox 2455 707 2676 770; x_wconf 89' lang='lat' dir='ltr'>terrea,</span> <span class='ocrx_word' id='word_1_21' title='bbox 2722 695 2870 757; x_wconf 90' lang='lat' dir='ltr'>inde</span> <span class='ocrx_word' id='word_1_22' title='bbox 2917 715 3055 757; x_wconf 88' lang='lat' dir='ltr'>uer-</span> 
     </span>
     <span class='ocr_line' id='line_1_4' title="bbox 349 808 3054 889; baseline 0 -21"><span class='ocrx_word' id='word_1_23' title='bbox 349 810 499 868; x_wconf 86' lang='lat' dir='ltr'>titur</span> <span class='ocrx_word' id='word_1_24' title='bbox 559 808 642 868; x_wconf 93' lang='lat' dir='ltr'>ad</span> <span class='ocrx_word' id='word_1_25' title='bbox 703 808 1104 868; x_wconf 87' lang='lat' dir='ltr'>occidentem</span> <span class='ocrx_word' id='word_1_26' title='bbox 1153 818 1216 868; x_wconf 89' lang='lat' dir='ltr'>et</span> <span class='ocrx_word' id='word_1_27' title='bbox 1265 810 1436 869; x_wconf 89' lang='lat' dir='ltr'>uenit</span> <span class='ocrx_word' id='word_1_28' title='bbox 1499 808 1582 868; x_wconf 89' lang='lat' dir='ltr'>ad</span> <span class='ocrx_word' id='word_1_29' title='bbox 1643 809 1939 869; x_wconf 84' lang='lat' dir='ltr'>arborem</span> <span class='ocrx_word' id='word_1_30' title='bbox 2002 812 2180 889; x_wconf 86' lang='lat' dir='ltr'>pomi</span> <span class='ocrx_word' id='word_1_31' title='bbox 2226 810 2543 883; x_wconf 75' lang='lat' dir='ltr'>siluest1·i3‚</span> <span class='ocrx_word' id='word_1_32' title='bbox 2604 810 2725 869; x_wconf 87' lang='lat' dir='ltr'>sub</span> <span class='ocrx_word' id='word_1_33' title='bbox 2787 828 2912 889; x_wconf 89' lang='lat' dir='ltr'>qua</span> <span class='ocrx_word' id='word_1_34' title='bbox 2959 820 3054 869; x_wconf 95' lang='lat' dir='ltr'>est</span> 
     </span>
     <span class='ocr_line' id='line_1_5' title="bbox 349 920 3055 1003; baseline 0 -21"><span class='ocrx_word' id='word_1_35' title='bbox 349 931 518 982; x_wconf 88' lang='lat' dir='ltr'>meta</span> <span class='ocrx_word' id='word_1_36' title='bbox 564 934 785 994; x_wconf 85' lang='lat' dir='ltr'>terrea,</span> <span class='ocrx_word' id='word_1_37' title='bbox 830 921 979 982; x_wconf 88' lang='lat' dir='ltr'>inde</span> <span class='ocrx_word' id='word_1_38' title='bbox 1026 920 1354 982; x_wconf 88' lang='lat' dir='ltr'>descendit</span> <span class='ocrx_word' id='word_1_39' title='bbox 1387 921 1469 981; x_wconf 92' lang='lat' dir='ltr'>ad</span> <span class='ocrx_word' id='word_1_40' title='bbox 1501 921 1796 981; x_wconf 83' lang='lat' dir='ltr'>arborem</span> <span class='ocrx_word' id='word_1_41' title='bbox 1830 933 2144 997; x_wconf 86' lang='lat' dir='ltr'>castanee,</span> <span class='ocrx_word' id='word_1_42' title='bbox 2175 924 2294 984; x_wconf 91' lang='lat' dir='ltr'>sub</span> <span class='ocrx_word' id='word_1_43' title='bbox 2326 942 2453 1003; x_wconf 88' lang='lat' dir='ltr'>qua</span> <span class='ocrx_word' id='word_1_44' title='bbox 2486 934 2581 983; x_wconf 90' lang='lat' dir='ltr'>est</span> <span class='ocrx_word' id='word_1_45' title='bbox 2615 937 2785 983; x_wconf 89' lang='lat' dir='ltr'>meta</span> <span class='ocrx_word' id='word_1_46' title='bbox 2832 931 3055 995; x_wconf 89' lang='lat' dir='ltr'>terrea,</span> 
     </span>
     <span class='ocr_line' id='line_1_6' title="bbox 346 1034 3055 1113; baseline 0 -20"><span class='ocrx_word' id='word_1_47' title='bbox 346 1034 592 1095; x_wconf 90' lang='lat' dir='ltr'>habens</span> <span class='ocrx_word' id='word_1_48' title='bbox 622 1055 659 1094; x_wconf 90' lang='lat' dir='ltr'>a</span> <span class='ocrx_word' id='word_1_49' title='bbox 690 1035 952 1095; x_wconf 82' lang='lat' dir='ltr'>sinistris</span> <span class='ocrx_word' id='word_1_50' title='bbox 998 1046 1230 1094; x_wconf 86' lang='lat' dir='ltr'>terram</span> <span class='ocrx_word' id='word_1_51' title='bbox 1281 1034 1735 1095; x_wconf 85' lang='lat' dir='ltr'>Mozchenicha</span> <span class='ocrx_word' id='word_1_52' title='bbox 1781 1046 1844 1095; x_wconf 89' lang='lat' dir='ltr'>et</span> <span class='ocrx_word' id='word_1_53' title='bbox 1891 1055 1929 1095; x_wconf 90' lang='lat' dir='ltr'>a</span> <span class='ocrx_word' id='word_1_54' title='bbox 1975 1035 2203 1097; x_wconf 88' lang='lat' dir='ltr'>dextra</span> <span class='ocrx_word' id='word_1_55' title='bbox 2250 1046 2483 1097; x_wconf 88' lang='lat' dir='ltr'>terram</span> <span class='ocrx_word' id='word_1_56' title='bbox 2518 1038 2857 1113; x_wconf 86' lang='lat' dir='ltr'>emptoris;</span> <span class='ocrx_word' id='word_1_57' title='bbox 2906 1035 3055 1095; x_wconf 90' lang='lat' dir='ltr'>inde</span> 
     </span>
     <span class='ocr_line' id='line_1_7' title="bbox 343 1147 3055 1225; baseline -0 -18"><span class='ocrx_word' id='word_1_58' title='bbox 343 1147 679 1207; x_wconf 88' lang='lat' dir='ltr'>descendit</span> <span class='ocrx_word' id='word_1_59' title='bbox 725 1150 788 1207; x_wconf 90' lang='lat' dir='ltr'>in</span> <span class='ocrx_word' id='word_1_60' title='bbox 838 1148 1002 1207; x_wconf 90' lang='lat' dir='ltr'>ualle</span> <span class='ocrx_word' id='word_1_61' title='bbox 1063 1148 1146 1206; x_wconf 93' lang='lat' dir='ltr'>ad</span> <span class='ocrx_word' id='word_1_62' title='bbox 1209 1148 1504 1207; x_wconf 86' lang='lat' dir='ltr'>arborem</span> <span class='ocrx_word' id='word_1_63' title='bbox 1575 1166 1830 1221; x_wconf 89' lang='lat' dir='ltr'>nucum,</span> <span class='ocrx_word' id='word_1_64' title='bbox 1886 1148 2005 1208; x_wconf 88' lang='lat' dir='ltr'>sub</span> <span class='ocrx_word' id='word_1_65' title='bbox 2071 1167 2196 1225; x_wconf 82' lang='lat' dir='ltr'>qua</span> <span class='ocrx_word' id='word_1_66' title='bbox 2258 1160 2351 1209; x_wconf 87' lang='lat' dir='ltr'>est</span> <span class='ocrx_word' id='word_1_67' title='bbox 2402 1160 2571 1209; x_wconf 89' lang='lat' dir='ltr'>meta</span> <span class='ocrx_word' id='word_1_68' title='bbox 2633 1160 2835 1208; x_wconf 91' lang='lat' dir='ltr'>terrea</span> <span class='ocrx_word' id='word_1_69' title='bbox 2882 1158 2945 1208; x_wconf 91' lang='lat' dir='ltr'>et</span> <span class='ocrx_word' id='word_1_70' title='bbox 2993 1148 3055 1206; x_wconf 91' lang='lat' dir='ltr'>in</span> 
     </span>
     <span class='ocr_line' id='line_1_8' title="bbox 353 1260 3055 1338; baseline -0 -18"><span class='ocrx_word' id='word_1_71' title='bbox 353 1260 581 1321; x_wconf 91' lang='lat' dir='ltr'>eadem</span> <span class='ocrx_word' id='word_1_72' title='bbox 645 1260 810 1321; x_wconf 84' lang='lat' dir='ltr'>ualle</span> <span class='ocrx_word' id='word_1_73' title='bbox 875 1260 1163 1338; x_wconf 85' lang='lat' dir='ltr'>procedit</span> <span class='ocrx_word' id='word_1_74' title='bbox 1209 1272 1272 1319; x_wconf 88' lang='lat' dir='ltr'>et</span> <span class='ocrx_word' id='word_1_75' title='bbox 1319 1262 1629 1320; x_wconf 87' lang='lat' dir='ltr'>transiens</span> <span class='ocrx_word' id='word_1_76' title='bbox 1690 1260 1963 1321; x_wconf 88' lang='lat' dir='ltr'>eandem</span> <span class='ocrx_word' id='word_1_77' title='bbox 2028 1264 2201 1322; x_wconf 89' lang='lat' dir='ltr'>uenit</span> <span class='ocrx_word' id='word_1_78' title='bbox 2248 1262 2331 1321; x_wconf 87' lang='lat' dir='ltr'>ad</span> <span class='ocrx_word' id='word_1_79' title='bbox 2378 1262 2673 1321; x_wconf 86' lang='lat' dir='ltr'>arborem</span> <span class='ocrx_word' id='word_1_80' title='bbox 2742 1270 3055 1333; x_wconf 85' lang='lat' dir='ltr'>castanee,</span> 
     </span>
     <span class='ocr_line' id='line_1_9' title="bbox 347 1369 3053 1456; baseline -0.001 -23"><span class='ocrx_word' id='word_1_81' title='bbox 347 1393 475 1451; x_wconf 89' lang='lat' dir='ltr'>que</span> <span class='ocrx_word' id='word_1_82' title='bbox 506 1385 602 1434; x_wconf 86' lang='lat' dir='ltr'>est</span> <span class='ocrx_word' id='word_1_83' title='bbox 638 1376 698 1433; x_wconf 89' lang='lat' dir='ltr'>in</span> <span class='ocrx_word' id='word_1_84' title='bbox 731 1374 926 1434; x_wconf 89' lang='lat' dir='ltr'>latere</span> <span class='ocrx_word' id='word_1_85' title='bbox 974 1374 1210 1433; x_wconf 87' lang='lat' dir='ltr'>montis</span> <span class='ocrx_word' id='word_1_86' title='bbox 1241 1392 1427 1434; x_wconf 87' lang='lat' dir='ltr'>cruce</span> <span class='ocrx_word' id='word_1_87' title='bbox 1458 1376 1770 1454; x_wconf 83' lang='lat' dir='ltr'>signatam</span> <span class='ocrx_word' id='word_1_88' title='bbox 1807 1369 2179 1456; x_wconf 80' lang='lat' dir='ltr'>h[abentem</span> <span class='ocrx_word' id='word_1_89' title='bbox 2212 1369 2461 1455; x_wconf 69' lang='lat' dir='ltr'>subtjus</span> <span class='ocrx_word' id='word_1_90' title='bbox 2494 1386 2731 1434; x_wconf 89' lang='lat' dir='ltr'>metam</span> <span class='ocrx_word' id='word_1_91' title='bbox 2782 1384 3053 1433; x_wconf 84' lang='lat' dir='ltr'>terream</span> 
     </span>
     <span class='ocr_line' id='line_1_10' title="bbox 349 1482 3054 1570; baseline 0 -25"><span class='ocrx_word' id='word_1_92' title='bbox 349 1534 784 1545; x_wconf 91' lang='grc'><strong>........</strong></span> <span class='ocrx_word' id='word_1_93' title='bbox 838 1482 1106 1569; x_wconf 86' lang='lat' dir='ltr'>[uer]sus</span> <span class='ocrx_word' id='word_1_94' title='bbox 1169 1482 1622 1570; x_wconf 71' lang='lat' dir='ltr'>[oc]cidentem</span> <span class='ocrx_word' id='word_1_95' title='bbox 1670 1490 1732 1546; x_wconf 91' lang='lat' dir='ltr'>in</span> <span class='ocrx_word' id='word_1_96' title='bbox 1783 1489 2067 1568; x_wconf 86' lang='lat' dir='ltr'>margine</span> <span class='ocrx_word' id='word_1_97' title='bbox 2130 1490 2365 1547; x_wconf 87' lang='lat' dir='ltr'>montis</span> <span class='ocrx_word' id='word_1_98' title='bbox 2434 1490 2541 1565; x_wconf 91' lang='lat' dir='ltr'>qui</span> <span class='ocrx_word' id='word_1_99' title='bbox 2604 1486 2781 1547; x_wconf 88' lang='lat' dir='ltr'>birch</span> <span class='ocrx_word' id='word_1_100' title='bbox 2828 1485 3054 1545; x_wconf 88' lang='lat' dir='ltr'>dicitur</span> 
     </span>
     <span class='ocr_line' id='line_1_11' title="bbox 349 1600 3053 1679; baseline -0.001 -20"><span class='ocrx_word' id='word_1_101' title='bbox 349 1602 528 1659; x_wconf 88' lang='lat' dir='ltr'>iuxta</span> <span class='ocrx_word' id='word_1_102' title='bbox 589 1600 848 1659; x_wconf 87' lang='lat' dir='ltr'>arbores</span> <span class='ocrx_word' id='word_1_103' title='bbox 893 1610 1352 1671; x_wconf 86' lang='lat' dir='ltr'>castanearum,</span> <span class='ocrx_word' id='word_1_104' title='bbox 1419 1618 1545 1677; x_wconf 90' lang='lat' dir='ltr'>que</span> <span class='ocrx_word' id='word_1_105' title='bbox 1609 1611 1943 1660; x_wconf 87' lang='lat' dir='ltr'>remanent</span> <span class='ocrx_word' id='word_1_106' title='bbox 1991 1602 2051 1659; x_wconf 91' lang='lat' dir='ltr'>in</span> <span class='ocrx_word' id='word_1_107' title='bbox 2101 1611 2265 1659; x_wconf 90' lang='lat' dir='ltr'>terra</span> <span class='ocrx_word' id='word_1_108' title='bbox 2313 1601 2620 1679; x_wconf 87' lang='lat' dir='ltr'>emptoris</span> <span class='ocrx_word' id='word_1_109' title='bbox 2668 1646 3053 1659; x_wconf 87' lang='grc'><strong>.......</strong></span> 
     </span>
     <span class='ocr_line' id='line_1_12' title="bbox 348 1707 3051 1794; baseline 0 -23"><span class='ocrx_word' id='word_1_110' title='bbox 348 1712 436 1772; x_wconf 93' lang='lat' dir='ltr'>ad</span> <span class='ocrx_word' id='word_1_111' title='bbox 483 1712 780 1771; x_wconf 90' lang='lat' dir='ltr'>arborem</span> <span class='ocrx_word' id='word_1_112' title='bbox 826 1724 1142 1787; x_wconf 89' lang='lat' dir='ltr'>castanee,</span> <span class='ocrx_word' id='word_1_113' title='bbox 1189 1714 1364 1773; x_wconf 80' lang='lat' dir='ltr'>iuxta</span> <span class='ocrx_word' id='word_1_114' title='bbox 1410 1732 1604 1791; x_wconf 88' lang='lat' dir='ltr'>quam</span> <span class='ocrx_word' id='word_1_115' title='bbox 1641 1724 1737 1773; x_wconf 90' lang='lat' dir='ltr'>est</span> <span class='ocrx_word' id='word_1_116' title='bbox 1771 1722 1943 1773; x_wconf 89' lang='lat' dir='ltr'>meta</span> <span class='ocrx_word' id='word_1_117' title='bbox 1976 1725 2195 1785; x_wconf 88' lang='lat' dir='ltr'>terrea,</span> <span class='ocrx_word' id='word_1_118' title='bbox 2225 1712 2373 1772; x_wconf 89' lang='lat' dir='ltr'>inde</span> <span class='ocrx_word' id='word_1_119' title='bbox 2421 1716 2593 1773; x_wconf 88' lang='lat' dir='ltr'>uenit</span> <span class='ocrx_word' id='word_1_120' title='bbox 2624 1712 2706 1773; x_wconf 92' lang='lat' dir='ltr'>ad</span> <span class='ocrx_word' id='word_1_121' title='bbox 2737 1707 3051 1794; x_wconf 89' lang='lat' dir='ltr'>pute[um]</span> 
     </span>
     <span class='ocr_line' id='line_1_13' title="bbox 350 1822 3053 1909; baseline 0 -25"><span class='ocrx_word' id='word_1_122' title='bbox 350 1872 852 1885; x_wconf 92' lang='grc'><strong>.........</strong></span> <span class='ocrx_word' id='word_1_123' title='bbox 903 1822 1239 1909; x_wconf 78' lang='lat' dir='ltr'>[margJine</span> <span class='ocrx_word' id='word_1_124' title='bbox 1303 1827 1538 1885; x_wconf 89' lang='lat' dir='ltr'>montis</span> <span class='ocrx_word' id='word_1_125' title='bbox 1608 1828 1781 1886; x_wconf 86' lang='lat' dir='ltr'>uenit</span> <span class='ocrx_word' id='word_1_126' title='bbox 1830 1826 1913 1885; x_wconf 84' lang='lat' dir='ltr'>ad</span> <span class='ocrx_word' id='word_1_127' title='bbox 1961 1825 2287 1885; x_wconf 90' lang='lat' dir='ltr'>cumulum</span> <span class='ocrx_word' id='word_1_128' title='bbox 2337 1826 2625 1904; x_wconf 90' lang='lat' dir='ltr'>lapidum</span> <span class='ocrx_word' id='word_1_129' title='bbox 2674 1874 2685 1885; x_wconf 95' lang='lat'>.</span> <span class='ocrx_word' id='word_1_130' title='bbox 2736 1875 2747 1885; x_wconf 92' lang='lat'>.</span> <span class='ocrx_word' id='word_1_131' title='bbox 2797 1874 2807 1885; x_wconf 95' lang='lat'><strong><em>.</em></strong></span> <span class='ocrx_word' id='word_1_132' title='bbox 2858 1874 2869 1884; x_wconf 92' lang='lat'>.</span> <span class='ocrx_word' id='word_1_133' title='bbox 2918 1874 2931 1885; x_wconf 85' lang='grc'><strong>.</strong></span> <span class='ocrx_word' id='word_1_134' title='bbox 2978 1872 2991 1885; x_wconf 93' lang='grc'><strong>.</strong></span> <span class='ocrx_word' id='word_1_135' title='bbox 3042 1873 3053 1884; x_wconf 94' lang='grc'><strong>.</strong></span> 
     </span>
     <span class='ocr_line' id='line_1_14' title="bbox 343 1938 3053 2001; baseline 0.001 -4"><span class='ocrx_word' id='word_1_136' title='bbox 343 1938 583 1999; x_wconf 88' lang='lat' dir='ltr'>deinde</span> <span class='ocrx_word' id='word_1_137' title='bbox 630 1939 962 2001; x_wconf 88' lang='lat' dir='ltr'>descendit</span> <span class='ocrx_word' id='word_1_138' title='bbox 1010 1940 1093 2001; x_wconf 92' lang='lat' dir='ltr'>ad</span> <span class='ocrx_word' id='word_1_139' title='bbox 1139 1940 1434 1999; x_wconf 85' lang='lat' dir='ltr'>arborem</span> <span class='ocrx_word' id='word_1_140' title='bbox 1482 1952 1781 1999; x_wconf 90' lang='lat' dir='ltr'>castanee</span> <span class='ocrx_word' id='word_1_141' title='bbox 1829 1986 2332 1998; x_wconf 90' lang='grc'><strong><em>.........</em></strong></span> <span class='ocrx_word' id='word_1_142' title='bbox 2380 1951 2403 1998; x_wconf 89' lang='lat' dir='ltr'>t</span> <span class='ocrx_word' id='word_1_143' title='bbox 2454 1988 2465 1998; x_wconf 93' lang='lat'>.</span> <span class='ocrx_word' id='word_1_144' title='bbox 2514 1988 2524 1998; x_wconf 95' lang='lat'><em>.</em></span> <span class='ocrx_word' id='word_1_145' title='bbox 2572 1942 2635 1999; x_wconf 89' lang='lat' dir='ltr'>in</span> <span class='ocrx_word' id='word_1_146' title='bbox 2684 1939 2919 2000; x_wconf 89' lang='lat' dir='ltr'>uallem</span> <span class='ocrx_word' id='word_1_147' title='bbox 2969 1939 3053 1999; x_wconf 90' lang='lat' dir='ltr'>ad</span> 
     </span>
     <span class='ocr_line' id='line_1_15' title="bbox 349 2048 3054 2136; baseline 0 -24"><span class='ocrx_word' id='word_1_148' title='bbox 349 2055 552 2113; x_wconf 85' lang='lat' dir='ltr'>riuum</span> <span class='ocrx_word' id='word_1_149' title='bbox 623 2052 1098 2126; x_wconf 89' lang='lat' dir='ltr'>Mozchenicha,</span> <span class='ocrx_word' id='word_1_150' title='bbox 1146 2054 1292 2113; x_wconf 89' lang='lat' dir='ltr'>inde</span> <span class='ocrx_word' id='word_1_151' title='bbox 1354 2054 1638 2113; x_wconf 88' lang='lat' dir='ltr'>ascendit</span> <span class='ocrx_word' id='word_1_152' title='bbox 1703 2055 1764 2111; x_wconf 90' lang='lat' dir='ltr'>in</span> <span class='ocrx_word' id='word_1_153' title='bbox 1822 2053 2056 2112; x_wconf 90' lang='lat' dir='ltr'>eodem</span> <span class='ocrx_word' id='word_1_154' title='bbox 2107 2100 2608 2112; x_wconf 92' lang='grc'><strong>.........</strong></span> <span class='ocrx_word' id='word_1_155' title='bbox 2661 2048 2811 2136; x_wconf 85' lang='lat' dir='ltr'>[vbi]</span> <span class='ocrx_word' id='word_1_156' title='bbox 2863 2053 3054 2113; x_wconf 90' lang='lat' dir='ltr'>habet</span> 
     </span>
     <span class='ocr_line' id='line_1_16' title="bbox 351 2164 3054 2245; baseline 0 -20"><span class='ocrx_word' id='word_1_157' title='bbox 351 2166 514 2226; x_wconf 92' lang='lat' dir='ltr'>duas</span> <span class='ocrx_word' id='word_1_158' title='bbox 577 2178 779 2226; x_wconf 90' lang='lat' dir='ltr'>metas</span> <span class='ocrx_word' id='word_1_159' title='bbox 842 2178 1095 2240; x_wconf 81' lang='lat' dir='ltr'>terreaS‚</span> <span class='ocrx_word' id='word_1_160' title='bbox 1145 2186 1414 2245; x_wconf 89' lang='lat' dir='ltr'>quarum</span> <span class='ocrx_word' id='word_1_161' title='bbox 1478 2185 1604 2227; x_wconf 88' lang='lat' dir='ltr'>una</span> <span class='ocrx_word' id='word_1_162' title='bbox 1671 2176 1765 2225; x_wconf 89' lang='lat' dir='ltr'>est</span> <span class='ocrx_word' id='word_1_163' title='bbox 1812 2167 1874 2225; x_wconf 89' lang='lat' dir='ltr'>in</span> <span class='ocrx_word' id='word_1_164' title='bbox 1924 2177 2089 2225; x_wconf 89' lang='lat' dir='ltr'>terra</span> <span class='ocrx_word' id='word_1_165' title='bbox 2136 2164 2593 2226; x_wconf 83' lang='lat' dir='ltr'>Mozchenicha</span> <span class='ocrx_word' id='word_1_166' title='bbox 2639 2178 2700 2225; x_wconf 90' lang='lat' dir='ltr'>et</span> <span class='ocrx_word' id='word_1_167' title='bbox 2747 2167 2944 2227; x_wconf 86' lang='lat' dir='ltr'>altera</span> <span class='ocrx_word' id='word_1_168' title='bbox 2990 2169 3054 2226; x_wconf 92' lang='lat' dir='ltr'>in</span> 
     </span>
     <span class='ocr_line' id='line_1_17' title="bbox 350 2274 3054 2361; baseline 0 -24"><span class='ocrx_word' id='word_1_169' title='bbox 350 2289 516 2338; x_wconf 88' lang='lat' dir='ltr'>terra</span> <span class='ocrx_word' id='word_1_170' title='bbox 578 2281 902 2357; x_wconf 86' lang='lat' dir='ltr'>emptoris,</span> <span class='ocrx_word' id='word_1_171' title='bbox 964 2280 1113 2339; x_wconf 92' lang='lat' dir='ltr'>inde</span> <span class='ocrx_word' id='word_1_172' title='bbox 1174 2274 1510 2361; x_wconf 79' lang='lat' dir='ltr'>as[cendit]</span> <span class='ocrx_word' id='word_1_173' title='bbox 1563 2326 2066 2337; x_wconf 92' lang='grc'><strong>.........</strong></span> <span class='ocrx_word' id='word_1_174' title='bbox 2116 2277 2198 2337; x_wconf 89' lang='lat' dir='ltr'>ad</span> <span class='ocrx_word' id='word_1_175' title='bbox 2262 2288 2500 2338; x_wconf 89' lang='lat' dir='ltr'>metam</span> <span class='ocrx_word' id='word_1_176' title='bbox 2571 2290 2860 2353; x_wconf 87' lang='lat' dir='ltr'>terream,</span> <span class='ocrx_word' id='word_1_177' title='bbox 2905 2279 3054 2339; x_wconf 90' lang='lat' dir='ltr'>inde</span> 
     </span>
     <span class='ocr_line' id='line_1_18' title="bbox 347 2391 3053 2472; baseline 0 -22"><span class='ocrx_word' id='word_1_178' title='bbox 347 2392 641 2452; x_wconf 88' lang='lat' dir='ltr'>ascendit</span> <span class='ocrx_word' id='word_1_179' title='bbox 709 2411 928 2452; x_wconf 89' lang='lat' dir='ltr'>uersus</span> <span class='ocrx_word' id='word_1_180' title='bbox 997 2392 1398 2453; x_wconf 88' lang='lat' dir='ltr'>occidentem</span> <span class='ocrx_word' id='word_1_181' title='bbox 1464 2391 1544 2451; x_wconf 83' lang='lat' dir='ltr'>ad</span> <span class='ocrx_word' id='word_1_182' title='bbox 1610 2409 1911 2472; x_wconf 88' lang='lat' dir='ltr'>magnam</span> <span class='ocrx_word' id='word_1_183' title='bbox 1962 2394 2148 2463; x_wconf 85' lang='lat' dir='ltr'>uiam,</span> <span class='ocrx_word' id='word_1_184' title='bbox 2219 2393 2395 2451; x_wconf 85' lang='lat' dir='ltr'>iuxta</span> <span class='ocrx_word' id='word_1_185' title='bbox 2465 2412 2655 2472; x_wconf 88' lang='lat' dir='ltr'>quam</span> <span class='ocrx_word' id='word_1_186' title='bbox 2728 2402 2821 2452; x_wconf 89' lang='lat' dir='ltr'>est</span> <span class='ocrx_word' id='word_1_187' title='bbox 2885 2403 3053 2452; x_wconf 89' lang='lat' dir='ltr'>meta</span> 
     </span>
     <span class='ocr_line' id='line_1_19' title="bbox 348 2501 3055 2589; baseline 0 -25"><span class='ocrx_word' id='word_1_188' title='bbox 348 2516 570 2579; x_wconf 90' lang='lat' dir='ltr'>terrea,</span> <span class='ocrx_word' id='word_1_189' title='bbox 616 2501 813 2589; x_wconf 87' lang='lat' dir='ltr'>i[nde]</span> <span class='ocrx_word' id='word_1_190' title='bbox 865 2508 1174 2567; x_wconf 89' lang='lat' dir='ltr'>transiens</span> <span class='ocrx_word' id='word_1_191' title='bbox 1221 2510 1424 2585; x_wconf 88' lang='lat' dir='ltr'>ipsam</span> <span class='ocrx_word' id='word_1_192' title='bbox 1469 2505 1760 2585; x_wconf 88' lang='lat' dir='ltr'>procedit</span> <span class='ocrx_word' id='word_1_193' title='bbox 1822 2506 2042 2567; x_wconf 85' lang='lat' dir='ltr'>adhuc</span> <span class='ocrx_word' id='word_1_194' title='bbox 2090 2525 2306 2567; x_wconf 86' lang='lat' dir='ltr'>uersus</span> <span class='ocrx_word' id='word_1_195' title='bbox 2353 2505 2755 2566; x_wconf 90' lang='lat' dir='ltr'>occidentem</span> <span class='ocrx_word' id='word_1_196' title='bbox 2787 2518 2850 2565; x_wconf 87' lang='lat' dir='ltr'>et</span> <span class='ocrx_word' id='word_1_197' title='bbox 2882 2506 3055 2566; x_wconf 90' lang='lat' dir='ltr'>uenit</span> 
     </span>
     <span class='ocr_line' id='line_1_20' title="bbox 349 2618 2929 2699; baseline 0 -22"><span class='ocrx_word' id='word_1_198' title='bbox 349 2618 436 2678; x_wconf 91' lang='lat' dir='ltr'>ad</span> <span class='ocrx_word' id='word_1_199' title='bbox 483 2618 771 2679; x_wconf 85' lang='lat' dir='ltr'>fruticem</span> <span class='ocrx_word' id='word_1_200' title='bbox 837 2620 1051 2679; x_wconf 88' lang='lat' dir='ltr'>harozt</span> <span class='ocrx_word' id='word_1_201' title='bbox 1098 2620 1216 2681; x_wconf 88' lang='lat' dir='ltr'>sub</span> <span class='ocrx_word' id='word_1_202' title='bbox 1262 2640 1393 2699; x_wconf 90' lang='lat' dir='ltr'>quo</span> <span class='ocrx_word' id='word_1_203' title='bbox 1439 2636 1532 2679; x_wconf 85' lang='lat' dir='ltr'>est</span> <span class='ocrx_word' id='word_1_204' title='bbox 1581 2631 1750 2679; x_wconf 86' lang='lat' dir='ltr'>meta</span> <span class='ocrx_word' id='word_1_205' title='bbox 1812 2629 2034 2693; x_wconf 88' lang='lat' dir='ltr'>terrea,</span> <span class='ocrx_word' id='word_1_206' title='bbox 2082 2620 2229 2680; x_wconf 91' lang='lat' dir='ltr'>inde</span> <span class='ocrx_word' id='word_1_207' title='bbox 2291 2622 2465 2681; x_wconf 90' lang='lat' dir='ltr'>uenit</span> <span class='ocrx_word' id='word_1_208' title='bbox 2510 2619 2594 2679; x_wconf 92' lang='lat' dir='ltr'>ad</span> <span class='ocrx_word' id='word_1_209' title='bbox 2640 2620 2929 2679; x_wconf 85' lang='lat' dir='ltr'>fruticem</span> 
     </span>
     <span class='ocr_line' id='line_1_21' title="bbox 356 2732 3055 2811; baseline -0.001 -18"><span class='ocrx_word' id='word_1_210' title='bbox 356 2778 733 2793; x_wconf 92' lang='grc'><strong>.......</strong></span> <span class='ocrx_word' id='word_1_211' title='bbox 785 2735 908 2791; x_wconf 90' lang='lat' dir='ltr'>iam</span> <span class='ocrx_word' id='word_1_212' title='bbox 952 2734 1120 2792; x_wconf 87' lang='lat' dir='ltr'>uiam</span> <span class='ocrx_word' id='word_1_213' title='bbox 1154 2752 1278 2811; x_wconf 89' lang='lat' dir='ltr'>que</span> <span class='ocrx_word' id='word_1_214' title='bbox 1311 2732 1482 2792; x_wconf 90' lang='lat' dir='ltr'>ducit</span> <span class='ocrx_word' id='word_1_215' title='bbox 1517 2735 1577 2792; x_wconf 88' lang='lat' dir='ltr'>in</span> <span class='ocrx_word' id='word_1_216' title='bbox 1613 2732 1931 2793; x_wconf 86' lang='lat' dir='ltr'>Petrinam</span> <span class='ocrx_word' id='word_1_217' title='bbox 1980 2734 2193 2811; x_wconf 92' lang='lat' dir='ltr'>ibique</span> <span class='ocrx_word' id='word_1_218' title='bbox 2242 2735 2549 2794; x_wconf 86' lang='lat' dir='ltr'>uicinatur</span> <span class='ocrx_word' id='word_1_219' title='bbox 2595 2742 2757 2791; x_wconf 88' lang='lat' dir='ltr'>terre</span> <span class='ocrx_word' id='word_1_220' title='bbox 2805 2732 3055 2791; x_wconf 89' lang='lat' dir='ltr'>abbatis</span> 
     </span>
     <span class='ocr_line' id='line_1_22' title="bbox 351 2844 3056 2926; baseline 0 -22"><span class='ocrx_word' id='word_1_221' title='bbox 351 2844 438 2904; x_wconf 89' lang='lat' dir='ltr'>de</span> <span class='ocrx_word' id='word_1_222' title='bbox 481 2844 768 2924; x_wconf 88' lang='lat' dir='ltr'>Toplica,</span> <span class='ocrx_word' id='word_1_223' title='bbox 813 2846 961 2906; x_wconf 87' lang='lat' dir='ltr'>inde</span> <span class='ocrx_word' id='word_1_224' title='bbox 1023 2846 1242 2906; x_wconf 87' lang='lat' dir='ltr'>transit</span> <span class='ocrx_word' id='word_1_225' title='bbox 1305 2865 1418 2926; x_wconf 89' lang='lat' dir='ltr'>per</span> <span class='ocrx_word' id='word_1_226' title='bbox 1479 2845 1692 2906; x_wconf 86' lang='lat' dir='ltr'>locum</span> <span class='ocrx_word' id='word_1_227' title='bbox 1740 2847 1848 2925; x_wconf 90' lang='lat' dir='ltr'>qui</span> <span class='ocrx_word' id='word_1_228' title='bbox 1896 2845 2123 2907; x_wconf 88' lang='lat' dir='ltr'>dicitur</span> <span class='ocrx_word' id='word_1_229' title='bbox 2169 2846 2341 2907; x_wconf 89' lang='lat' dir='ltr'>birch</span> <span class='ocrx_word' id='word_1_230' title='bbox 2389 2845 2473 2906; x_wconf 92' lang='lat' dir='ltr'>ad</span> <span class='ocrx_word' id='word_1_231' title='bbox 2521 2846 2815 2906; x_wconf 89' lang='lat' dir='ltr'>arborem</span> <span class='ocrx_word' id='word_1_232' title='bbox 2862 2846 3056 2924; x_wconf 90' lang='lat' dir='ltr'>pomi,</span> 
     </span>
     <span class='ocr_line' id='line_1_23' title="bbox 353 2957 3058 3037; baseline 0 -21"><span class='ocrx_word' id='word_1_233' title='bbox 353 2957 476 3018; x_wconf 89' lang='lat' dir='ltr'>sub</span> <span class='ocrx_word' id='word_1_234' title='bbox 523 2976 648 3036; x_wconf 92' lang='lat' dir='ltr'>qua</span> <span class='ocrx_word' id='word_1_235' title='bbox 696 2970 789 3020; x_wconf 87' lang='lat' dir='ltr'>est</span> <span class='ocrx_word' id='word_1_236' title='bbox 837 2971 1008 3020; x_wconf 89' lang='lat' dir='ltr'>meta</span> <span class='ocrx_word' id='word_1_237' title='bbox 1071 2971 1270 3019; x_wconf 87' lang='lat' dir='ltr'>terrea</span> <span class='ocrx_word' id='word_1_238' title='bbox 1334 2962 1510 3019; x_wconf 83' lang='lat' dir='ltr'>iuxta</span> <span class='ocrx_word' id='word_1_239' title='bbox 1572 2961 1762 3032; x_wconf 90' lang='lat' dir='ltr'>uiam,</span> <span class='ocrx_word' id='word_1_240' title='bbox 1809 2979 1922 3037; x_wconf 89' lang='lat' dir='ltr'>per</span> <span class='ocrx_word' id='word_1_241' title='bbox 1986 2961 2258 3020; x_wconf 85' lang='lat' dir='ltr'>eandem</span> <span class='ocrx_word' id='word_1_242' title='bbox 2325 2963 2493 3020; x_wconf 89' lang='lat' dir='ltr'>uiam</span> <span class='ocrx_word' id='word_1_243' title='bbox 2550 2960 2723 3019; x_wconf 89' lang='lat' dir='ltr'>uenit</span> <span class='ocrx_word' id='word_1_244' title='bbox 2769 2957 2851 3016; x_wconf 90' lang='lat' dir='ltr'>ad</span> <span class='ocrx_word' id='word_1_245' title='bbox 2898 2957 3058 3018; x_wconf 89' lang='lat' dir='ltr'>duas</span> 
     </span>
     <span class='ocr_line' id='line_1_24' title="bbox 356 3072 3063 3152; baseline 0.001 -23"><span class='ocrx_word' id='word_1_246' title='bbox 356 3081 560 3130; x_wconf 89' lang='lat' dir='ltr'>metas</span> <span class='ocrx_word' id='word_1_247' title='bbox 620 3083 872 3142; x_wconf 85' lang='lat' dir='ltr'>terreas,</span> <span class='ocrx_word' id='word_1_248' title='bbox 918 3092 1186 3152; x_wconf 87' lang='lat' dir='ltr'>quarum</span> <span class='ocrx_word' id='word_1_249' title='bbox 1250 3075 1496 3133; x_wconf 87' lang='lat' dir='ltr'>sinistra</span> <span class='ocrx_word' id='word_1_250' title='bbox 1545 3083 1640 3132; x_wconf 86' lang='lat' dir='ltr'>est</span> <span class='ocrx_word' id='word_1_251' title='bbox 1685 3075 1937 3133; x_wconf 88' lang='lat' dir='ltr'>abbatis</span> <span class='ocrx_word' id='word_1_252' title='bbox 1983 3073 2064 3132; x_wconf 88' lang='lat' dir='ltr'>de</span> <span class='ocrx_word' id='word_1_253' title='bbox 2109 3073 2379 3150; x_wconf 89' lang='lat' dir='ltr'>Toplica</span> <span class='ocrx_word' id='word_1_254' title='bbox 2443 3072 2669 3134; x_wconf 83' lang='lat' dir='ltr'>dextra</span> <span class='ocrx_word' id='word_1_255' title='bbox 2718 3074 3063 3151; x_wconf 89' lang='lat' dir='ltr'>emptoris;</span> 
     </span>
     <span class='ocr_line' id='line_1_25' title="bbox 355 3182 3055 3266; baseline 0.001 -24"><span class='ocrx_word' id='word_1_256' title='bbox 355 3182 590 3243; x_wconf 88' lang='lat' dir='ltr'>deinde</span> <span class='ocrx_word' id='word_1_257' title='bbox 657 3185 989 3244; x_wconf 87' lang='lat' dir='ltr'>descendit</span> <span class='ocrx_word' id='word_1_258' title='bbox 1055 3205 1170 3263; x_wconf 87' lang='lat' dir='ltr'>per</span> <span class='ocrx_word' id='word_1_259' title='bbox 1237 3204 1542 3266; x_wconf 89' lang='lat' dir='ltr'>magnum</span> <span class='ocrx_word' id='word_1_260' title='bbox 1613 3189 1900 3265; x_wconf 87' lang='lat' dir='ltr'>spacium</span> <span class='ocrx_word' id='word_1_261' title='bbox 1971 3205 2187 3245; x_wconf 89' lang='lat' dir='ltr'>uersus</span> <span class='ocrx_word' id='word_1_262' title='bbox 2254 3185 2583 3245; x_wconf 88' lang='lat' dir='ltr'>meridiem</span> <span class='ocrx_word' id='word_1_263' title='bbox 2648 3186 2731 3246; x_wconf 91' lang='lat' dir='ltr'>ad</span> <span class='ocrx_word' id='word_1_264' title='bbox 2794 3196 3055 3264; x_wconf 90' lang='lat' dir='ltr'>puteum</span> 
     </span>
     <span class='ocr_line' id='line_1_26' title="bbox 353 3293 3058 3376; baseline 0 -19"><span class='ocrx_word' id='word_1_265' title='bbox 353 3293 606 3357; x_wconf 87' lang='lat' dir='ltr'>Chudin</span> <span class='ocrx_word' id='word_1_266' title='bbox 669 3297 752 3357; x_wconf 90' lang='lat' dir='ltr'>ad</span> <span class='ocrx_word' id='word_1_267' title='bbox 821 3297 980 3357; x_wconf 87' lang='lat' dir='ltr'>duas</span> <span class='ocrx_word' id='word_1_268' title='bbox 1051 3309 1254 3358; x_wconf 89' lang='lat' dir='ltr'>metas</span> <span class='ocrx_word' id='word_1_269' title='bbox 1323 3308 1557 3358; x_wconf 89' lang='lat' dir='ltr'>terreas</span> <span class='ocrx_word' id='word_1_270' title='bbox 1625 3317 1820 3359; x_wconf 89' lang='lat' dir='ltr'>unam</span> <span class='ocrx_word' id='word_1_271' title='bbox 1886 3299 2137 3358; x_wconf 84' lang='lat' dir='ltr'>abbatis</span> <span class='ocrx_word' id='word_1_272' title='bbox 2204 3300 2466 3359; x_wconf 87' lang='lat' dir='ltr'>alteram</span> <span class='ocrx_word' id='word_1_273' title='bbox 2539 3299 2861 3376; x_wconf 87' lang='lat' dir='ltr'>emptoris,</span> <span class='ocrx_word' id='word_1_274' title='bbox 2909 3297 3058 3357; x_wconf 89' lang='lat' dir='ltr'>inde</span> 
     </span>
     <span class='ocr_line' id='line_1_27' title="bbox 353 3409 3058 3488; baseline 0 -21"><span class='ocrx_word' id='word_1_275' title='bbox 353 3409 640 3470; x_wconf 88' lang='lat' dir='ltr'>ascendit</span> <span class='ocrx_word' id='word_1_276' title='bbox 672 3429 890 3472; x_wconf 86' lang='lat' dir='ltr'>uersus</span> <span class='ocrx_word' id='word_1_277' title='bbox 922 3414 1230 3471; x_wconf 87' lang='lat' dir='ltr'>orientem</span> <span class='ocrx_word' id='word_1_278' title='bbox 1265 3411 1348 3471; x_wconf 93' lang='lat' dir='ltr'>ad</span> <span class='ocrx_word' id='word_1_279' title='bbox 1383 3423 1621 3471; x_wconf 89' lang='lat' dir='ltr'>metam</span> <span class='ocrx_word' id='word_1_280' title='bbox 1655 3423 1945 3482; x_wconf 88' lang='lat' dir='ltr'>terream,</span> <span class='ocrx_word' id='word_1_281' title='bbox 1980 3412 2127 3471; x_wconf 88' lang='lat' dir='ltr'>inde</span> <span class='ocrx_word' id='word_1_282' title='bbox 2158 3411 2242 3472; x_wconf 91' lang='lat' dir='ltr'>ad</span> <span class='ocrx_word' id='word_1_283' title='bbox 2274 3410 2463 3470; x_wconf 89' lang='lat' dir='ltr'>aliam</span> <span class='ocrx_word' id='word_1_284' title='bbox 2498 3422 2735 3471; x_wconf 90' lang='lat' dir='ltr'>metam</span> <span class='ocrx_word' id='word_1_285' title='bbox 2770 3421 3058 3488; x_wconf 82' lang='lat' dir='ltr'>terream,</span> 
     </span>
     <span class='ocr_line' id='line_1_28' title="bbox 357 3521 3060 3601; baseline 0 -20"><span class='ocrx_word' id='word_1_286' title='bbox 357 3521 505 3582; x_wconf 89' lang='lat' dir='ltr'>inde</span> <span class='ocrx_word' id='word_1_287' title='bbox 551 3524 837 3584; x_wconf 85' lang='lat' dir='ltr'>ascendit</span> <span class='ocrx_word' id='word_1_288' title='bbox 885 3536 1174 3584; x_wconf 87' lang='lat' dir='ltr'>montem</span> <span class='ocrx_word' id='word_1_289' title='bbox 1222 3523 1304 3584; x_wconf 89' lang='lat' dir='ltr'>ad</span> <span class='ocrx_word' id='word_1_290' title='bbox 1353 3523 1512 3585; x_wconf 87' lang='lat' dir='ltr'>duas</span> <span class='ocrx_word' id='word_1_291' title='bbox 1559 3535 1762 3584; x_wconf 87' lang='lat' dir='ltr'>metas</span> <span class='ocrx_word' id='word_1_292' title='bbox 1808 3536 2045 3584; x_wconf 90' lang='lat' dir='ltr'>terreas</span> <span class='ocrx_word' id='word_1_293' title='bbox 2091 3543 2218 3601; x_wconf 89' lang='lat' dir='ltr'>que</span> <span class='ocrx_word' id='word_1_294' title='bbox 2264 3535 2413 3584; x_wconf 90' lang='lat' dir='ltr'>sunt</span> <span class='ocrx_word' id='word_1_295' title='bbox 2463 3527 2643 3584; x_wconf 88' lang='lat' dir='ltr'>iuxta</span> <span class='ocrx_word' id='word_1_296' title='bbox 2689 3526 2878 3596; x_wconf 90' lang='lat' dir='ltr'>uiam,</span> <span class='ocrx_word' id='word_1_297' title='bbox 2910 3523 3060 3583; x_wconf 91' lang='lat' dir='ltr'>inde</span> 
     </span>
     <span class='ocr_line' id='line_1_29' title="bbox 354 3635 3059 3716; baseline 0.001 -22"><span class='ocrx_word' id='word_1_298' title='bbox 354 3635 687 3696; x_wconf 85' lang='lat' dir='ltr'>descendit</span> <span class='ocrx_word' id='word_1_299' title='bbox 735 3636 815 3697; x_wconf 90' lang='lat' dir='ltr'>de</span> <span class='ocrx_word' id='word_1_300' title='bbox 863 3649 1084 3697; x_wconf 89' lang='lat' dir='ltr'>monte</span> <span class='ocrx_word' id='word_1_301' title='bbox 1152 3656 1371 3698; x_wconf 89' lang='lat' dir='ltr'>uersus</span> <span class='ocrx_word' id='word_1_302' title='bbox 1439 3640 1748 3697; x_wconf 87' lang='lat' dir='ltr'>orientem</span> <span class='ocrx_word' id='word_1_303' title='bbox 1798 3647 1861 3697; x_wconf 90' lang='lat' dir='ltr'>et</span> <span class='ocrx_word' id='word_1_304' title='bbox 1910 3640 2219 3697; x_wconf 85' lang='lat' dir='ltr'>transiens</span> <span class='ocrx_word' id='word_1_305' title='bbox 2286 3657 2398 3716; x_wconf 90' lang='lat' dir='ltr'>per</span> <span class='ocrx_word' id='word_1_306' title='bbox 2460 3637 2692 3698; x_wconf 90' lang='lat' dir='ltr'>uallem</span> <span class='ocrx_word' id='word_1_307' title='bbox 2756 3640 2928 3698; x_wconf 91' lang='lat' dir='ltr'>uenit</span> <span class='ocrx_word' id='word_1_308' title='bbox 2974 3636 3059 3696; x_wconf 89' lang='lat' dir='ltr'>ad</span> 
     </span>
     <span class='ocr_line' id='line_1_30' title="bbox 353 3749 3059 3828; baseline 0 -19"><span class='ocrx_word' id='word_1_309' title='bbox 353 3749 518 3809; x_wconf 87' lang='lat' dir='ltr'>duas</span> <span class='ocrx_word' id='word_1_310' title='bbox 585 3761 790 3810; x_wconf 87' lang='lat' dir='ltr'>metas</span> <span class='ocrx_word' id='word_1_311' title='bbox 857 3763 1093 3810; x_wconf 87' lang='lat' dir='ltr'>terreas</span> <span class='ocrx_word' id='word_1_312' title='bbox 1165 3768 1288 3828; x_wconf 92' lang='lat' dir='ltr'>que</span> <span class='ocrx_word' id='word_1_313' title='bbox 1335 3761 1479 3810; x_wconf 88' lang='lat' dir='ltr'>sunt</span> <span class='ocrx_word' id='word_1_314' title='bbox 1525 3751 1588 3809; x_wconf 91' lang='lat' dir='ltr'>in</span> <span class='ocrx_word' id='word_1_315' title='bbox 1637 3750 1830 3811; x_wconf 88' lang='lat' dir='ltr'>latere</span> <span class='ocrx_word' id='word_1_316' title='bbox 1900 3753 2176 3828; x_wconf 87' lang='lat' dir='ltr'>oppositi</span> <span class='ocrx_word' id='word_1_317' title='bbox 2250 3753 2503 3823; x_wconf 81' lang='lat' dir='ltr'>montiS,</span> <span class='ocrx_word' id='word_1_318' title='bbox 2566 3750 2714 3811; x_wconf 87' lang='lat' dir='ltr'>inde</span> <span class='ocrx_word' id='word_1_319' title='bbox 2776 3749 3059 3811; x_wconf 89' lang='lat' dir='ltr'>ascendit</span> 
     </span>
     <span class='ocr_line' id='line_1_31' title="bbox 353 3862 3058 3936; baseline 0 -14"><span class='ocrx_word' id='word_1_320' title='bbox 353 3862 636 3923; x_wconf 89' lang='lat' dir='ltr'>eundem</span> <span class='ocrx_word' id='word_1_321' title='bbox 705 3875 996 3923; x_wconf 89' lang='lat' dir='ltr'>montem</span> <span class='ocrx_word' id='word_1_322' title='bbox 1066 3874 1128 3923; x_wconf 91' lang='lat' dir='ltr'>et</span> <span class='ocrx_word' id='word_1_323' title='bbox 1197 3865 1370 3923; x_wconf 89' lang='lat' dir='ltr'>uenit</span> <span class='ocrx_word' id='word_1_324' title='bbox 1439 3863 1520 3923; x_wconf 90' lang='lat' dir='ltr'>ad</span> <span class='ocrx_word' id='word_1_325' title='bbox 1589 3863 1748 3923; x_wconf 89' lang='lat' dir='ltr'>duas</span> <span class='ocrx_word' id='word_1_326' title='bbox 1818 3876 2023 3924; x_wconf 89' lang='lat' dir='ltr'>metas</span> <span class='ocrx_word' id='word_1_327' title='bbox 2090 3875 2343 3936; x_wconf 80' lang='lat' dir='ltr'>terreaS,</span> <span class='ocrx_word' id='word_1_328' title='bbox 2405 3865 2554 3924; x_wconf 88' lang='lat' dir='ltr'>inde</span> <span class='ocrx_word' id='word_1_329' title='bbox 2621 3862 2949 3924; x_wconf 90' lang='lat' dir='ltr'>descendit</span> <span class='ocrx_word' id='word_1_330' title='bbox 2997 3864 3058 3922; x_wconf 89' lang='lat' dir='ltr'>in</span> 
     </span>
     <span class='ocr_line' id='line_1_32' title="bbox 355 3976 3060 4047; baseline 0 -13"><span class='ocrx_word' id='word_1_331' title='bbox 355 3977 590 4036; x_wconf 88' lang='lat' dir='ltr'>uertice</span> <span class='ocrx_word' id='word_1_332' title='bbox 636 3976 921 4036; x_wconf 90' lang='lat' dir='ltr'>eiusdem</span> <span class='ocrx_word' id='word_1_333' title='bbox 969 3980 1206 4037; x_wconf 87' lang='lat' dir='ltr'>montis</span> <span class='ocrx_word' id='word_1_334' title='bbox 1251 3990 1313 4037; x_wconf 89' lang='lat' dir='ltr'>et</span> <span class='ocrx_word' id='word_1_335' title='bbox 1361 3981 1534 4037; x_wconf 88' lang='lat' dir='ltr'>uenit</span> <span class='ocrx_word' id='word_1_336' title='bbox 1580 3977 1662 4038; x_wconf 88' lang='lat' dir='ltr'>ad</span> <span class='ocrx_word' id='word_1_337' title='bbox 1711 3977 1870 4037; x_wconf 87' lang='lat' dir='ltr'>duas</span> <span class='ocrx_word' id='word_1_338' title='bbox 1917 3987 2121 4038; x_wconf 88' lang='lat' dir='ltr'>metas</span> <span class='ocrx_word' id='word_1_339' title='bbox 2181 3988 2418 4036; x_wconf 90' lang='lat' dir='ltr'>terreas</span> <span class='ocrx_word' id='word_1_340' title='bbox 2463 3995 2681 4037; x_wconf 89' lang='lat' dir='ltr'>uersus</span> <span class='ocrx_word' id='word_1_341' title='bbox 2728 3978 3060 4047; x_wconf 90' lang='lat' dir='ltr'>orientem,</span> 
     </span>
     <span class='ocr_line' id='line_1_33' title="bbox 356 4089 3058 4151; baseline -0 -3"><span class='ocrx_word' id='word_1_342' title='bbox 356 4091 420 4148; x_wconf 91' lang='lat' dir='ltr'>in</span> <span class='ocrx_word' id='word_1_343' title='bbox 468 4089 702 4149; x_wconf 87' lang='lat' dir='ltr'>eodem</span> <span class='ocrx_word' id='word_1_344' title='bbox 771 4091 1007 4150; x_wconf 89' lang='lat' dir='ltr'>uertice</span> <span class='ocrx_word' id='word_1_345' title='bbox 1075 4093 1312 4150; x_wconf 88' lang='lat' dir='ltr'>montis</span> <span class='ocrx_word' id='word_1_346' title='bbox 1379 4091 1710 4151; x_wconf 88' lang='lat' dir='ltr'>descendit</span> <span class='ocrx_word' id='word_1_347' title='bbox 1757 4101 1820 4150; x_wconf 87' lang='lat' dir='ltr'>et</span> <span class='ocrx_word' id='word_1_348' title='bbox 1869 4093 2041 4150; x_wconf 86' lang='lat' dir='ltr'>uenit</span> <span class='ocrx_word' id='word_1_349' title='bbox 2088 4091 2171 4150; x_wconf 92' lang='lat' dir='ltr'>ad</span> <span class='ocrx_word' id='word_1_350' title='bbox 2220 4090 2377 4151; x_wconf 92' lang='lat' dir='ltr'>duas</span> <span class='ocrx_word' id='word_1_351' title='bbox 2434 4102 2635 4149; x_wconf 89' lang='lat' dir='ltr'>metas</span> <span class='ocrx_word' id='word_1_352' title='bbox 2698 4100 2932 4149; x_wconf 84' lang='lat' dir='ltr'>terreas</span> <span class='ocrx_word' id='word_1_353' title='bbox 2996 4091 3058 4147; x_wconf 90' lang='lat' dir='ltr'>in</span> 
     </span>
     <span class='ocr_line' id='line_1_34' title="bbox 351 4201 3058 4283; baseline 0 -23"><span class='ocrx_word' id='word_1_354' title='bbox 351 4201 588 4262; x_wconf 89' lang='lat' dir='ltr'>eodem</span> <span class='ocrx_word' id='word_1_355' title='bbox 633 4204 870 4263; x_wconf 87' lang='lat' dir='ltr'>uertice</span> <span class='ocrx_word' id='word_1_356' title='bbox 918 4205 1168 4277; x_wconf 80' lang='lat' dir='ltr'>montiS,</span> <span class='ocrx_word' id='word_1_357' title='bbox 1214 4203 1544 4264; x_wconf 89' lang='lat' dir='ltr'>descendit</span> <span class='ocrx_word' id='word_1_358' title='bbox 1575 4204 1660 4263; x_wconf 91' lang='lat' dir='ltr'>ad</span> <span class='ocrx_word' id='word_1_359' title='bbox 1691 4205 1880 4277; x_wconf 88' lang='lat' dir='ltr'>uiam,</span> <span class='ocrx_word' id='word_1_360' title='bbox 1927 4223 2040 4282; x_wconf 90' lang='lat' dir='ltr'>per</span> <span class='ocrx_word' id='word_1_361' title='bbox 2085 4223 2279 4283; x_wconf 88' lang='lat' dir='ltr'>quam</span> <span class='ocrx_word' id='word_1_362' title='bbox 2330 4206 2501 4264; x_wconf 89' lang='lat' dir='ltr'>uenit</span> <span class='ocrx_word' id='word_1_363' title='bbox 2533 4203 2617 4263; x_wconf 91' lang='lat' dir='ltr'>ad</span> <span class='ocrx_word' id='word_1_364' title='bbox 2650 4203 2808 4264; x_wconf 90' lang='lat' dir='ltr'>duas</span> <span class='ocrx_word' id='word_1_365' title='bbox 2856 4213 3058 4262; x_wconf 89' lang='lat' dir='ltr'>metas</span> 
     </span>
     <span class='ocr_line' id='line_1_35' title="bbox 359 4315 3055 4390; baseline 0 -17"><span class='ocrx_word' id='word_1_366' title='bbox 359 4324 594 4375; x_wconf 88' lang='lat' dir='ltr'>terreas</span> <span class='ocrx_word' id='word_1_367' title='bbox 655 4317 806 4376; x_wconf 88' lang='lat' dir='ltr'>sitas</span> <span class='ocrx_word' id='word_1_368' title='bbox 865 4315 1010 4378; x_wconf 89' lang='lat' dir='ltr'>hinc</span> <span class='ocrx_word' id='word_1_369' title='bbox 1056 4327 1120 4377; x_wconf 90' lang='lat' dir='ltr'>et</span> <span class='ocrx_word' id='word_1_370' title='bbox 1164 4317 1313 4377; x_wconf 90' lang='lat' dir='ltr'>inde</span> <span class='ocrx_word' id='word_1_371' title='bbox 1373 4320 1552 4378; x_wconf 83' lang='lat' dir='ltr'>iuxta</span> <span class='ocrx_word' id='word_1_372' title='bbox 1611 4320 1798 4390; x_wconf 88' lang='lat' dir='ltr'>uiam,</span> <span class='ocrx_word' id='word_1_373' title='bbox 1847 4319 1907 4376; x_wconf 90' lang='lat' dir='ltr'>in</span> <span class='ocrx_word' id='word_1_374' title='bbox 1956 4317 2182 4376; x_wconf 90' lang='lat' dir='ltr'>eadem</span> <span class='ocrx_word' id='word_1_375' title='bbox 2232 4319 2333 4376; x_wconf 90' lang='lat' dir='ltr'>uia</span> <span class='ocrx_word' id='word_1_376' title='bbox 2380 4315 2837 4376; x_wconf 88' lang='lat' dir='ltr'>descendendo</span> <span class='ocrx_word' id='word_1_377' title='bbox 2885 4317 3055 4375; x_wconf 88' lang='lat' dir='ltr'>uenit</span> 
     </span>
     <span class='ocr_line' id='line_1_36' title="bbox 351 4426 3057 4490; baseline 0 -4"><span class='ocrx_word' id='word_1_378' title='bbox 351 4427 440 4486; x_wconf 92' lang='lat' dir='ltr'>ad</span> <span class='ocrx_word' id='word_1_379' title='bbox 489 4426 650 4488; x_wconf 89' lang='lat' dir='ltr'>duas</span> <span class='ocrx_word' id='word_1_380' title='bbox 696 4440 900 4490; x_wconf 88' lang='lat' dir='ltr'>metas</span> <span class='ocrx_word' id='word_1_381' title='bbox 945 4438 1180 4490; x_wconf 90' lang='lat' dir='ltr'>terreas</span> <span class='ocrx_word' id='word_1_382' title='bbox 1224 4428 1372 4490; x_wconf 91' lang='lat' dir='ltr'>hinc</span> <span class='ocrx_word' id='word_1_383' title='bbox 1403 4441 1466 4490; x_wconf 87' lang='lat' dir='ltr'>et</span> <span class='ocrx_word' id='word_1_384' title='bbox 1501 4430 1647 4490; x_wconf 87' lang='lat' dir='ltr'>inde</span> <span class='ocrx_word' id='word_1_385' title='bbox 1696 4432 1870 4490; x_wconf 85' lang='lat' dir='ltr'>iuxta</span> <span class='ocrx_word' id='word_1_386' title='bbox 1921 4432 2088 4490; x_wconf 90' lang='lat' dir='ltr'>uiam</span> <span class='ocrx_word' id='word_1_387' title='bbox 2122 4431 2185 4490; x_wconf 88' lang='lat' dir='ltr'>in</span> <span class='ocrx_word' id='word_1_388' title='bbox 2219 4430 2445 4490; x_wconf 89' lang='lat' dir='ltr'>eadem</span> <span class='ocrx_word' id='word_1_389' title='bbox 2495 4432 2663 4490; x_wconf 89' lang='lat' dir='ltr'>uiam</span> <span class='ocrx_word' id='word_1_390' title='bbox 2712 4429 3057 4489; x_wconf 89' lang='lat' dir='ltr'>circuendo</span> 
     </span>
     <span class='ocr_line' id='line_1_37' title="bbox 357 4541 3057 4621; baseline 0 -21"><span class='ocrx_word' id='word_1_391' title='bbox 357 4543 577 4601; x_wconf 89' lang='lat' dir='ltr'>uineas</span> <span class='ocrx_word' id='word_1_392' title='bbox 624 4541 953 4616; x_wconf 82' lang='lat' dir='ltr'>descendit</span> <span class='ocrx_word' id='word_1_393' title='bbox 987 4543 1070 4604; x_wconf 88' lang='lat' dir='ltr'>ad</span> <span class='ocrx_word' id='word_1_394' title='bbox 1101 4543 1260 4604; x_wconf 90' lang='lat' dir='ltr'>duas</span> <span class='ocrx_word' id='word_1_395' title='bbox 1307 4552 1510 4603; x_wconf 90' lang='lat' dir='ltr'>metas</span> <span class='ocrx_word' id='word_1_396' title='bbox 1555 4553 1807 4614; x_wconf 77' lang='lat' dir='ltr'>terreaS,</span> <span class='ocrx_word' id='word_1_397' title='bbox 1853 4542 2003 4602; x_wconf 90' lang='lat' dir='ltr'>inde</span> <span class='ocrx_word' id='word_1_398' title='bbox 2050 4542 2383 4604; x_wconf 88' lang='lat' dir='ltr'>descendit</span> <span class='ocrx_word' id='word_1_399' title='bbox 2413 4562 2527 4621; x_wconf 84' lang='lat' dir='ltr'>per</span> <span class='ocrx_word' id='word_1_400' title='bbox 2562 4543 2729 4602; x_wconf 90' lang='lat' dir='ltr'>uiam</span> <span class='ocrx_word' id='word_1_401' title='bbox 2777 4541 2861 4600; x_wconf 88' lang='lat' dir='ltr'>ad</span> <span class='ocrx_word' id='word_1_402' title='bbox 2900 4542 3057 4601; x_wconf 91' lang='lat' dir='ltr'>duas</span> 
     </span>
     <span class='ocr_line' id='line_1_38' title="bbox 355 4654 3055 4734; baseline 0 -21"><span class='ocrx_word' id='word_1_403' title='bbox 355 4664 562 4714; x_wconf 88' lang='lat' dir='ltr'>metas</span> <span class='ocrx_word' id='word_1_404' title='bbox 625 4666 862 4716; x_wconf 88' lang='lat' dir='ltr'>terreas</span> <span class='ocrx_word' id='word_1_405' title='bbox 925 4674 1052 4734; x_wconf 90' lang='lat' dir='ltr'>que</span> <span class='ocrx_word' id='word_1_406' title='bbox 1113 4667 1258 4716; x_wconf 90' lang='lat' dir='ltr'>sunt</span> <span class='ocrx_word' id='word_1_407' title='bbox 1304 4657 1481 4716; x_wconf 81' lang='lat' dir='ltr'>iuxta</span> <span class='ocrx_word' id='word_1_408' title='bbox 1527 4657 1714 4728; x_wconf 91' lang='lat' dir='ltr'>uiam,</span> <span class='ocrx_word' id='word_1_409' title='bbox 1755 4675 1868 4734; x_wconf 89' lang='lat' dir='ltr'>per</span> <span class='ocrx_word' id='word_1_410' title='bbox 1913 4654 2188 4716; x_wconf 90' lang='lat' dir='ltr'>eandem</span> <span class='ocrx_word' id='word_1_411' title='bbox 2236 4658 2403 4716; x_wconf 91' lang='lat' dir='ltr'>uiam</span> <span class='ocrx_word' id='word_1_412' title='bbox 2455 4654 2786 4716; x_wconf 90' lang='lat' dir='ltr'>descendit</span> <span class='ocrx_word' id='word_1_413' title='bbox 2832 4654 2915 4714; x_wconf 89' lang='lat' dir='ltr'>ad</span> <span class='ocrx_word' id='word_1_414' title='bbox 2961 4674 3055 4715; x_wconf 89' lang='lat' dir='ltr'>ar-</span> 
     </span>
     <span class='ocr_line' id='line_1_39' title="bbox 362 4767 3057 4850; baseline 0 -24"><span class='ocrx_word' id='word_1_415' title='bbox 362 4767 589 4827; x_wconf 90' lang='lat' dir='ltr'>borem</span> <span class='ocrx_word' id='word_1_416' title='bbox 634 4771 750 4848; x_wconf 87' lang='lat' dir='ltr'>piri</span> <span class='ocrx_word' id='word_1_417' title='bbox 796 4788 982 4830; x_wconf 90' lang='lat' dir='ltr'>cruce</span> <span class='ocrx_word' id='word_1_418' title='bbox 1029 4772 1360 4850; x_wconf 85' lang='lat' dir='ltr'>signatam,</span> <span class='ocrx_word' id='word_1_419' title='bbox 1405 4791 1442 4830; x_wconf 93' lang='lat' dir='ltr'>a</span> <span class='ocrx_word' id='word_1_420' title='bbox 1489 4788 1615 4848; x_wconf 89' lang='lat' dir='ltr'>qua</span> <span class='ocrx_word' id='word_1_421' title='bbox 1661 4772 1993 4831; x_wconf 86' lang='lat' dir='ltr'>reuertitur</span> <span class='ocrx_word' id='word_1_422' title='bbox 2062 4769 2143 4829; x_wconf 93' lang='lat' dir='ltr'>ad</span> <span class='ocrx_word' id='word_1_423' title='bbox 2213 4779 2457 4829; x_wconf 90' lang='lat' dir='ltr'>metam</span> <span class='ocrx_word' id='word_1_424' title='bbox 2518 4769 2807 4848; x_wconf 91' lang='lat' dir='ltr'>primitus</span> <span class='ocrx_word' id='word_1_425' title='bbox 2853 4769 3057 4827; x_wconf 90' lang='lat' dir='ltr'>nomi-</span> 
     </span>
     <span class='ocr_line' id='line_1_40' title="bbox 345 4879 3057 4961; baseline -0 -21"><span class='ocrx_word' id='word_1_426' title='bbox 345 4891 595 4940; x_wconf 69' lang='lat' dir='ltr'>natam.</span> <span class='ocrx_word' id='word_1_427' title='bbox 642 4879 865 4942; x_wconf 90' lang='lat' dir='ltr'>Astitit</span> <span class='ocrx_word' id='word_1_428' title='bbox 909 4885 1100 4943; x_wconf 88' lang='lat' dir='ltr'>etiam</span> <span class='ocrx_word' id='word_1_429' title='bbox 1147 4882 1376 4944; x_wconf 90' lang='lat' dir='ltr'>Stanse</span> <span class='ocrx_word' id='word_1_430' title='bbox 1423 4881 1708 4954; x_wconf 86' lang='lat' dir='ltr'>officialis</span> <span class='ocrx_word' id='word_1_431' title='bbox 1755 4884 2006 4942; x_wconf 90' lang='lat' dir='ltr'>abbatis</span> <span class='ocrx_word' id='word_1_432' title='bbox 2054 4883 2135 4942; x_wconf 91' lang='lat' dir='ltr'>de</span> <span class='ocrx_word' id='word_1_433' title='bbox 2181 4881 2494 4961; x_wconf 88' lang='lat' dir='ltr'>Thoplica</span> <span class='ocrx_word' id='word_1_434' title='bbox 2528 4885 2667 4942; x_wconf 88' lang='lat' dir='ltr'>uice</span> <span class='ocrx_word' id='word_1_435' title='bbox 2699 4891 2762 4942; x_wconf 90' lang='lat' dir='ltr'>et</span> <span class='ocrx_word' id='word_1_436' title='bbox 2795 4883 3057 4942; x_wconf 89' lang='lat' dir='ltr'>nomine</span> 
     </span>
     <span class='ocr_line' id='line_1_41' title="bbox 357 4993 3056 5076; baseline 0 -23"><span class='ocrx_word' id='word_1_437' title='bbox 357 4993 552 5072; x_wconf 87' lang='lat' dir='ltr'>ipsius</span> <span class='ocrx_word' id='word_1_438' title='bbox 597 4993 845 5055; x_wconf 88' lang='lat' dir='ltr'>domini</span> <span class='ocrx_word' id='word_1_439' title='bbox 889 4997 982 5056; x_wconf 91' lang='lat' dir='ltr'>sui</span> <span class='ocrx_word' id='word_1_440' title='bbox 1029 4998 1134 5076; x_wconf 92' lang='lat' dir='ltr'>qui</span> <span class='ocrx_word' id='word_1_441' title='bbox 1183 4996 1630 5057; x_wconf 89' lang='lat' dir='ltr'>uendicionem</span> <span class='ocrx_word' id='word_1_442' title='bbox 1677 4996 1916 5056; x_wconf 91' lang='lat' dir='ltr'>factam</span> <span class='ocrx_word' id='word_1_443' title='bbox 1964 4997 2082 5056; x_wconf 90' lang='lat' dir='ltr'>sub</span> <span class='ocrx_word' id='word_1_444' title='bbox 2132 4997 2317 5056; x_wconf 86' lang='lat' dir='ltr'>metis</span> <span class='ocrx_word' id='word_1_445' title='bbox 2363 4997 2724 5074; x_wconf 88' lang='lat' dir='ltr'>prescriptis</span> <span class='ocrx_word' id='word_1_446' title='bbox 2785 4994 3056 5066; x_wconf 90' lang='lat' dir='ltr'>admisit,</span> 
     </span>
     <span class='ocr_line' id='line_1_42' title="bbox 353 5105 3058 5187; baseline 0 -22"><span class='ocrx_word' id='word_1_447' title='bbox 353 5105 874 5168; x_wconf 86' lang='lat' dir='ltr'>contradiccione</span> <span class='ocrx_word' id='word_1_448' title='bbox 933 5108 1144 5187; x_wconf 91' lang='lat' dir='ltr'>aliqua</span> <span class='ocrx_word' id='word_1_449' title='bbox 1205 5127 1334 5169; x_wconf 90' lang='lat' dir='ltr'>non</span> <span class='ocrx_word' id='word_1_450' title='bbox 1397 5108 1712 5169; x_wconf 89' lang='lat' dir='ltr'>obstante.</span> <span class='ocrx_word' id='word_1_451' title='bbox 1763 5109 1830 5168; x_wconf 93' lang='lat' dir='ltr'>In</span> <span class='ocrx_word' id='word_1_452' title='bbox 1878 5111 2055 5169; x_wconf 88' lang='lat' dir='ltr'>cuius</span> <span class='ocrx_word' id='word_1_453' title='bbox 2101 5111 2187 5168; x_wconf 88' lang='lat' dir='ltr'>rei</span> <span class='ocrx_word' id='word_1_454' title='bbox 2237 5109 2669 5168; x_wconf 88' lang='lat' dir='ltr'>testimonium</span> <span class='ocrx_word' id='word_1_455' title='bbox 2731 5117 3058 5186; x_wconf 89' lang='lat' dir='ltr'>presentes</span> 
     </span>
    </p>
   </div>
   <div class='ocr_carea' id='block_1_3' title="bbox 2941 5255 2971 5287">
    <p class='ocr_par' dir='ltr' id='par_1_3' title="bbox 2941 5255 2971 5287">
     <span class='ocr_line' id='line_1_43' title="bbox 2941 5255 2971 5287; baseline 0 -5"><span class='ocrx_word' id='word_1_456' title='bbox 2941 5255 2971 5287; x_wconf 59' lang='lat' dir='ltr'>d&lt;</span> 
     </span>
    </p>
   </div>
  </div>
 </body>
</html>
