3797 5795
1492 408 1561 425 .—
1628 372 1894 437 629—

348 773 535 850 1272,
578 771 691 837 29.
735 769 959 853 maia.
1622 666 1753 746 76'

352 941 629 1027 Stjepan
692 941 882 1026 kralj
935 941 1231 1027 ugarski
1267 941 1304 1005 ι’
1340 942 1661 1007 hrvatskz'
1705 943 2102 1029 potvrdjuje
2161 940 2416 1007 lzlrtz‘nu
2481 944 2658 1006 bana
2721 943 3048 1007 Rolanda

350 1056 463 1131 (od
516 1056 669 1139 god.
740 1058 928 1119 1266.
1000 1058 1107 1119 20.
1178 1062 1525 1140 augusta),
1576 1055 1798 1141 leojom
1866 1056 2028 1141 ovas
2091 1055 2461 1142 dosudjuje
2527 1055 2774 1141 zemlju
2853 1056 3044 1139 Jalez

1296 1167 1695 1252 Ambrosz'ju
1745 1167 1779 1230 ι’
1818 1170 2086 1233 Benku.

515 1342 872 1422 Stephanus
935 1341 1037 1403 dei
1098 1345 1308 1425 gracia
1370 1342 1715 1425 Hungarie,
1780 1342 2128 1416 Dalmacie,
2191 1340 2472 1417 Croacie‚
2535 1344 2758 1417 Rame,
2807 1342 3046 1415 Seruie‚
3099 1348 3107 1355 ’

351 1454 620 1529 Gallieie,
652 1455 1057 1531 Lodomerie,
1090 1454 1417 1529 Cumanie,
1450 1456 1871 1537 Bulgarieque
1918 1474 2032 1516 rex
2080 1455 2380 1517 omnibus
2427 1474 2690 1535 presens
2735 1459 3039 1537 seriptum

351 1572 709 1648 inspecturis
740 1569 1009 1630 salutem
1043 1571 1106 1629 in
1139 1572 1429 1630 omnium
1462 1569 1794 1630 saluatore.
1840 1568 1954 1630 Ad
1995 1571 2436 1630 uniuersorum
2483 1572 2787 1630 noticiam
2819 1570 3044 1631 harum

349 1684 499 1743 serie
544 1682 833 1743 volumus
878 1684 1227 1762 peruenire,
1271 1681 1449 1761 quod
1494 1681 1879 1743 Ambrosius
1925 1693 1988 1742 et
2035 1680 2216 1742 Benk
2263 1682 2370 1743 filii
2420 1683 2718 1760 Wytalus
2765 1684 2846 1744 de
2895 1681 3045 1745 Cra-

352 1796 479 1855 nisa
510 1796 655 1873 pula
702 1796 1077 1876 iobagiones
1110 1796 1295 1857 castri
1330 1795 1767 1877 Zagrabiensis
1798 1795 1881 1856 ad
1915 1805 2201 1856 nostram
2233 1795 2616 1857 accedentes
2646 1799 3042 1875 presenciam

351 1907 763 1968 exhibuerunt
831 1908 1019 1969 nobis
1086 1907 1507 1990 priuilegiales
1574 1910 1814 1969 litteras
1884 1908 2158 1969 Rolandi
2232 1909 2564 1986 quondam
2626 1908 2774 1969 bani
2839 1912 3044 1970 tocius

350 2020 680 2083 Sclauonie
738 2021 950 2082 dilecti
997 2033 1062 2082 et
1107 2019 1310 2082 fidelis
1356 2024 1571 2097 nostri,
1617 2032 1912 2101 petentes
1980 2040 2126 2082 cum
2180 2023 2504 2095 instancia,
2551 2032 2616 2082 vt
2664 2024 2832 2102 ipsas
2878 2033 3045 2083 ratas

352 2132 575 2194 habere
604 2144 667 2194 et
700 2144 921 2195 nostro
966 2134 1393 2217 dignaremur,
1418 2136 1747 2216 priuilegio
1795 2133 2192 2214 confirmare,
2234 2153 2498 2212 quarum
2548 2135 2810 2212 quidem
2858 2146 3044 2195 tenor

352 2247 485 2307 talis
530 2257 651 2309 est:

517 2359 780 2440 (Gledaj
818 2362 1039 2419 listina
1086 2362 1376 2420 Rolanda
1425 2361 1591 2419 bana
1638 2364 1723 2419 od
1763 2364 1859 2418 20.
1912 2370 2182 2436 augusta
2230 2364 2436 2429 1266.)

520 2472 655 2533 Nos
699 2476 916 2551 itaque
961 2474 1137 2533 iustis
1179 2473 1473 2552 precibus
1519 2474 1873 2533 eorundem
1906 2472 2232 2534 Ambrosii
2280 2473 2574 2534 videlicet
2620 2485 2682 2534 et
2733 2470 2912 2533 Benk
2958 2474 3049 2532 in-

354 2587 554 2647 clinati
602 2589 770 2665 ipsas
814 2586 1233 2667 priuilegiales
1280 2588 1517 2647 litteras
1558 2586 1641 2647 de
1673 2587 1873 2647 uerbo
1905 2587 1989 2646 ad
2021 2587 2290 2647 uerbum
2338 2587 2740 2666 presentibus
2787 2590 3051 2647 insertas

354 2702 717 2759 auctoritate
762 2702 1159 2778 presencium
1195 2699 1497 2761 duximus
1528 2700 2020 2761 confirmandas.
2067 2700 2310 2761 Datum
2341 2719 2458 2778 per
2490 2719 2718 2761 manus
2765 2701 3048 2781 magistri

355 2811 672 2874 Benedicti
719 2814 1021 2891 prepositi
1070 2812 1444 2875 Orodiensis
1475 2813 1618 2874 aule
1652 2824 1868 2874 nostre
1919 2813 2412 2874 vicecancellarii
2459 2813 2669 2874 dilecti
2719 2824 2780 2873 et
2833 2812 3053 2885 fidelis,

354 2945 519 2987 anno
566 2926 808 2987 domini
858 2924 1119 2989 M⁰CC⁰
1163 2930 1637 3009 septuagesimo
1686 2927 1990 3000 secund0‚
2041 2938 2270 3006 quarto
2317 2927 2626 2988 kalendas
2658 2929 2823 2997 iunii,
2857 2927 3052 2986 indic-

356 3041 531 3100 cione
562 3041 706 3102 XV.
762 3043 936 3122 regni
983 3052 1200 3101 autem
1246 3042 1442 3102 nostri
1490 3059 1663 3100 anno
1696 3039 2000 3113 secund0‚
2044 3039 2511 3100 venerabilibus
2555 3040 2841 3118 patribus
2889 3039 3051 3116 Phy-

356 3151 524 3233 lippo
570 3152 1002 3234 Strigoniensi‚
1048 3151 1378 3232 Stephano
1428 3152 1765 3218 Colocensi
1814 3153 1957 3214 aule
2012 3164 2228 3213 nostre
2276 3152 2790 3213 vicecancellario
2840 3163 2903 3213 et
2944 3150 3052 3231 Jo-

356 3265 561 3326 hanne
600 3263 959 3345 Spalatensi
1004 3266 1508 3346 archiepiscopiS,
1555 3266 1952 3346 Lampertho
1998 3264 2315 3347 Agriensi,
2369 3265 2494 3344 Job
2542 3265 3048 3344 Quinqueeccle-

356 3381 553 3452 siensi,
615 3380 857 3441 Briccio
928 3377 1369 3454 Chenadiensi,
1440 3379 1779 3458 Phylyppo
1850 3379 2220 3440 Wachiensi
2287 3377 2429 3439 aule
2498 3379 2762 3439 domine
2831 3381 3048 3460 regine

355 3492 743 3568 cancellari0‚
811 3493 1513 3573 PauloWesprimiensi,
1559 3491 1932 3571 Tymotheo
1979 3492 2400 3573 Zagrabiensi‚
2448 3490 2846 3552 Lodomerio
2897 3491 3047 3552 Wa-

356 3605 637 3681 radiensi,
697 3606 1043 3684 Dyonissio
1097 3605 1401 3686 Jauriensi
1468 3618 1530 3666 et
1599 3605 1788 3666 Petro
1852 3605 2308 3667 Transsiluano
2369 3606 2688 3684 episcopis
2749 3603 3048 3665 ecclesias

353 3718 452 3780 dei
499 3719 757 3781 feliciter
804 3720 1321 3801 gubernantibus
1370 3719 1561 3798 Moys
1606 3719 1891 3798 palatino
1953 3721 2190 3779 comite
2251 3717 2666 3797 Suproniensi
2724 3728 2787 3778 et
2843 3718 3048 3778 iudice

350 3829 798 3906 Cumanorum,
860 3833 1173 3894 Nicholao
1236 3833 1442 3894 iudice
1510 3827 1703 3916 [curie
1764 3827 2002 3914 nostre]
2069 3833 2308 3891 comite
2367 3829 2772 3911 Symigiensi,
2817 3831 3048 3912 Egidio

352 3948 650 4026 magistro
704 3948 1173 4006 tauarnicorum
1222 3925 1459 4006 comite
1521 3947 1912 4019 Posoniensi,
1974 3943 2312 4024 Joachyno
2373 3943 2546 4003 bano
2613 3945 2818 4004 tocius
2878 3942 3048 4005 Scla-

350 4062 552 4132 uonie,
600 4059 864 4121 Matheo
910 4060 1235 4136 waywada
1278 4059 1733 4121 Transsiluano
1780 4056 2018 4119 comite
2064 4058 2147 4118 de
2179 4055 2421 4130 Zonuk,
2469 4055 2828 4117 Laurencio
2875 4058 3047 4116 bano

350 4170 433 4232 de
474 4171 742 4233 Zeurino
788 4173 1026 4233 comite
1072 4171 1153 4233 de
1201 4169 1501 4246 Doboka‚
1561 4171 1749 4232 Petro
1798 4174 2102 4254 magistro
2152 4164 2654 4253 [dapiferorum]
2683 4179 3046 4230 nostrorum

352 4288 583 4347 comite
642 4286 725 4346 de
794 4283 1077 4360 Guecke,
1122 4283 1393 4346 Alberto
1457 4287 1759 4366 magistro
1821 4302 2175 4366 agasonum
2247 4290 2611 4342 nostrorum
2673 4282 2908 4342 comite
2970 4281 3051 4342 de

350 4395 645 4474 Scibinio,
705 4399 1045 4478 Phylyppo
1092 4400 1396 4480 magistro
1441 4400 1887 4477 pincernarum
1937 4408 2321 4469 nostrorum,
2374 4395 2572 4456 Paulo
2606 4395 2778 4454 bano
2811 4396 3050 4454 comite

350 4510 719 4590 Bachyensi,
758 4510 1069 4593 Gregorio
1117 4514 1420 4594 magistro
1467 4513 1934 4571 tauarnicorum
1986 4509 2250 4570 domine
2295 4509 2512 4588 regine
2557 4507 2797 4567 comite
2845 4503 3048 4569 Castri

349 4624 545 4698 ferrei,
590 4625 834 4690 Ponich
878 4625 1051 4690 bano
1097 4627 1333 4690 comite
1385 4623 1757 4708 Zaladiensi,
1820 4622 2134 4684 Michaele
2180 4625 2417 4683 comite
2465 4619 2764 4681 Nitriensi
2808 4629 2872 4680 et
2918 4619 3053 4680 aliis

348 4756 541 4816 quam
587 4736 871 4816 pluribus
916 4739 1257 4799 comitatus
1301 4740 1478 4819 regni
1527 4737 1893 4798 tenentibus
1941 4747 2004 4798 et
2054 4735 2346 4796 honores,
2417 4717 2422 4722 ’

531 4869 831 4944 Ονιζξίηαί
868 4889 910 4927 u
956 4869 1179 4928 arkivu
1206 4869 1695 4946 jugoslavenske
1762 4867 2114 4945 akademije
2161 4886 2202 4923 u
2247 4865 2536 4948 Zagrebu
2582 4865 2944 4940 Diplomata
2990 4883 3048 4922 a.

348 4977 461 5031 126
468 4977 520 5031 6.
568 5005 656 5016 --
700 4973 953 5032 Lz‘stina
1000 4977 1077 5050 je
1141 4975 1273 5032 vrlo
1342 4977 1623 5033 offtedena
1643 4995 1662 5031 .·
1731 4994 1808 5031 no
1877 4975 2021 5032 vide
2091 4992 2158 5029 se
2219 4971 2481 5046 tragovi,
2534 4970 2686 5044 gdje
2712 4970 2789 5044 je
2831 4969 3053 5044 mlsjela

350 5097 535 5138 vrvca
579 5098 655 5137 za
694 5085 891 5157 pec'at.
