3797 5795
1726 383 2138 444 —343—

576 577 773 636 sancti
824 574 1147 637 Benedicti
1183 575 1503 654 Ragusine
1548 573 1819 634 diocesis
1864 585 2019 634 tunc
2065 573 2366 646 vacantis,
2401 571 2483 631 de
2514 587 2834 632 consensu
2877 569 3136 650 capituli
3183 570 3278 631 sui

576 707 651 749 ac
696 689 982 748 eiusdem
1043 689 1408 748 monasterii
1467 697 1826 748 conuentus
1892 686 2077 747 duxit
2124 688 2184 745 in
2233 683 2659 764 spiritualibus
2705 693 2768 742 ct
2814 681 3279 762 temporalibus

579 801 1135 862 committendum.
1183 800 1429 862 Verum
1479 800 1709 861 nobilis
1754 802 1844 860 vir
1877 845 2138 860 .....
2187 816 2407 859 comes
2438 808 2502 858 et
2534 797 2962 857 communitas
3011 797 3283 859 ciuitatis

578 915 895 995 Ragusine
940 913 1182 974 dictum
1216 915 1671 974 monasterium
1705 932 1819 992 per
1852 912 2228 972 violenciam
2263 921 2670 989 occupantes
2704 927 2780 970 ac
2810 927 2924 987 per
2955 908 3276 986 quosdam

576 1027 787 1100 laicos
850 1045 1011 1105 quos
1073 1037 1423 1105 posuerunt
1486 1025 1741 1099 ibidem,
1801 1027 1994 1104 ipsius
2055 1024 2340 1085 redditus
2401 1033 2464 1084 et
2535 1031 2885 1102 prouentus
2931 1019 3138 1102 colligi
3189 1020 3280 1082 fa-

576 1142 831 1214 cienteS‚
876 1143 1049 1219 ipsos
1094 1149 1157 1201 et
1205 1153 1416 1209 terras
1478 1140 1927 1218 possessiones,
1986 1157 2204 1198 cruces
2232 1149 2314 1198 .et
2359 1137 2586 1197 calices
2631 1146 2986 1216 argenteOS,
3034 1153 3110 1194 ac
3156 1134 3278 1194 alia

574 1253 996 1314 ecclesiastica
1044 1265 1421 1314 ornamenta
1452 1262 1517 1313 et
1548 1254 1720 1313 bona
1765 1252 2030 1330 predicti
2080 1252 2444 1312 monasterii
2495 1249 2770 1310 vendere
2817 1258 2882 1308 et
2927 1246 3277 1308 distrahere

575 1376 1094 1444 presumpserunt
1155 1385 1273 1445 pro
1333 1385 1445 1426 sue
1504 1365 1685 1426 libito
1748 1365 2108 1437 voluntati5‚
2155 1367 2219 1424 in
2266 1365 2458 1441 ipsius
2502 1362 2784 1440 episcopi
2833 1372 2896 1421 et
2942 1360 3092 1422 dicti
3143 1377 3282 1419 mo-

576 1481 825 1540 nasterii
873 1479 1289 1558 preiudicium
1320 1491 1383 1540 et
1413 1497 1779 1561 grauamen.
1828 1477 2147 1557 Quocirca
2193 1477 2564 1538 fraternitati
2611 1484 2719 1535 tue
2765 1492 2878 1553 per
2923 1473 3278 1552 apostolica

574 1594 805 1671 scripta
840 1592 1238 1664 mandamuS,
1272 1594 1569 1670 quatinus
1600 1595 1839 1653 vocatis
1870 1593 1978 1670 qui
2011 1591 2239 1652 fuerint
2274 1589 2588 1651 euocandi
2622 1598 2684 1648 et
2717 1587 2948 1648 auditis
2978 1583 3277 1646 hincinde

577 1708 934 1785 propositiS,
1004 1707 1179 1785 quod
1248 1707 1628 1767 canonicum
1683 1706 1885 1778 suerit,
1931 1704 2368 1784 appellacione
2422 1713 2670 1763 remota
2716 1700 3041 1772 decernas,
3085 1697 3280 1759 facias

575 1820 754 1899 quod
798 1820 1155 1882 decreueris
1183 1839 1297 1898 per
1329 1838 1661 1880 censuram
1695 1819 2188 1880 ecclesiasticam
2233 1817 2496 1878 firmiter
2542 1815 2882 1887 obseruari,
2929 1813 3280 1891 prouisorie

576 1937 641 1994 in
701 1947 936 1995 terram
999 1933 1149 1994 dicti
1208 1932 1439 1994 nobilis
1484 1942 1549 1994 et
1594 1933 2067 1994 vniuersitatem
2135 1932 2521 2012 Ragusinam
2584 1924 3280 1989 excommunicacionis

576 2047 669 2108 vel
720 2047 1035 2108 interdicti
1080 2049 1473 2107 sentenciam
1520 2046 1824 2125 proferas,
1869 2047 1986 2105 nisi
2033 2064 2071 2104 a
2116 2043 2303 2104 nobis
2357 2060 2545 2122 super
2591 2041 2714 2101 hoc
2761 2038 3138 2100 mandatum
3186 2055 3281 2096 re-

574 2163 815 2240 ceperis
859 2160 1149 2239 speciale.
1194 2160 1420 2223 Testes
1464 2169 1680 2220 autem
1729 2161 1833 2238 qui
1868 2158 2098 2218 suerint
2145 2158 2474 2226 nominati,
2517 2157 2566 2215 si
2615 2175 2682 2214 se
2729 2153 2956 2235 gracia,
2989 2151 3142 2211 odio
3176 2149 3272 2210 vel

574 2274 801 2334 timore
845 2273 1290 2347 subtraxerint,
1322 2291 1586 2334 censura
1618 2273 1803 2333 simili
1833 2271 2272 2351 appellacione
2305 2277 2611 2340 cessante,
2641 2264 2993 2345 compellas
3035 2264 3278 2324 veritati

577 2388 1011 2448 testimonium
1081 2386 1428 2465 perhibere.
1473 2385 1718 2448 Datum
1768 2386 2019 2458 Perusii,
2065 2385 2142 2445 X.
2189 2382 2497 2444 kalendas
2558 2382 2825 2461 augusti,
2871 2376 3279 2457 pontificatus

576 2502 771 2561 nostri
821 2519 993 2561 anno
1040 2503 1264 2580 prime.

760 2693 1057 2767 Ortjginal
1097 2713 1137 2750 u
1184 2692 1629 2750 dubrovac'kom
1677 2691 1900 2749 arkivu
1918 2711 1941 2758 ,·
1979 2692 2174 2766 papin
2214 2694 2400 2765 pedat
2441 2688 2626 2745 dobro
2672 2691 2971 2744 saciuvan.
3013 2718 3098 2726 —
3143 2683 3282 2740 Ima

575 2809 602 2863 i
646 2807 891 2883 rukopis
947 2806 1338 2864 »Bullarium
1386 2806 1815 2879 Ragusinum‹
1875 2807 2013 2860 372.
2067 2823 2106 2860 u
2152 2802 2240 2859 kr.
2290 2821 2434 2858 zem.
2486 2799 2708 2857 arkivu
2756 2819 2797 2855 u
2845 2797 3146 2872 Zagrebu.
3200 2830 3280 2837 —

574 2914 801 2970 lVotica
849 2933 890 2969 u
938 2932 1143 2988 njemu
1164 2933 1183 2968 .·
1238 2912 1515 2968 »Pendet
1556 2910 1727 2967 bulla
1766 2910 2056 2985 plumbea
2113 2908 2443 2967 Clementis
2487 2911 2574 2963 4.(

749 3016 1125 3092 Κιιὲκζῐεῡὶί
1166 3018 1317 3091 Reg.
1368 3036 1463 3073 κο.
1518 3018 1655 3071 893.

1835 3306 2029 3384 833.

580 3476 784 3553 1265,
834 3476 899 3539 8.
949 3476 1290 3559 augusta..
1336 3473 1395 3540 U
1442 3472 1749 3556 Spljetu.

578 3663 929 3747 Gervasqfi
978 3664 1280 3728 Grubes‘a
1326 3664 1740 3749 zamjenjuje
1786 3685 1866 3726 uz
1915 3662 2002 3725 od
2007 3667 2178 3725 §teta
2227 3663 2318 3725 od
2359 3665 2443 3727 25
2492 3660 2708 3725 libam
2769 3662 2966 3747 svoju
3015 3662 3278 3747 ogradu

748 3777 983 3862 zemlje
1028 3800 1102 3840 aa
1150 3777 1252 3840 tn·
1294 3778 1581 3840 komada
1626 3777 1857 3862 zemlje
1914 3776 1979 3837 T
1971 3796 2112 3838 ome
2159 3774 2609 3860 arcz'djczkona
2667 3776 3098 3862 spljetskoga.

750 3970 819 4030 In
854 3974 1117 4031 nomine
1148 3971 1391 4033 domini
1427 3972 1621 4032 nostri
1649 3971 1797 4052 Jesu
1831 3969 2060 4035 Christi
2092 3988 2300 4031 amen.
2332 3969 2532 4032 Anno
2565 3991 2601 4031 a
2633 3971 2966 4033 natiuitate
2990 3972 3276 4032 eiusdem

572 4082 911 4144 millesimo
956 4084 1399 4145 ducentesimo
1446 4088 1851 4166 sexagesimo
1898 4088 2140 4164 quint0,
2191 4086 2548 4147 indiccione
2597 4095 2844 4159 octaua,
2884 4085 2989 4146 die
3034 4095 3281 4160 octaua,

570 4202 846 4259 intrante
892 4207 1182 4279 augusto,
1228 4209 1536 4279 regnante
1552 4194 1851 4277 §domino
1901 4210 2121 4260 nostro
2165 4199 2314 4261 Bela
2347 4200 2750 4261 serenissimo
2796 4217 2946 4281 rege
2981 4200 3278 4280 Vngarie.

573 4311 981 4391 temporibus
1027 4310 1270 4372 domini
1320 4312 1574 4393 Rogerii
1638 4312 2016 4373 venerabilis
2085 4310 2372 4391 Spalate
2457 4336 2462 4339 ·

566 4426 852 4487 Rolandi
915 4425 1167 4486 illustris
1227 4427 1431 4486 tocius
1492 4424 1832 4488 Sclauonie
1892 4426 2042 4487 bani
2104 4437 2168 4487 et
2229 4428 2480 4488 comitis
2556 4424 2965 4506 Spalatensis,
3040 4428 3282 4507 Duymi

568 4538 669 4599 Ka
686 4540 881 4615 ssarii,
920 4538 1229 4619 Johannis
1275 4538 1505 4601 Vitalis
1535 4551 1599 4599 et
1631 4536 1921 4620 Gregorii
1955 4537 2174 4602 Grube
2207 4541 2503 4602 iudicum.
2539 4538 2881 4603 Geruasius
2919 4538 3282 4603 Grubessce

576 4652 867 4713 uendidit
910 4663 975 4713 et
1021 4651 1279 4713 tradidit
1325 4654 1457 4712 iure
1502 4654 1765 4732 proprio
1808 4664 1871 4714 et
1919 4656 1982 4714 in
2029 4664 2410 4732 perpetuum
2458 4654 2726 4716 domino
2780 4654 3035 4717 Thorne
3081 4657 3280 4717 archi-

573 4765 847 4826 diacono
918 4764 1272 4843 Spalatensi
1343 4768 1739 4844 paratineam
1807 4785 2007 4839 suam,
2079 4786 2274 4845 quam
2335 4767 2613 4829 habebat
2659 4771 2722 4829 in
2773 4770 3039 4830 Pistorio
3103 4772 3279 4831 iuxta

562 4881 968 4957 paratineam
1032 4881 1395 4939 monasterii
1457 4884 1655 4940 sancti
1723 4879 2050 4940 Benedicti
2097 4891 2161 4941 et
2206 4900 2408 4960 prope
2471 4892 2682 4943 ortum
2724 4885 2930 4943 ‘sancti
2974 4882 3280 4963 Johannis

561 4992 643 5052 de
692 4992 962 5052 Pistorio
1028 5011 1175 5053 cum
1238 4992 1537 5053 omnibus
1598 4996 1725 5053 suis
1786 4995 2191 5072 pertinenciis
2253 5005 2317 5055 et
2379 4997 2891 5070 circumstanciis,
2947 4997 3279 5058 bannitam

566 5124 679 5182 per
741 5105 1118 5168 Balducium
1180 5109 1483 5168 nuncium
1547 5110 1840 5168 comunis
1900 5106 2152 5185 publice
2209 5110 2270 5167 in
2318 5108 2572 5188 plathea
2620 5130 2737 5189 pro
2784 5112 2998 5189 precio
3063 5114 3280 5193 viginti
