3797 5795
1562 374 1979 437 -641—

414 560 479 624 F
479 566 655 639 errei,
700 562 957 641 Ponyth
1001 562 1177 625 bano
1222 566 1461 625 comite
1506 564 1884 641 Zaladiensi‚
1925 564 2243 627 Michaele
2287 566 2524 627 comite
2569 564 2870 627 Nitn‘ensi
2899 574 2966 627 et
2993 565 3132 628 aliis

406 676 897 756 quampluribus
941 679 1285 739 comitatus
1330 680 1507 760 regni
1556 680 1755 739 nostri
1801 678 2172 739 tenentibus
2215 688 2280 739 et
2327 677 2623 739 honoreS.

598 868 1243 941 Thalldcw-Barabas
1304 870 1445 929 cod.
1510 870 1696 945 Blag.
1762 872 2024 925 21—23.
2088 890 2185 927 no·
2255 876 2327 926 11.
2394 904 2472 913 -
2537 870 2913 948 Kukuljevid
2969 872 3123 949 Reg.

410 993 515 1031 κο.
564 976 738 1031 1070.

1701 1265 1841 1347 85.

409 1422 609 1491 1272.
653 1422 853 1506 Ρτῇο
899 1424 965 1489 6.
1013 1424 1361 1505 augusta.

418 1610 696 1697 Sljepan
745 1612 939 1697 kralj
976 1612 1270 1698 ugarskz'
1308 1610 1343 1675 i
1380 1611 1699 1675 hrvalskz'
1722 1612 2097 1698 dosudjuje
2129 1614 2564 1699 nadbz’skupu
2613 1616 3116 1702 ostrogonskom

931 1725 1242 1789 dohodak
1286 1722 1589 1789 desetz‘ne
1636 1726 1978 1789 komorske
2028 1725 2063 1788 z·
2096 1728 2301 1811 preko
2349 1728 2604 1792 Drave.

583 1918 725 1980 Nos
792 1916 1157 1997 Stephanus
1233 1918 1333 1978 dei
1411 1921 1613 2000 gratia
1685 1918 2032 2001 Hungarie,
2121 1918 2464 1995 Dalmatie,
2541 1918 2814 1997 Croatie,
2889 1923 3119 1999 Rame,

416 2031 645 2108 Servie,
712 2029 999 2106 Gallicie,
1060 2030 1471 2105 Lodomerie,
1531 2028 1859 2106 Cumanie,
1930 2032 2352 2113 Bulgarieque
2424 2052 2542 2095 rex
2611 2053 2730 2113 pro
2799 2036 3112 2097 memoria

415 2144 841 2227 significamus
886 2145 1187 2205 universis
1233 2147 1626 2223 presentium
1671 2164 1786 2223 per
1845 2154 2156 2219 tenorem,
2220 2145 2399 2224 quod
2459 2148 2622 2207 inter
2680 2146 3114 2209 venerabilem

414 2270 655 2339 patrem
706 2258 1071 2337 Philippum
1118 2256 1671 2336 archiepiscopum
1716 2257 2221 2339 Strigoniensem
2268 2268 2333 2319 et
2379 2269 2761 2338 perpetuum
2806 2262 3113 2322 comitem

412 2372 531 2433 loci
576 2371 867 2433 eiusdem
934 2370 1241 2431 dilectum
1288 2380 1352 2431 et
1400 2369 1657 2431 fidelem
1728 2381 2020 2431 nostrum
2089 2389 2173 2431 ex
2233 2389 2361 2433 una
2419 2382 2602 2451 parte
2663 2381 2726 2433 et
2773 2373 2936 2434 inter
2982 2372 3113 2434 Lo-

412 2485 681 2546 randum
729 2484 988 2558 banum,
1033 2484 1133 2543 cui
1179 2482 1516 2544 collectam
1564 2494 1848 2544 nostram
1896 2493 2147 2563 septem
2195 2483 2602 2545 denariorum
2635 2484 2797 2546 ultra
2827 2484 3112 2547 Dravam

414 2617 528 2678 pro
572 2598 749 2659 lucro
793 2616 1046 2659 camere
1093 2598 1390 2658 dedimus
1436 2608 1501 2658 et
1547 2597 1946 2665 donavimus,
2008 2616 2196 2676 super
2258 2597 2509 2659 decima
2569 2600 2764 2677 ipsius
2824 2598 3112 2661 collecte.

415 2722 551 2772 orta
595 2730 810 2772 coram
858 2711 1045 2771 nobis
1090 2711 1355 2771 materia
1401 2712 1784 2791 questionis;
1829 2712 1971 2788 ipso
2017 2710 2360 2771 venerabili
2403 2719 2586 2790 patre
2631 2710 3111 2791 archiepiscopo

414 2822 821 2907 Strigoniensi
868 2834 1128 2905 petente
1173 2835 1239 2885 et
1284 2824 1666 2885 vendicante
1728 2823 2013 2883 decimas
2081 2842 2165 2883 ex
2233 2824 2368 2903 ipsa
2413 2822 2530 2884 sibi
2577 2834 2642 2885 et
2688 2824 2952 2885 ecclesie
2998 2842 3111 2885 sue

409 2939 687 2999 debitas:
755 2950 891 3000 tum
954 2959 1039 3000 ex
1098 2938 1445 3021 privilegiO‚
1514 2949 1654 2999 tum
1714 2956 1797 2998 ex
1860 2937 2124 3014 antiqua
2185 2935 2667 3012 consuetudine,
2735 2939 2911 2998 cuius
2971 2956 3106 2998 non

411 3062 618 3113 exstat
662 3054 1003 3127 memoria;
1064 3055 1126 3112 in
1176 3053 1565 3112 contrarium
1612 3062 1828 3112 autem
1876 3049 2186 3110 Lorando
2247 3059 2524 3130 negante
2570 3059 2635 3111 et
2679 3060 3109 3110 asseverante:

410 3164 497 3224 de
537 3165 795 3227 collecta
840 3166 993 3226 lucri
1040 3183 1292 3225 camere
1339 3164 1501 3225 ultra
1548 3163 1829 3224 Dravam
1895 3181 2214 3243 nusquam
2268 3162 2820 3242 archiepiscopum
2866 3161 3112 3244 Strigo-

410 3279 693 3339 niensem
752 3280 1128 3358 percepisse,
1191 3279 1483 3357 quamvis
1550 3278 1683 3337 iure
1752 3277 2083 3337 communi
2143 3278 2414 3336 intentio
2480 3275 2856 3338 venerabilis
2914 3279 3112 3354 patris

409 3389 855 3472 archiepiscopi
904 3390 1352 3473 Strigoniensis
1397 3393 1713 3452 iuvaretur
1757 3408 1875 3469 pro
1923 3408 2019 3462 e0‚
2066 3389 2245 3469 quod
2276 3390 2352 3464 ei,
2399 3391 2499 3450 cui
2539 3389 2787 3450 decima
2835 3407 3109 3464 camere,

408 3522 525 3582 per
568 3513 773 3566 totum
818 3523 1088 3587 regnum
1134 3504 1508 3577 debebatur,
1566 3523 1680 3582 per
1741 3521 2147 3580 consequens
2213 3512 2277 3563 et
2338 3502 2588 3562 decima
2650 3501 2806 3562 lucri
2852 3519 3108 3563 camere

410 3615 587 3694 quod
659 3618 1064 3678 tantumdem
1141 3616 1468 3698 significat,
1543 3616 1761 3676 deberi
1838 3615 2308 3696 intelligeretur.
2384 3613 2494 3675 Ad
2569 3614 3109 3676 abundantiorem

408 3737 624 3790 tamen
690 3731 1005 3793 cautelam
1075 3741 1137 3790 et
1184 3730 1573 3791 evidentiam
1652 3729 2175 3800 manifestiorem,
2249 3727 2464 3788 eidem
2531 3727 2874 3788 venerabili
2943 3729 3110 3806 patri

410 3839 821 3924 Strigoniensi
888 3843 1386 3922 archiepiscopO,
1455 3861 1645 3922 super
1706 3845 1839 3902 iure
1907 3840 2298 3921 percipiendi
2345 3850 2409 3900 et
2454 3859 2645 3919 super
2704 3843 3110 3920 possessione

411 3955 509 4016 vel
552 3961 725 4035 quasi
774 3960 919 4019 iuris
965 3957 1355 4037 percipiendi
1426 3957 1508 4017 de
1569 3957 1745 4016 lucro
1816 3973 2067 4016 camere
2114 3953 2278 4014 ultra
2323 3953 2606 4015 Dravam
2654 3953 3108 4032 probationem

409 4068 703 4132 duximus
748 4069 1177 4132 indicendam.
1224 4069 1349 4149 Qui
1398 4069 1774 4131 venerabilis
1819 4078 2000 4148 pater
2045 4078 2110 4128 et
2153 4086 2268 4146 per
2313 4068 2552 4128 litteras
2596 4066 2860 4146 papales
2898 4077 2963 4127 et
2993 4086 3108 4146 per

406 4183 639 4246 litteras
669 4185 866 4246 felicis
897 4183 1359 4245 recordationis
1388 4184 1693 4264 genitoris
1725 4184 1922 4242 nostri
1970 4181 2112 4241 luce
2143 4180 2372 4241 clarius
2401 4179 2696 4258 probavit
2727 4189 2790 4240 et
2823 4179 3108 4240 ostendit

407 4297 519 4358 sibi
565 4309 629 4359 et
674 4298 1245 4378 archiepiscopatui
1292 4295 1709 4377 Strigoniensi
1773 4294 1993 4354 deberi
2055 4293 2376 4354 decimam
2441 4290 2594 4352 lucri
2640 4310 2894 4354 camere
2942 4292 3106 4353 ultra

405 4409 699 4472 Dravam.
744 4411 830 4474 Et
874 4410 1424 4490 archiepiscopum
1489 4419 1553 4469 et
1614 4407 2230 4486 archiepiscopatum
2294 4405 2799 4487 Strigoniensem
2846 4407 2910 4465 in
2956 4424 3106 4485 pos-

402 4527 699 4598 sessione,
744 4526 844 4586 vel
892 4525 1072 4603 quasi
1116 4525 1265 4585 iuris
1328 4520 1742 4602 percipiende
1804 4519 2089 4580 decimas
2150 4519 2232 4580 de
2298 4519 2452 4580 lucri
2514 4536 2766 4580 camere
2834 4517 3106 4579 collecte

401 4640 561 4701 ultra
609 4637 892 4699 Dravam
940 4637 1130 4698 fuisse
1176 4647 1240 4698 et
1286 4635 1622 4707 exstitisse,
1670 4633 2182 4694 contradictione
2244 4630 2531 4710 qualibet
2591 4648 2724 4691 non
2785 4630 3106 4694 obstante.

401 4751 651 4831 Quibus
695 4751 915 4811 litteris
958 4749 1127 4810 facta
1172 4749 1360 4809 nobis
1404 4747 1595 4826 plena
1656 4745 1802 4820 fide,
1865 4745 2045 4824 quod
2091 4745 2342 4806 decima
2404 4743 2558 4805 lucri
2627 4762 2881 4806 camere
2938 4745 3106 4806 ultra

399 4864 697 4927 Drawam
775 4862 1193 4944 Strigoniensi
1267 4861 1751 4940 archiepiscopo
1833 4871 1897 4920 et
1973 4858 2542 4937 archiepiscopatui
2619 4856 2965 4919 deberetur
3037 4867 3104 4919 et

400 4977 846 5060 Strigoniensis
890 4975 1405 5055 archiepiscopus
1448 4985 1513 5036 et
1558 4973 2144 5052 archiepiscopatus
2203 4972 2266 5030 in
2327 4973 2732 5050 possessione
2779 4971 2878 5032 vel
2926 4973 3105 5046 quasi

398 5090 785 5171 percipiendi
846 5090 1130 5151 decimas
1191 5089 1342 5150 lucri
1405 5107 1657 5150 camere
1726 5087 1888 5148 ultra
1934 5085 2240 5147 Drawam
2305 5102 2558 5162 semper
2618 5082 2836 5144 fuisset
2883 5093 2948 5143 et
2995 5100 3103 5142 ex-

484 5223 628 5265 con.
664 5223 828 5267 Dum.
864 5223 919 5263 v.
2935 5191 3018 5257 41
