3797 5795
1785 386 1850 395 —
1927 347 2195 409 262—

629 539 931 599 omnibus
975 541 1434 601 commetaneis
1463 552 1527 601 et
1558 542 1774 602 vicinis
1820 542 1882 602 in
1935 538 2108 601 nullo
2155 536 2737 598 contradicentibus
2784 534 3059 596 eandem
3109 543 3345 594 terram

631 650 813 713 dictis
861 651 1073 712 Iwano
1104 662 1167 712 ct
1201 651 1430 714 Marko
1476 654 1772 713 fratribus
1815 655 2161 715 statuisset.
2212 650 2350 713 Nos
2397 652 2611 728 itaque
2658 650 2881 710 merita
2927 647 3343 709 seruiciorum

628 764 943 825 dictorum
1008 764 1200 825 Iwani
1246 776 1310 825 et
1356 765 1557 827 Marci
1618 766 1805 827 nobis
1865 768 1931 826 in
1977 767 2117 845 ipso
2188 762 2469 826 confinio
2529 762 2800 824 fideliter
2846 773 2909 824 et
2954 766 3346 823 incessanter

629 875 1060 937 exhibitorum
1105 874 1583 960 attende(n)te5,
1627 878 1864 939 dictam
1917 890 2149 938 terram
2196 876 2440 938 eisdem
2486 875 2701 936 Iwano
2746 885 2812 937 et
2858 875 3081 937 Marco
3126 886 3349 936 aucto-

631 992 814 1050 ritate
875 992 1275 1068 presencium
1338 990 1794 1052 confirmamus
1861 992 1927 1051 in
1987 991 2271 1070 ipsorum
2318 989 2512 1051 Iwani
2559 998 2623 1049 et
2667 988 2870 1050 Marci
2915 1007 2992 1049 ac
3034 988 3345 1049 heredum

631 1102 984 1162 eorundem
1045 1111 1364 1181 potestate
1408 1113 1716 1182 perpetua
1761 1103 2149 1165 duraturam.
2198 1102 2375 1164 Mete
2418 1110 2635 1163 autem
2681 1102 2878 1181 ipsius
2923 1112 3108 1175 terre,
3152 1112 3343 1180 prout

631 1216 693 1274 in
740 1215 958 1275 litteris
1004 1215 1291 1277 eiusdem
1340 1216 1614 1277 Rolandi
1653 1217 1804 1277 bani
1850 1226 1915 1277 et
1962 1216 2114 1277 dicti
2160 1216 2413 1276 comitis
2444 1214 2711 1275 Fabiani
2743 1216 2807 1274 in
2844 1212 3087 1275 dictum
3108 1210 3175 1297 (1)
3220 1212 3346 1275 hoc

630 1328 854 1388 ordine
909 1328 1350 1409 distinguntur.
1414 1329 1640 1408 Incipit
1702 1330 1873 1389 enim
1936 1331 2141 1408 prima
2186 1338 2359 1389 meta
2405 1348 2444 1388 a
2491 1322 2697 1406 Culpa
2741 1346 2780 1387 a
2824 1336 3005 1405 parte
3050 1326 3343 1387 orientali

627 1451 691 1501 et
739 1441 912 1502 vadit
955 1460 1072 1521 per
1117 1460 1310 1502 vnam
1358 1442 1629 1503 mlacam
1679 1460 1894 1503 versus
1941 1442 2341 1503 occidentem
2390 1459 2590 1520 vsque
2655 1438 2920 1500 fluuium
2968 1438 3119 1500 Brin
3166 1440 3347 1499 iuxta

627 1565 861 1614 terram
937 1555 1123 1615 castri
1197 1552 1605 1615 Gorichensis
1671 1556 1776 1615 vbi
1845 1565 1941 1616 est
2008 1563 2181 1615 meta
2248 1566 2453 1615 terrea
2521 1564 2585 1615 et
2652 1553 2805 1614 inde
2871 1572 2983 1631 per
3052 1552 3338 1613 eundem

626 1665 890 1728 fluuium
941 1667 1090 1728 Brin
1135 1676 1198 1727 et
1247 1668 1310 1727 in
1356 1667 1590 1728 eodem
1637 1667 1809 1729 vadit
1841 1670 2045 1729 eciam
2094 1686 2310 1728 uersus
2355 1666 2761 1728 occidentem
2808 1684 3007 1742 vsque
3052 1665 3138 1726 ad
3183 1664 3349 1726 duas

627 1789 834 1839 metas
879 1790 1112 1840 terreas
1160 1782 1222 1840 in
1267 1780 1499 1861 quibus
1539 1792 1687 1841 sunt
1734 1781 1860 1843 due
1890 1781 2151 1842 arbores
2196 1780 2531 1861 gerthansa
2578 1792 2806 1842 vocate
2850 1781 2915 1841 in
2960 1779 3122 1840 silua
3168 1778 3347 1857 palu-

628 1890 806 1966 dosa,
850 1893 914 1952 in
963 1911 1089 1970 qua
1152 1893 1328 1954 vadit
1387 1894 1675 1972 superius
1719 1913 1832 1972 per
1881 1903 2085 1954 metas
2151 1902 2387 1953 terreas
2448 1903 2512 1954 et
2560 1895 2740 1975 signa
2784 1896 2847 1954 in
2896 1892 3233 1953 arboribus
3278 1892 3345 1951 in

627 2005 1079 2065 conuicinitate
1139 2016 1302 2067 terre
1371 2008 1558 2067 castri
1617 2025 1817 2086 vsque
1877 2006 1961 2066 ad
2030 2008 2273 2067 exitum
2342 2006 2631 2067 eiusdem
2676 2006 2833 2067 silue
2878 2004 3193 2085 paludose
3238 2003 3345 2064 vbi

627 2127 776 2177 sunt
843 2118 968 2177 due
1037 2128 1235 2179 mette
1310 2129 1513 2180 terree
1573 2129 1639 2180 et
1701 2119 1850 2181 inde
1914 2119 2086 2180 vadit
2148 2138 2261 2199 per
2328 2120 2555 2180 siluam
2624 2138 2751 2199 que
2821 2120 3019 2200 lignet
3076 2127 3349 2179 uocatur

627 2248 828 2308 vsque
873 2231 955 2291 ad
1000 2241 1263 2292 stratam
1325 2233 1650 2311 publicam
1695 2252 1822 2309 que
1882 2233 2057 2293 vadit
2117 2233 2199 2293 de
2254 2234 2519 2294 ecclesia
2578 2235 2780 2293 sancti
2842 2231 3063 2312 Jacobi
3126 2250 3345 2292 versus

623 2340 842 2403 locum
903 2346 1074 2405 curie
1141 2342 1504 2406 Goricensis
1567 2348 1730 2407 inter
1789 2344 2196 2406 occidentem
2256 2356 2321 2407 et
2384 2346 2716 2407 meridiem
2762 2356 2826 2407 et
2872 2348 2935 2406 in
2983 2344 3089 2405 illa
3149 2352 3347 2408 strata

625 2455 882 2532 publica
947 2455 1121 2517 vadit
1187 2475 1335 2518 cum
1397 2459 1582 2519 metis
1649 2460 1866 2520 terreis
1934 2469 2000 2520 et
2067 2462 2133 2519 in
2197 2461 2392 2539 signis
2450 2461 2517 2519 in
2583 2458 2915 2519 arboribus
2988 2476 3192 2537 vsque
3261 2458 3351 2519 ad

626 2567 953 2646 quendam
1001 2571 1422 2631 monticulum
1468 2574 1642 2633 iuxta
1688 2583 1923 2633 terram
1969 2574 2155 2632 castri
2200 2574 2536 2632 memorati
2583 2581 2646 2631 et
2691 2571 2780 2631 ibi
2823 2569 3041 2632 relicta
3086 2570 3193 2632 illa
3236 2573 3342 2631 via

627 2680 712 2740 ad
758 2681 1055 2743 dextram
1102 2684 1275 2745 vadit
1306 2703 1520 2745 versus
1566 2683 1897 2745 meridiem
1944 2703 2058 2763 per
2104 2694 2359 2745 montes
2404 2694 2469 2744 et
2518 2695 2723 2745 metas
2768 2693 3006 2745 terreas
3049 2694 3115 2745 et
3160 2685 3347 2766 sigua

627 2801 694 2854 et
738 2794 887 2855 inde
930 2795 1263 2856 descendit
1323 2798 1499 2857 iuxta
1559 2798 1834 2859 eandem
1883 2807 2117 2858 terram
2180 2798 2367 2858 castri
2411 2797 2477 2857 in
2521 2816 2715 2857 vnam
2770 2796 3025 2872 uallem,
3086 2800 3153 2859 in
3214 2816 3347 2876 qua

627 2916 723 2966 est
769 2909 868 2969 via
913 2928 1040 2989 que
1085 2911 1258 2971 vadit
1289 2911 1550 2972 deloco
1593 2913 1766 2972 curie
1813 2910 2245 3010 Gorifhiensis
2272 2910 2358 2970 ad
2390 2909 2665 2970 domum
2712 2909 3081 2974 Othmizlau
3124 2930 3347 2972 versus

628 3020 959 3083 meridiem
1007 3023 1111 3083 vbi
1156 3033 1304 3084 sunt
1365 3034 1534 3085 mete
1596 3037 1798 3085 terree
1843 3034 1910 3085 et
1955 3023 2191 3085 deinde
2253 3023 2605 3104 regreditur
2647 3043 2763 3103 per
2806 3034 3063 3086 montes
3124 3043 3348 3086 versus

627 3135 939 3195 orientem
1000 3138 1065 3196 in
1126 3155 1316 3196 vnam
1384 3155 1688 3218 magnam
1761 3136 1990 3198 vallem
2065 3137 2171 3197 vbi
2216 3147 2312 3197 est
2381 3147 2555 3198 meta
2620 3146 2825 3198 terrea
2886 3147 2952 3198 et
3018 3137 3169 3198 inde
3228 3155 3347 3216 per

627 3246 889 3308 easdem
953 3258 1164 3327 partes
1233 3251 1442 3310 veniet
1500 3248 1585 3310 ad
1651 3268 1953 3332 magnam
2016 3250 2217 3311 tiliam
2264 3260 2332 3311 et
2376 3249 2526 3311 inde
2569 3268 2685 3329 per
2744 3259 2950 3311 metas
3010 3251 3235 3310 transit
3280 3252 3349 3310 in

625 3357 891 3421 fluuium
939 3360 1235 3422 Zlathnik
1279 3381 1496 3423 versus
1540 3364 1872 3437 orientem,
1918 3365 1983 3423 in
2031 3382 2161 3443 quo
2208 3364 2437 3423 iterum
2498 3362 2669 3423 cadit
2714 3365 2777 3423 in
2826 3361 3101 3442 Culpam
3146 3373 3213 3423 et
3258 3363 3344 3423 ibi

626 3482 801 3533 mete
860 3474 1147 3536 eiusdem
1209 3487 1373 3537 terre
1439 3478 1874 3538 terminantur.
1924 3476 1997 3536 In
2044 3478 2219 3537 cuius
2265 3478 2353 3536 rei
2400 3477 2781 3537 memoriam
2846 3475 3345 3554 firmitatemque

627 3597 1005 3664 perpetuam
1071 3598 1398 3668 presentes
1465 3589 1764 3651 dedimus
1829 3591 2070 3651 litteras
2136 3588 2406 3668 duplicis
2474 3588 2654 3670 sigilli
2719 3591 2917 3650 nostri
2986 3590 3343 3650 munimine

627 3697 975 3760 roboratas.
1021 3699 1261 3761 Datum
1294 3721 1410 3780 per
1439 3720 1667 3763 manus
1713 3705 1997 3784 magistri
2041 3702 2096 3764 F
2098 3705 2315 3764 arcasii
2362 3701 2801 3784 Zagrabiensis
2846 3701 3113 3762 ecclesie
3158 3701 3343 3762 electi

627 3810 770 3871 aule
817 3822 1032 3873 nostre
1074 3815 1564 3876 vicecancellarii
1612 3814 1823 3877 dilecti
1867 3823 1935 3875 et
1979 3814 2184 3877 fidelis
2228 3816 2442 3889 nostri,
2488 3833 2661 3876 anno
2708 3814 2952 3875 domini
2998 3815 3341 3878 millesimo

629 3921 1071 3987 ducentesimo
1117 3930 1520 4009 sexagesimo
1568 3931 1783 4003 terci0,
1827 3929 2006 4009 regni
2036 3937 2256 3990 autem
2295 3930 2493 3989 nostri
2524 3944 2697 3988 anno
2742 3931 3043 3990 vicesimo
3090 3939 3346 3992 octauo,

805 4136 874 4193 [ε
907 4137 1217 4213 prijepisa
1262 4137 1428 4196 bana
1473 4140 1804 4196 Hermana
1846 4137 2167 4214 Celjskoga
2214 4141 2293 4196 oa'
2336 4159 2395 4213 g.
2430 4141 2607 4193 1424.
2656 4145 2734 4196 11.
2784 4148 3011 4210 marta,
3054 4139 3216 4198 kako
3252 4159 3345 4215 ga

607 4262 688 4318 Je
721 4262 786 4315 g.
838 4245 1006 4296 1455.
1074 4245 1168 4299 22.
1233 4245 1402 4319 maja
1463 4245 1750 4320 prepisao
1812 4241 2128 4300 budimski
2183 4242 2404 4320 kaptol.
2459 4243 2742 4301 Izvornik
2776 4245 3211 4321 posljednjega
3256 4263 3343 4302 na

617 4347 990 4422 pergameni
1043 4365 1084 4404 u
1142 4346 1239 4404 kr.
1309 4366 1485 4422 ugar.
1543 4350 1668 4406 (1νέ.
1739 4347 1965 4406 arkivu
2012 4367 2054 4404 u
2100 4348 2495 4425 Budimpes‘ti
2515 4370 2535 4405 .·
2580 4349 2669 4406 M.
2732 4349 2802 4408 0.
2852 4349 2933 4406 D.
2983 4349 3054 4406 L.
3110 4352 3337 4408 35.152.

630 4450 820 4510 Siara
866 4451 1231 4525 signatura:
1275 4451 1406 4509 Act.
1457 4454 1821 4510 monasterii
1862 4450 2221 4510 Kamenska
2250 4455 2428 4530 fasc.
2465 4453 2514 4510 I.
2564 4473 2659 4511 no.
2700 4458 2755 4509 4.
2807 4488 2891 4494 —
2938 4453 3081 4511 Vidi
3105 4453 3345 4530 opasku

615 4557 752 4632 pod
795 4553 882 4614 br.
937 4558 1078 4614 760.

801 4658 1176 4734 Kukuljevic‘
1211 4662 1360 4735 Reg.
1408 4682 1503 4723 no,
1556 4667 1687 4718 848.
