3797 5795
713 560 1013 611 ventroso
1075 550 1415 632 iobagione
1477 552 1662 613 castri
1725 551 2162 633 Zagrabiensis
2206 562 2271 613 et
2315 550 2595 613 eundem
2654 552 2739 613 ad
2800 562 3085 613 nostram
3149 552 3417 611 citantes

709 665 1108 741 presenciam
1155 664 1360 725 taliter
1390 664 1861 744 proponebant,
1909 664 2086 744 quod
2124 668 2259 744 ipsa
2306 675 2470 725 esset
2503 664 2875 726 hereditaria
2920 674 3087 725 terra
3133 666 3413 743 ipsorum

703 787 778 836 ⁴et
824 775 996 837 idem
1050 776 1362 837 Martinus
1407 777 1683 839 eandem
1745 796 2071 855 occupans
2132 778 2529 857 deposuisset
2574 780 2747 857 ipsos
2792 777 3119 839 uiolenter.
3170 775 3407 841 Contra

714 906 879 968 quos
939 887 1109 949 idem
1173 888 1481 950 Martinus
1541 890 1992 969 respondebat,
2053 890 2231 971 quod
2278 893 2413 970 ipsa
2458 902 2623 951 terra
2669 909 2781 951 sua
2826 901 2990 951 esset
3041 890 3417 951 hereditaria

713 1011 775 1063 et
825 1001 1039 1063 fuisset
1083 1002 1166 1062 ab
1213 1004 1476 1078 antiquo
1523 1021 1636 1081 per
1681 1012 1932 1081 patrem
1980 1014 2042 1065 et
2088 1004 2571 1083 predecessores
2615 1022 2765 1065 suos
2810 1002 3075 1083 pacifice
3120 1022 3417 1082 possessa

711 1126 776 1177 et
823 1116 940 1176 sibi
987 1117 1219 1177 relicta.
1265 1116 1348 1177 Et
1399 1116 1586 1176 iidem
1654 1116 1937 1177 Berizlau
1983 1115 2241 1178 Vulchk
2285 1128 2347 1177 et
2394 1118 2545 1177 socii
2593 1118 2685 1177 sui
2732 1117 3024 1195 primitus
3086 1118 3418 1188 nominati,

710 1229 1184 1309 requisiuissent
1220 1230 1303 1289 ab
1337 1230 1475 1308 ipso
1508 1240 1571 1290 et
1605 1228 2050 1290 iustificassent
2079 1230 2165 1289 ab
2204 1232 2352 1309 ipsis
2398 1228 2664 1290 iudiciali
2715 1230 3037 1290 sentencia
3084 1228 3412 1290 mediante

709 1342 1026 1403 exhibens
1056 1341 1140 1403 ad
1187 1341 1310 1403 hoc
1353 1345 1642 1421 protinus
1691 1342 1927 1403 litteras
1974 1339 2323 1403 Alexandri
2372 1342 2704 1421 quondam
2752 1343 3035 1403 vicebani
3070 1353 3132 1404 et
3164 1343 3421 1402 comitis

711 1455 1154 1536 Zagrabiensis
1215 1465 1277 1515 et
1340 1456 1668 1537 priuilegio
1729 1455 1927 1516 felicis
1991 1456 2298 1517 memorie
2359 1454 2664 1534 Stephani
2726 1455 2894 1529 bani,
2954 1457 3287 1535 inscriptas
3331 1454 3414 1516 de

709 1568 916 1627 uerbo
962 1568 1044 1629 ad
1092 1569 1360 1628 uerbum
1422 1578 1484 1628 et
1531 1567 1940 1629 confirmatas
2000 1570 2479 1647 autenticasque
2540 1568 2827 1629 eiusdem
2890 1566 3199 1647 Stephani
3266 1569 3417 1628 bani

711 1679 1062 1761 priuilegiO,
1107 1680 1302 1741 talem
1349 1684 1578 1741 seriem
1623 1683 2044 1757 continenteS,
2090 1680 2269 1762 quod
2313 1680 2483 1741 idem
2534 1681 2815 1743 Berizlau
2864 1680 3141 1755 Vulchk,
3174 1677 3417 1759 Stepan

713 1793 780 1854 V
785 1791 918 1870 ytk‚
967 1792 1261 1871 Vulchey
1308 1805 1372 1854 et
1403 1793 1760 1875 Draguzlau
1810 1813 1957 1855 cum
2015 1794 2315 1855 omnibus
2360 1794 2488 1862 suis
2534 1796 2861 1872 proximis,
2905 1812 3054 1855 cum
3102 1796 3421 1873 prenomi-

715 1916 935 1965 natam
997 1915 1229 1967 terram
1291 1908 1780 1986 requisiuissent‚
1825 1906 2092 1967 tandem
2153 1910 2216 1967 in
2277 1909 2597 1988 assignato
2660 1909 2751 1967 eis
2811 1909 3088 1968 termino
3147 1906 3229 1967 ad
3277 1924 3425 1985 pro-

713 2018 1098 2079 duccionem
1159 2023 1414 2081 testium
1480 2019 1838 2080 faciendam
1905 2019 2141 2081 nullam
2203 2020 2704 2099 produccionem
2766 2020 2974 2081 facere
3042 2022 3420 2099 potuissent,

716 2150 838 2192 nec
897 2134 1101 2193 eciam
1160 2133 1438 2211 aliquam
1501 2133 1840 2194 ostendere
1902 2135 2276 2194 caucionem
2337 2144 2401 2194 et
2463 2132 2611 2194 ideo
2674 2133 2885 2194 eidem
2948 2132 3227 2193 Mai-tino
3272 2150 3423 2193 cum

715 2243 1015 2305 vndecim
1077 2246 1193 2305 sibi
1253 2245 1690 2307 consimilibus
1757 2244 2124 2306 hominibus
2182 2244 2611 2307 adiudicatum
2676 2246 2896 2306 fuisset
2948 2255 3421 2306 sacramentum

718 2367 783 2417 et
830 2358 1092 2417 iurasset
1138 2376 1284 2418 cum
1333 2357 1594 2431 eisdem,
1642 2377 1917 2436 quorum
1964 2360 2310 2419 iuratorum
2358 2360 2619 2419 nomina
2666 2361 2727 2418 in
2776 2368 3047 2433 utroque
3094 2358 3427 2439 priuilegio

718 2470 1141 2531 continentur.
1187 2470 1324 2531 Nos
1369 2472 1556 2552 igitur
1601 2490 1875 2532 vnacum
1910 2474 2212 2553 magistro
2245 2471 2454 2549 MoyS,
2484 2470 2841 2553 Simigiensi
2884 2482 2949 2531 et
2982 2470 3423 2532 VVorosdiensi

721 2584 972 2657 comite,
1021 2586 1322 2665 magistro
1371 2582 1644 2645 Nicolao
1711 2583 1920 2645 iudice
1966 2586 2136 2646 curie
2182 2584 2444 2645 domine
2488 2586 2705 2665 regine
2752 2584 3082 2663 quondam
3130 2586 3427 2665 gracioso

721 2706 784 2755 et
817 2695 1100 2774 plurimis
1131 2698 1305 2777 regni
1339 2696 1658 2757 nobilibus
1703 2697 1963 2776 publico
2014 2697 2245 2757 iudicio
2284 2696 2729 2771 assidentibuS,
2762 2696 2978 2758 Iwano
3024 2696 3154 2757 filio
3190 2696 3425 2775 Inzlay‚

724 2807 1070 2869 Hrencone
1117 2808 1410 2870 Farcasio
1444 2809 1526 2870 de
1559 2810 1842 2891 Zagoria,
1891 2810 2261 2870 Pouorseno
2293 2809 2424 2870 filio
2456 2810 2619 2871 Rata
2652 2821 2717 2871 et
2745 2808 2899 2883 aliis,
2946 2809 3427 2871 considerantes

705 2922 984 2983 eosdem
1021 2923 1388 3001 Beryzlaum
1423 2935 1485 2985 et
1517 2943 1667 3002 suos
1715 2933 2027 3005 cognatos
2071 2924 2553 3002 prenominatos
2582 2922 2757 2984 litem
2790 2924 3077 3002 primitus
3107 2923 3421 3004 litigatam

721 3045 784 3095 et
831 3054 914 3095 ex
963 3055 1135 3096 nouo
1181 3039 1586 3097 terminatam
1634 3038 2048 3115 resumpsisse
2093 3046 2158 3097 et
2203 3033 2667 3118 recidivasse(l),
2713 3037 3115 3096 decreuimus
3154 3034 3425 3096 eosdem

725 3148 1058 3208 manifeste
1126 3148 1662 3228 calumpniatores
1731 3151 2123 3210 remansisse.
2193 3147 2275 3210 Et
2350 3167 2743 3226 quamquam
2800 3153 2991 3227 'ipsos
3064 3148 3423 3208 secundum

723 3263 1136 3322 constitutam
1183 3261 1532 3322 uindictam
1579 3261 1944 3341 calumpnie
1995 3260 2398 3342 exigentibus
2442 3263 2723 3340 ipsorum
2773 3264 3028 3334 meritis,
3060 3262 3282 3320 assatis
3314 3280 3431 3339 per

725 3374 1008 3434 medium
1055 3375 1222 3434 nasis
1267 3374 1542 3435 iudicare
1582 3373 2039 3448 debuissemuS,
2070 3385 2289 3435 tamen
2323 3375 2471 3453 ipsis
2500 3377 2901 3454 pepercimus
2930 3373 3015 3434 ad
3048 3375 3427 3434 instanciam

724 3488 1087 3563 petencium
1136 3487 1564 3547 misericordia
1626 3486 1969 3560 mediante,
2015 3486 2443 3567 relinquentes
2488 3489 2695 3566 ipsam
2741 3497 2972 3546 terram
3038 3485 3315 3546 Martino
3362 3497 3428 3545 et

725 3599 917 3675 ipsius
961 3599 1428 3660 successoribus
1488 3610 1800 3678 perpetuo
1869 3598 2345 3678 possidendam,
2392 3601 2542 3678 ipsis
2590 3598 2911 3660 Berizlauo
2958 3609 3020 3659 et
3066 3601 3194 3659 suis
3237 3601 3429 3659 sociis

722 3714 1089 3787 prenotatis
1153 3731 1228 3774 ac
1289 3713 1568 3791 ipsorum
1631 3714 1942 3792 proximis
2000 3715 2376 3773 auctoritate
2437 3713 2837 3791 presencium
2886 3714 2947 3772 in
2994 3713 3239 3774 futuros
3284 3730 3428 3771 suc-

722 3841 1007 3884 cessores
1036 3825 1361 3885 silencium
1396 3836 1776 3904 perpetuum
1811 3828 2233 3904 imponentes,
2260 3825 2330 3884 In
2365 3827 2541 3885 cuius
2572 3827 2658 3885 rei
2691 3826 2885 3887 robur
2917 3837 2983 3887 et
3010 3825 3427 3885 stabilitatem

721 3946 1098 4016 perpetuam
1145 3949 1470 4016 presentes
1518 3940 1903 3999 contulimus
1950 3937 2130 4019 sigilli
2178 3939 2373 3998 nostri
2423 3939 2777 3997 munimine
2830 3940 3171 3999 roboratas,
3222 3935 3430 3996 Anno

722 4047 968 4109 domini
1031 4048 1334 4114 MCCLX
1393 4054 1618 4130 prim0,
1677 4051 1983 4130 pristaldo
2046 4052 2215 4111 curie
2276 4060 2493 4111 nostre
2552 4048 2810 4110 Thoma
2864 4049 2991 4111 filio
3037 4048 3315 4112 Sanctus
3360 4061 3428 4108 et

722 4165 963 4222 teri-esti
1011 4162 1317 4242 pristaldo
1366 4164 1617 4225 Boseno
1661 4164 1792 4224 filio
1839 4163 2027 4225 Inuse
2074 4163 2509 4225 existentibus.

899 4353 1088 4412 Liber
1118 4357 1410 4432 privileg.
1460 4358 1844 4433 episcopatus
1889 4355 2153 4430 Zagrab.
2200 4356 2311 4413 list
2354 4359 2447 4412 59.

910 4458 1160 4516 Tkalc‘ic‘
1197 4460 1468 4517 Manum.
1530 4461 1782 4537 episcop.
1849 4459 2113 4534 Zagstab.
2166 4460 2214 4518 l.
2260 4462 2595 4518 126—127.
2644 4493 2729 4501 —-
2792 4460 3033 4517 Wenzel
3080 4459 3220 4517 cod.
3270 4461 3430 4536 dipl.

725 4561 958 4636 Arpad.
1007 4573 1158 4621 cont.
1211 4564 1318 4621 XI.
1374 4567 1689 4621 510—511.
1733 4599 1819 4606 —
1871 4557 2238 4639 Kukuljevic
2283 4566 2434 4636 Reg.
2488 4585 2581 4622 ne.
2635 4567 2771 4621 820.
2978 4559 2983 4562 ⁴
