<?xml version="1.0" encoding="UTF-8"?>
<!DOCTYPE html PUBLIC "-//W3C//DTD XHTML 1.0 Transitional//EN"
    "http://www.w3.org/TR/xhtml1/DTD/xhtml1-transitional.dtd">
<html xmlns="http://www.w3.org/1999/xhtml" xml:lang="en" lang="en">
 <head>
  <title>
</title>
<meta http-equiv="Content-Type" content="text/html;charset=utf-8" />
  <meta name='ocr-system' content='tesseract 3.04.00' />
  <meta name='ocr-capabilities' content='ocr_page ocr_carea ocr_par ocr_line ocrx_word'/>
</head>
<body>
  <div class='ocr_page' id='page_1' title='image "./codexdiplomatic00umjegoog_0590.png"; bbox 0 0 3797 5795; ppageno 0'>
   <div class='ocr_carea' id='block_1_1' title="bbox 1524 359 1931 421">
    <p class='ocr_par' dir='ltr' id='par_1_1' title="bbox 1524 359 1931 421">
     <span class='ocr_line' id='line_1_1' title="bbox 1524 359 1931 421; baseline -0.007 1"><span class='ocrx_word' id='word_1_1' title='bbox 1524 359 1931 421; x_wconf 77' lang='lat'>-577—</span> 
     </span>
    </p>
   </div>
   <div class='ocr_carea' id='block_1_2' title="bbox 407 549 3092 3122">
    <p class='ocr_par' dir='ltr' id='par_1_2' title="bbox 407 549 3092 3122">
     <span class='ocr_line' id='line_1_2' title="bbox 410 549 3078 632; baseline -0.001 -17"><span class='ocrx_word' id='word_1_2' title='bbox 410 554 644 623; x_wconf 83' lang='lat' dir='ltr'><strong>sontem,</strong></span> <span class='ocrx_word' id='word_1_3' title='bbox 692 552 796 629; x_wconf 92' lang='lat' dir='ltr'><strong>qui</strong></span> <span class='ocrx_word' id='word_1_4' title='bbox 843 551 974 609; x_wconf 86' lang='lat' dir='ltr'><strong>exit</strong></span> <span class='ocrx_word' id='word_1_5' title='bbox 1020 549 1103 610; x_wconf 91' lang='lat' dir='ltr'><strong>de</strong></span> <span class='ocrx_word' id='word_1_6' title='bbox 1154 549 1394 611; x_wconf 77' lang='lat' dir='ltr'><strong>Wolko</strong></span> <span class='ocrx_word' id='word_1_7' title='bbox 1426 564 1490 611; x_wconf 89' lang='lat' dir='ltr'><strong>et</strong></span> <span class='ocrx_word' id='word_1_8' title='bbox 1522 549 1758 611; x_wconf 81' lang='lat' dir='ltr'>exinde</span> <span class='ocrx_word' id='word_1_9' title='bbox 1806 551 2111 629; x_wconf 88' lang='lat' dir='ltr'><strong>incipiens</strong></span> <span class='ocrx_word' id='word_1_10' title='bbox 2157 552 2331 612; x_wconf 90' lang='lat' dir='ltr'><strong>uadit</strong></span> <span class='ocrx_word' id='word_1_11' title='bbox 2380 554 2441 610; x_wconf 86' lang='lat' dir='ltr'><strong>in</strong></span> <span class='ocrx_word' id='word_1_12' title='bbox 2489 552 2834 613; x_wconf 86' lang='lat' dir='ltr'><strong>medietate</strong></span> <span class='ocrx_word' id='word_1_13' title='bbox 2883 556 3078 632; x_wconf 90' lang='lat' dir='ltr'><strong>ipsius</strong></span> 
     </span>
     <span class='ocr_line' id='line_1_3' title="bbox 414 662 3076 745; baseline -0.001 -17"><span class='ocrx_word' id='word_1_14' title='bbox 414 662 627 728; x_wconf 87' lang='lat' dir='ltr'><strong>Wolko</strong></span> <span class='ocrx_word' id='word_1_15' title='bbox 670 662 751 723; x_wconf 89' lang='lat' dir='ltr'><strong>ad</strong></span> <span class='ocrx_word' id='word_1_16' title='bbox 798 662 1049 745; x_wconf 87' lang='lat' dir='ltr'>plagam</span> <span class='ocrx_word' id='word_1_17' title='bbox 1102 664 1474 725; x_wconf 81' lang='lat' dir='ltr'><strong>orientalem</strong></span> <span class='ocrx_word' id='word_1_18' title='bbox 1523 676 1586 724; x_wconf 89' lang='lat' dir='ltr'><strong>et</strong></span> <span class='ocrx_word' id='word_1_19' title='bbox 1632 663 1714 724; x_wconf 91' lang='lat' dir='ltr'><strong>de</strong></span> <span class='ocrx_word' id='word_1_20' title='bbox 1761 664 1901 742; x_wconf 88' lang='lat' dir='ltr'><strong>ipso</strong></span> <span class='ocrx_word' id='word_1_21' title='bbox 1946 667 2170 725; x_wconf 88' lang='lat' dir='ltr'><strong>exiens</strong></span> <span class='ocrx_word' id='word_1_22' title='bbox 2217 663 2545 725; x_wconf 88' lang='lat' dir='ltr'><strong>descendit</strong></span> <span class='ocrx_word' id='word_1_23' title='bbox 2593 664 2674 725; x_wconf 92' lang='lat' dir='ltr'><strong>ad</strong></span> <span class='ocrx_word' id='word_1_24' title='bbox 2723 665 3076 743; x_wconf 87' lang='lat' dir='ltr'><strong>quemdam</strong></span> 
     </span>
     <span class='ocr_line' id='line_1_4' title="bbox 412 776 3081 857; baseline -0.001 -16"><span class='ocrx_word' id='word_1_25' title='bbox 412 777 754 841; x_wconf 87' lang='lat' dir='ltr'><strong>fonticulum</strong></span> <span class='ocrx_word' id='word_1_26' title='bbox 788 776 871 837; x_wconf 92' lang='lat' dir='ltr'><strong>ad</strong></span> <span class='ocrx_word' id='word_1_27' title='bbox 904 789 1151 857; x_wconf 73' lang='lat' dir='ltr'><strong>partem</strong></span> <span class='ocrx_word' id='word_1_28' title='bbox 1196 776 1818 855; x_wconf 88' lang='lat' dir='ltr'><strong>septemtrionalem;</strong></span> <span class='ocrx_word' id='word_1_29' title='bbox 1863 776 2014 837; x_wconf 92' lang='lat' dir='ltr'><strong>inde</strong></span> <span class='ocrx_word' id='word_1_30' title='bbox 2059 786 2276 837; x_wconf 88' lang='lat' dir='ltr'><strong>autem</strong></span> <span class='ocrx_word' id='word_1_31' title='bbox 2323 776 2653 838; x_wconf 90' lang='lat' dir='ltr'><strong>descendit</strong></span> <span class='ocrx_word' id='word_1_32' title='bbox 2701 778 2783 838; x_wconf 92' lang='lat' dir='ltr'><strong>ad</strong></span> <span class='ocrx_word' id='word_1_33' title='bbox 2825 776 3081 839; x_wconf 87' lang='lat' dir='ltr'><strong>finalem</strong></span> 
     </span>
     <span class='ocr_line' id='line_1_5' title="bbox 412 889 3084 972; baseline 0 -20"><span class='ocrx_word' id='word_1_34' title='bbox 412 902 631 971; x_wconf 87' lang='lat' dir='ltr'><strong>partem</strong></span> <span class='ocrx_word' id='word_1_35' title='bbox 688 890 1018 951; x_wconf 86' lang='lat' dir='ltr'><strong>cuiusdam</strong></span> <span class='ocrx_word' id='word_1_36' title='bbox 1080 890 1254 963; x_wconf 91' lang='lat' dir='ltr'><strong>silue,</strong></span> <span class='ocrx_word' id='word_1_37' title='bbox 1300 908 1426 967; x_wconf 92' lang='lat' dir='ltr'><strong>que</strong></span> <span class='ocrx_word' id='word_1_38' title='bbox 1473 900 1739 951; x_wconf 89' lang='lat' dir='ltr'><strong>uocatur</strong></span> <span class='ocrx_word' id='word_1_39' title='bbox 1810 889 2218 963; x_wconf 88' lang='lat' dir='ltr'><strong>Vasahalma,</strong></span> <span class='ocrx_word' id='word_1_40' title='bbox 2265 890 2348 949; x_wconf 91' lang='lat' dir='ltr'><strong>ad</strong></span> <span class='ocrx_word' id='word_1_41' title='bbox 2393 890 2668 950; x_wconf 89' lang='lat' dir='ltr'><strong>eandem</strong></span> <span class='ocrx_word' id='word_1_42' title='bbox 2715 890 2970 972; x_wconf 88' lang='lat' dir='ltr'><strong>plagam</strong></span> <span class='ocrx_word' id='word_1_43' title='bbox 3019 901 3084 952; x_wconf 89' lang='lat' dir='ltr'><strong>et</strong></span> 
     </span>
     <span class='ocr_line' id='line_1_6' title="bbox 414 1001 3088 1082; baseline 0 -17"><span class='ocrx_word' id='word_1_44' title='bbox 414 1004 544 1065; x_wconf 89' lang='lat' dir='ltr'><strong>inde</strong></span> <span class='ocrx_word' id='word_1_45' title='bbox 597 1006 819 1064; x_wconf 89' lang='lat' dir='ltr'><strong>iterum</strong></span> <span class='ocrx_word' id='word_1_46' title='bbox 879 1003 1057 1064; x_wconf 89' lang='lat' dir='ltr'><strong>uadit</strong></span> <span class='ocrx_word' id='word_1_47' title='bbox 1118 1001 1202 1062; x_wconf 93' lang='lat' dir='ltr'><strong>ad</strong></span> <span class='ocrx_word' id='word_1_48' title='bbox 1264 1002 1535 1063; x_wconf 89' lang='lat' dir='ltr'><strong>dumum</strong></span> <span class='ocrx_word' id='word_1_49' title='bbox 1597 1003 1928 1064; x_wconf 90' lang='lat' dir='ltr'><strong>cuiusdam</strong></span> <span class='ocrx_word' id='word_1_50' title='bbox 1992 1004 2260 1072; x_wconf 62' lang='lat' dir='ltr'><strong>niminis</strong></span> <span class='ocrx_word' id='word_1_51' title='bbox 2306 1004 2412 1082; x_wconf 91' lang='lat' dir='ltr'><strong>qui</strong></span> <span class='ocrx_word' id='word_1_52' title='bbox 2460 1014 2555 1063; x_wconf 90' lang='lat' dir='ltr'><strong>est</strong></span> <span class='ocrx_word' id='word_1_53' title='bbox 2603 1005 2664 1064; x_wconf 91' lang='lat' dir='ltr'><strong>in</strong></span> <span class='ocrx_word' id='word_1_54' title='bbox 2715 1002 2938 1082; x_wconf 88' lang='lat' dir='ltr'><strong>triplici</strong></span> <span class='ocrx_word' id='word_1_55' title='bbox 2986 1023 3088 1065; x_wconf 89' lang='lat' dir='ltr'><strong>ra-</strong></span> 
     </span>
     <span class='ocr_line' id='line_1_7' title="bbox 414 1114 3083 1197; baseline 0 -20"><span class='ocrx_word' id='word_1_56' title='bbox 414 1118 681 1177; x_wconf 89' lang='lat' dir='ltr'><strong>mositate</strong></span> <span class='ocrx_word' id='word_1_57' title='bbox 740 1115 1173 1177; x_wconf 76' lang='lat' dir='ltr'><strong>circumdatus</strong></span> <span class='ocrx_word' id='word_1_58' title='bbox 1240 1114 1325 1175; x_wconf 90' lang='lat' dir='ltr'><strong>ad</strong></span> <span class='ocrx_word' id='word_1_59' title='bbox 1386 1115 1643 1197; x_wconf 85' lang='lat' dir='ltr'><strong>plagam</strong></span> <span class='ocrx_word' id='word_1_60' title='bbox 1704 1129 2143 1194; x_wconf 87' lang='lat' dir='ltr'><strong>prenotatam;</strong></span> <span class='ocrx_word' id='word_1_61' title='bbox 2205 1115 2438 1177; x_wconf 90' lang='lat' dir='ltr'><strong>deinde</strong></span> <span class='ocrx_word' id='word_1_62' title='bbox 2507 1118 2729 1177; x_wconf 88' lang='lat' dir='ltr'><strong>exiens</strong></span> <span class='ocrx_word' id='word_1_63' title='bbox 2775 1115 2951 1177; x_wconf 88' lang='lat' dir='ltr'><strong>uadit</strong></span> <span class='ocrx_word' id='word_1_64' title='bbox 2998 1117 3083 1177; x_wconf 90' lang='lat' dir='ltr'><strong>ad</strong></span> 
     </span>
     <span class='ocr_line' id='line_1_8' title="bbox 414 1228 3085 1308; baseline 0 -19"><span class='ocrx_word' id='word_1_65' title='bbox 414 1229 653 1289; x_wconf 90' lang='lat' dir='ltr'><strong>dumum</strong></span> <span class='ocrx_word' id='word_1_66' title='bbox 708 1247 977 1304; x_wconf 88' lang='lat' dir='ltr'><strong>quercus</strong></span> <span class='ocrx_word' id='word_1_67' title='bbox 1038 1228 1405 1308; x_wconf 82' lang='lat' dir='ltr'><strong>quemdam,</strong></span> <span class='ocrx_word' id='word_1_68' title='bbox 1452 1229 1533 1289; x_wconf 92' lang='lat' dir='ltr'><strong>de</strong></span> <span class='ocrx_word' id='word_1_69' title='bbox 1595 1248 1727 1307; x_wconf 91' lang='lat' dir='ltr'><strong>quo</strong></span> <span class='ocrx_word' id='word_1_70' title='bbox 1790 1228 1993 1290; x_wconf 89' lang='lat' dir='ltr'><strong>tendit</strong></span> <span class='ocrx_word' id='word_1_71' title='bbox 2051 1229 2137 1289; x_wconf 86' lang='lat' dir='ltr'><strong>ad</strong></span> <span class='ocrx_word' id='word_1_72' title='bbox 2202 1229 2553 1307; x_wconf 89' lang='lat' dir='ltr'><strong>quamdam</strong></span> <span class='ocrx_word' id='word_1_73' title='bbox 2615 1229 2912 1290; x_wconf 82' lang='lat' dir='ltr'><strong>arborem</strong></span> <span class='ocrx_word' id='word_1_74' title='bbox 2975 1229 3085 1291; x_wconf 92' lang='lat' dir='ltr'><strong>de-</strong></span> 
     </span>
     <span class='ocr_line' id='line_1_9' title="bbox 410 1338 3078 1424; baseline 0 -22"><span class='ocrx_word' id='word_1_75' title='bbox 410 1338 757 1421; x_wconf 85' lang='lat' dir='ltr'><strong>sycatam(l),</strong></span> <span class='ocrx_word' id='word_1_76' title='bbox 800 1360 927 1421; x_wconf 91' lang='lat' dir='ltr'><strong>que</strong></span> <span class='ocrx_word' id='word_1_77' title='bbox 976 1352 1239 1403; x_wconf 88' lang='lat' dir='ltr'><strong>uocatur</strong></span> <span class='ocrx_word' id='word_1_78' title='bbox 1284 1341 1643 1414; x_wconf 88' lang='lat' dir='ltr'><strong>borscuatu,</strong></span> <span class='ocrx_word' id='word_1_79' title='bbox 1690 1342 1809 1402; x_wconf 87' lang='lat' dir='ltr'><strong>sub</strong></span> <span class='ocrx_word' id='word_1_80' title='bbox 1840 1360 1966 1422; x_wconf 90' lang='lat' dir='ltr'><strong>qua</strong></span> <span class='ocrx_word' id='word_1_81' title='bbox 1999 1353 2094 1403; x_wconf 91' lang='lat' dir='ltr'><strong>est</strong></span> <span class='ocrx_word' id='word_1_82' title='bbox 2127 1354 2300 1403; x_wconf 90' lang='lat' dir='ltr'><strong>meta</strong></span> <span class='ocrx_word' id='word_1_83' title='bbox 2331 1353 2532 1403; x_wconf 85' lang='lat' dir='ltr'><strong>terree</strong></span> <span class='ocrx_word' id='word_1_84' title='bbox 2551 1340 2614 1424; x_wconf 85' lang='lat'><strong>(1)</strong></span> <span class='ocrx_word' id='word_1_85' title='bbox 2651 1345 2979 1404; x_wconf 88' lang='lat' dir='ltr'><strong>nominate</strong></span> <span class='ocrx_word' id='word_1_86' title='bbox 3015 1354 3078 1403; x_wconf 92' lang='lat' dir='ltr'><strong>et</strong></span> 
     </span>
     <span class='ocr_line' id='line_1_10' title="bbox 410 1452 3084 1536; baseline 0 -21"><span class='ocrx_word' id='word_1_87' title='bbox 410 1454 541 1515; x_wconf 90' lang='lat' dir='ltr'><strong>inde</strong></span> <span class='ocrx_word' id='word_1_88' title='bbox 584 1456 805 1516; x_wconf 89' lang='lat' dir='ltr'><strong>iterum</strong></span> <span class='ocrx_word' id='word_1_89' title='bbox 869 1456 1174 1534; x_wconf 88' lang='lat' dir='ltr'><strong>incipiens</strong></span> <span class='ocrx_word' id='word_1_90' title='bbox 1234 1453 1566 1515; x_wconf 82' lang='lat' dir='ltr'><strong>descendit</strong></span> <span class='ocrx_word' id='word_1_91' title='bbox 1629 1454 1711 1515; x_wconf 89' lang='lat' dir='ltr'><strong>ad</strong></span> <span class='ocrx_word' id='word_1_92' title='bbox 1773 1452 2108 1517; x_wconf 86' lang='lat' dir='ltr'><strong>Scelusfok</strong></span> <span class='ocrx_word' id='word_1_93' title='bbox 2167 1454 2252 1516; x_wconf 91' lang='lat' dir='ltr'><strong>ad</strong></span> <span class='ocrx_word' id='word_1_94' title='bbox 2312 1454 2570 1536; x_wconf 87' lang='lat' dir='ltr'><strong>plagam</strong></span> <span class='ocrx_word' id='word_1_95' title='bbox 2618 1454 3084 1516; x_wconf 90' lang='lat' dir='ltr'><strong>occidentalem</strong></span> 
     </span>
     <span class='ocr_line' id='line_1_11' title="bbox 411 1567 3082 1647; baseline 0.001 -20"><span class='ocrx_word' id='word_1_96' title='bbox 411 1586 586 1643; x_wconf 89' lang='lat' dir='ltr'><strong>usque</strong></span> <span class='ocrx_word' id='word_1_97' title='bbox 632 1579 869 1629; x_wconf 89' lang='lat' dir='ltr'><strong>metam</strong></span> <span class='ocrx_word' id='word_1_98' title='bbox 917 1567 1170 1629; x_wconf 88' lang='lat' dir='ltr'><strong>Martini</strong></span> <span class='ocrx_word' id='word_1_99' title='bbox 1218 1568 1558 1647; x_wconf 85' lang='lat' dir='ltr'><strong>supradicti</strong></span> <span class='ocrx_word' id='word_1_100' title='bbox 1593 1580 1657 1628; x_wconf 89' lang='lat' dir='ltr'><strong>et</strong></span> <span class='ocrx_word' id='word_1_101' title='bbox 1688 1586 1914 1647; x_wconf 89' lang='lat' dir='ltr'><strong>parum</strong></span> <span class='ocrx_word' id='word_1_102' title='bbox 1961 1567 2384 1646; x_wconf 90' lang='lat' dir='ltr'><strong>procedendo</strong></span> <span class='ocrx_word' id='word_1_103' title='bbox 2416 1571 2476 1627; x_wconf 86' lang='lat' dir='ltr'><strong>in</strong></span> <span class='ocrx_word' id='word_1_104' title='bbox 2511 1568 2742 1628; x_wconf 90' lang='lat' dir='ltr'><strong>eodem</strong></span> <span class='ocrx_word' id='word_1_105' title='bbox 2791 1570 3082 1647; x_wconf 90' lang='lat' dir='ltr'><strong>peruenit</strong></span> 
     </span>
     <span class='ocr_line' id='line_1_12' title="bbox 409 1678 3082 1761; baseline 0 -20"><span class='ocrx_word' id='word_1_106' title='bbox 409 1682 613 1741; x_wconf 84' lang='lat' dir='ltr'><strong>iterum</strong></span> <span class='ocrx_word' id='word_1_107' title='bbox 645 1681 728 1741; x_wconf 91' lang='lat' dir='ltr'><strong>ad</strong></span> <span class='ocrx_word' id='word_1_108' title='bbox 761 1693 999 1742; x_wconf 90' lang='lat' dir='ltr'><strong>metam</strong></span> <span class='ocrx_word' id='word_1_109' title='bbox 1033 1681 1286 1743; x_wconf 87' lang='lat' dir='ltr'><strong>Martini</strong></span> <span class='ocrx_word' id='word_1_110' title='bbox 1318 1679 1868 1761; x_wconf 86' lang='lat' dir='ltr'><strong>Sciloyusfokca(!)</strong></span> <span class='ocrx_word' id='word_1_111' title='bbox 1904 1691 2235 1754; x_wconf 87' lang='lat' dir='ltr'><strong>uocatam;</strong></span> <span class='ocrx_word' id='word_1_112' title='bbox 2282 1684 2346 1741; x_wconf 90' lang='lat' dir='ltr'><strong>in</strong></span> <span class='ocrx_word' id='word_1_113' title='bbox 2396 1700 2525 1759; x_wconf 90' lang='lat' dir='ltr'><strong>quo</strong></span> <span class='ocrx_word' id='word_1_114' title='bbox 2573 1683 2695 1741; x_wconf 89' lang='lat' dir='ltr'><strong>iam</strong></span> <span class='ocrx_word' id='word_1_115' title='bbox 2746 1678 2920 1741; x_wconf 90' lang='lat' dir='ltr'><strong>dicto</strong></span> <span class='ocrx_word' id='word_1_116' title='bbox 2969 1680 3082 1742; x_wconf 89' lang='lat' dir='ltr'><strong>fok</strong></span> 
     </span>
     <span class='ocr_line' id='line_1_13' title="bbox 411 1792 3084 1873; baseline 0 -20"><span class='ocrx_word' id='word_1_117' title='bbox 411 1796 649 1855; x_wconf 87' lang='lat' dir='ltr'><strong>uertitur</strong></span> <span class='ocrx_word' id='word_1_118' title='bbox 690 1794 773 1855; x_wconf 91' lang='lat' dir='ltr'><strong>ad</strong></span> <span class='ocrx_word' id='word_1_119' title='bbox 818 1806 1069 1873; x_wconf 88' lang='lat' dir='ltr'><strong>partem</strong></span> <span class='ocrx_word' id='word_1_120' title='bbox 1130 1795 1613 1856; x_wconf 85' lang='lat' dir='ltr'><strong>meridionalem</strong></span> <span class='ocrx_word' id='word_1_121' title='bbox 1661 1806 1723 1855; x_wconf 94' lang='lat' dir='ltr'><strong>et</strong></span> <span class='ocrx_word' id='word_1_122' title='bbox 1769 1794 1852 1855; x_wconf 93' lang='lat' dir='ltr'><strong>ibi</strong></span> <span class='ocrx_word' id='word_1_123' title='bbox 1902 1792 2316 1873; x_wconf 90' lang='lat' dir='ltr'><strong>procedendo</strong></span> <span class='ocrx_word' id='word_1_124' title='bbox 2379 1792 2554 1855; x_wconf 88' lang='lat' dir='ltr'><strong>uadit</strong></span> <span class='ocrx_word' id='word_1_125' title='bbox 2601 1792 2685 1853; x_wconf 89' lang='lat' dir='ltr'><strong>ad</strong></span> <span class='ocrx_word' id='word_1_126' title='bbox 2733 1793 3084 1871; x_wconf 89' lang='lat' dir='ltr'><strong>quamdam</strong></span> 
     </span>
     <span class='ocr_line' id='line_1_14' title="bbox 410 1905 3083 1987; baseline 0.001 -22"><span class='ocrx_word' id='word_1_127' title='bbox 410 1906 611 1967; x_wconf 87' lang='lat' dir='ltr'><strong>siluam</strong></span> <span class='ocrx_word' id='word_1_128' title='bbox 656 1926 737 1967; x_wconf 82' lang='lat' dir='ltr'><strong>ex</strong></span> <span class='ocrx_word' id='word_1_129' title='bbox 784 1925 957 1969; x_wconf 90' lang='lat' dir='ltr'><strong>nouo</strong></span> <span class='ocrx_word' id='word_1_130' title='bbox 1002 1926 1285 1969; x_wconf 83' lang='lat' dir='ltr'><strong>crescere</strong></span> <span class='ocrx_word' id='word_1_131' title='bbox 1330 1910 1735 1987; x_wconf 89' lang='lat' dir='ltr'><strong>permissam;</strong></span> <span class='ocrx_word' id='word_1_132' title='bbox 1781 1909 1946 1968; x_wconf 87' lang='lat' dir='ltr'><strong>circa</strong></span> <span class='ocrx_word' id='word_1_133' title='bbox 1991 1906 2186 1968; x_wconf 89' lang='lat' dir='ltr'><strong>finem</strong></span> <span class='ocrx_word' id='word_1_134' title='bbox 2233 1909 2412 1967; x_wconf 89' lang='lat' dir='ltr'><strong>cuius</strong></span> <span class='ocrx_word' id='word_1_135' title='bbox 2457 1905 2634 1967; x_wconf 90' lang='lat' dir='ltr'><strong>uadit</strong></span> <span class='ocrx_word' id='word_1_136' title='bbox 2679 1905 2761 1967; x_wconf 89' lang='lat' dir='ltr'><strong>ad</strong></span> <span class='ocrx_word' id='word_1_137' title='bbox 2810 1906 3083 1968; x_wconf 90' lang='lat' dir='ltr'><strong>dumum</strong></span> 
     </span>
     <span class='ocr_line' id='line_1_15' title="bbox 414 2018 3086 2101; baseline 0 -23"><span class='ocrx_word' id='word_1_138' title='bbox 414 2022 642 2079; x_wconf 82' lang='lat' dir='ltr'><strong>niminis</strong></span> <span class='ocrx_word' id='word_1_139' title='bbox 674 2030 735 2081; x_wconf 91' lang='lat' dir='ltr'><strong>et</strong></span> <span class='ocrx_word' id='word_1_140' title='bbox 770 2020 853 2081; x_wconf 89' lang='lat' dir='ltr'><strong>ibi</strong></span> <span class='ocrx_word' id='word_1_141' title='bbox 885 2022 1195 2100; x_wconf 86' lang='lat' dir='ltr'><strong>incipiens</strong></span> <span class='ocrx_word' id='word_1_142' title='bbox 1218 2022 1443 2082; x_wconf 85' lang='lat' dir='ltr'><strong>transit</strong></span> <span class='ocrx_word' id='word_1_143' title='bbox 1467 2024 1689 2082; x_wconf 88' lang='lat' dir='ltr'><strong>iterum</strong></span> <span class='ocrx_word' id='word_1_144' title='bbox 1719 2022 1881 2082; x_wconf 87' lang='lat' dir='ltr'><strong>inter</strong></span> <span class='ocrx_word' id='word_1_145' title='bbox 1905 2020 2069 2081; x_wconf 92' lang='lat' dir='ltr'><strong>duos</strong></span> <span class='ocrx_word' id='word_1_146' title='bbox 2101 2021 2334 2081; x_wconf 90' lang='lat' dir='ltr'><strong>dumos</strong></span> <span class='ocrx_word' id='word_1_147' title='bbox 2367 2020 2679 2081; x_wconf 91' lang='lat' dir='ltr'><strong>uiminum</strong></span> <span class='ocrx_word' id='word_1_148' title='bbox 2710 2018 2796 2080; x_wconf 91' lang='lat' dir='ltr'><strong>ad</strong></span> <span class='ocrx_word' id='word_1_149' title='bbox 2825 2018 3086 2101; x_wconf 88' lang='lat' dir='ltr'><strong>plagam</strong></span> 
     </span>
     <span class='ocr_line' id='line_1_16' title="bbox 412 2132 3086 2211; baseline 0 -20"><span class='ocrx_word' id='word_1_150' title='bbox 412 2132 869 2194; x_wconf 83' lang='lat' dir='ltr'><strong>meridionalem</strong></span> <span class='ocrx_word' id='word_1_151' title='bbox 939 2145 1000 2193; x_wconf 91' lang='lat' dir='ltr'><strong>et</strong></span> <span class='ocrx_word' id='word_1_152' title='bbox 1065 2136 1149 2195; x_wconf 85' lang='lat' dir='ltr'><strong>ab</strong></span> <span class='ocrx_word' id='word_1_153' title='bbox 1234 2134 1350 2195; x_wconf 90' lang='lat' dir='ltr'><strong>illis</strong></span> <span class='ocrx_word' id='word_1_154' title='bbox 1414 2133 1813 2195; x_wconf 89' lang='lat' dir='ltr'><strong>descendens</strong></span> <span class='ocrx_word' id='word_1_155' title='bbox 1872 2134 1958 2195; x_wconf 89' lang='lat' dir='ltr'><strong>ad</strong></span> <span class='ocrx_word' id='word_1_156' title='bbox 2026 2134 2295 2195; x_wconf 89' lang='lat' dir='ltr'><strong>dumum</strong></span> <span class='ocrx_word' id='word_1_157' title='bbox 2360 2134 2580 2194; x_wconf 84' lang='lat' dir='ltr'><strong>transit</strong></span> <span class='ocrx_word' id='word_1_158' title='bbox 2657 2133 3086 2211; x_wconf 78' lang='lat' dir='ltr'><strong>supradictam</strong></span> 
     </span>
     <span class='ocr_line' id='line_1_17' title="bbox 414 2242 3086 2328; baseline 0 -24"><span class='ocrx_word' id='word_1_159' title='bbox 414 2242 681 2325; x_wconf 84' lang='lat' dir='ltr'><strong>(metam)</strong></span> <span class='ocrx_word' id='word_1_160' title='bbox 712 2246 798 2306; x_wconf 90' lang='lat' dir='ltr'><strong>ad</strong></span> <span class='ocrx_word' id='word_1_161' title='bbox 842 2246 1097 2328; x_wconf 87' lang='lat' dir='ltr'><strong>plagam</strong></span> <span class='ocrx_word' id='word_1_162' title='bbox 1146 2247 1629 2308; x_wconf 85' lang='lat' dir='ltr'><strong>meridionalem</strong></span> <span class='ocrx_word' id='word_1_163' title='bbox 1676 2249 2005 2325; x_wconf 86' lang='lat' dir='ltr'><strong>sepissime</strong></span> <span class='ocrx_word' id='word_1_164' title='bbox 2047 2248 2464 2307; x_wconf 89' lang='lat' dir='ltr'><strong>nominatam.</strong></span> <span class='ocrx_word' id='word_1_165' title='bbox 2511 2245 2837 2327; x_wconf 89' lang='lat' dir='ltr'><strong>Obligauit</strong></span> <span class='ocrx_word' id='word_1_166' title='bbox 2884 2247 3086 2306; x_wconf 90' lang='lat' dir='ltr'><strong>eciam</strong></span> 
     </span>
     <span class='ocr_line' id='line_1_18' title="bbox 412 2358 3086 2439; baseline 0 -21"><span class='ocrx_word' id='word_1_167' title='bbox 412 2378 473 2418; x_wconf 81' lang='lat' dir='ltr'><strong>se</strong></span> <span class='ocrx_word' id='word_1_168' title='bbox 496 2358 573 2419; x_wconf 87' lang='lat' dir='ltr'><strong>ad</strong></span> <span class='ocrx_word' id='word_1_169' title='bbox 606 2358 727 2420; x_wconf 87' lang='lat' dir='ltr'><strong>hoc</strong></span> <span class='ocrx_word' id='word_1_170' title='bbox 756 2358 963 2420; x_wconf 89' lang='lat' dir='ltr'><strong>dictus</strong></span> <span class='ocrx_word' id='word_1_171' title='bbox 1006 2361 1271 2423; x_wconf 81' lang='lat' dir='ltr'><strong>Sacmar</strong></span> <span class='ocrx_word' id='word_1_172' title='bbox 1316 2360 1578 2422; x_wconf 87' lang='lat' dir='ltr'><strong>firmiter</strong></span> <span class='ocrx_word' id='word_1_173' title='bbox 1622 2378 1839 2421; x_wconf 91' lang='lat' dir='ltr'><strong>coram</strong></span> <span class='ocrx_word' id='word_1_174' title='bbox 1886 2360 2090 2434; x_wconf 90' lang='lat' dir='ltr'><strong>nobis,</strong></span> <span class='ocrx_word' id='word_1_175' title='bbox 2125 2358 2302 2437; x_wconf 92' lang='lat' dir='ltr'><strong>quod</strong></span> <span class='ocrx_word' id='word_1_176' title='bbox 2348 2360 2738 2439; x_wconf 90' lang='lat' dir='ltr'><strong>quicumque</strong></span> <span class='ocrx_word' id='word_1_177' title='bbox 2783 2376 3086 2437; x_wconf 89' lang='lat' dir='ltr'><strong>processu</strong></span> 
     </span>
     <span class='ocr_line' id='line_1_19' title="bbox 414 2468 3082 2553; baseline 0.001 -24"><span class='ocrx_word' id='word_1_178' title='bbox 414 2474 696 2550; x_wconf 90' lang='lat' dir='ltr'><strong>temporis</strong></span> <span class='ocrx_word' id='word_1_179' title='bbox 740 2483 961 2533; x_wconf 89' lang='lat' dir='ltr'><strong>contra</strong></span> <span class='ocrx_word' id='word_1_180' title='bbox 1006 2474 1323 2552; x_wconf 79' lang='lat' dir='ltr'><strong>prefatum</strong></span> <span class='ocrx_word' id='word_1_181' title='bbox 1372 2472 1716 2535; x_wconf 89' lang='lat' dir='ltr'><strong>Martinum</strong></span> <span class='ocrx_word' id='word_1_182' title='bbox 1764 2476 2018 2535; x_wconf 89' lang='lat' dir='ltr'><strong>racione</strong></span> <span class='ocrx_word' id='word_1_183' title='bbox 2051 2474 2177 2533; x_wconf 91' lang='lat' dir='ltr'><strong>iam</strong></span> <span class='ocrx_word' id='word_1_184' title='bbox 2212 2472 2378 2533; x_wconf 88' lang='lat' dir='ltr'><strong>dicte</strong></span> <span class='ocrx_word' id='word_1_185' title='bbox 2423 2482 2626 2533; x_wconf 90' lang='lat' dir='ltr'><strong>terree</strong></span> <span class='ocrx_word' id='word_1_186' title='bbox 2641 2468 2705 2553; x_wconf 77' lang='grc' dir='ltr'><strong>(Ι)</strong></span> <span class='ocrx_word' id='word_1_187' title='bbox 2751 2473 3082 2532; x_wconf 87' lang='lat' dir='ltr'><strong>accionem</strong></span> 
     </span>
     <span class='ocr_line' id='line_1_20' title="bbox 416 2584 3090 2666; baseline 0.001 -25"><span class='ocrx_word' id='word_1_188' title='bbox 416 2585 813 2659; x_wconf 83' lang='lat' dir='ltr'><strong>intentauerit‚</strong></span> <span class='ocrx_word' id='word_1_189' title='bbox 859 2588 993 2665; x_wconf 88' lang='lat' dir='ltr'><strong>ipse</strong></span> <span class='ocrx_word' id='word_1_190' title='bbox 1054 2587 1361 2666; x_wconf 88' lang='lat' dir='ltr'><strong>expedire</strong></span> <span class='ocrx_word' id='word_1_191' title='bbox 1423 2587 1738 2648; x_wconf 88' lang='lat' dir='ltr'><strong>tenebitur</strong></span> <span class='ocrx_word' id='word_1_192' title='bbox 1797 2586 2067 2665; x_wconf 89' lang='lat' dir='ltr'><strong>propriis</strong></span> <span class='ocrx_word' id='word_1_193' title='bbox 2128 2584 2451 2646; x_wconf 84' lang='lat' dir='ltr'><strong>laboribus</strong></span> <span class='ocrx_word' id='word_1_194' title='bbox 2510 2595 2575 2646; x_wconf 91' lang='lat' dir='ltr'><strong>et</strong></span> <span class='ocrx_word' id='word_1_195' title='bbox 2638 2586 2954 2663; x_wconf 79' lang='lat' dir='ltr'><strong>expensis,</strong></span> <span class='ocrx_word' id='word_1_196' title='bbox 3018 2584 3090 2644; x_wconf 91' lang='lat' dir='ltr'><strong>In</strong></span> 
     </span>
     <span class='ocr_line' id='line_1_21' title="bbox 414 2696 3090 2781; baseline 0 -26"><span class='ocrx_word' id='word_1_197' title='bbox 414 2698 571 2757; x_wconf 88' lang='lat' dir='ltr'><strong>cuius</strong></span> <span class='ocrx_word' id='word_1_198' title='bbox 632 2700 719 2759; x_wconf 87' lang='lat' dir='ltr'><strong>rei</strong></span> <span class='ocrx_word' id='word_1_199' title='bbox 788 2701 1224 2761; x_wconf 89' lang='lat' dir='ltr'><strong>testimonium</strong></span> <span class='ocrx_word' id='word_1_200' title='bbox 1292 2701 1531 2761; x_wconf 89' lang='lat' dir='ltr'><strong>litteras</strong></span> <span class='ocrx_word' id='word_1_201' title='bbox 1599 2712 1847 2761; x_wconf 86' lang='lat' dir='ltr'><strong>nostras</strong></span> <span class='ocrx_word' id='word_1_202' title='bbox 1913 2699 2334 2781; x_wconf 85' lang='lat' dir='ltr'><strong>priuilegiales</strong></span> <span class='ocrx_word' id='word_1_203' title='bbox 2408 2700 2841 2759; x_wconf 88' lang='lat' dir='ltr'><strong>concessimus</strong></span> <span class='ocrx_word' id='word_1_204' title='bbox 2909 2696 3090 2778; x_wconf 87' lang='lat' dir='ltr'><strong>sigilli</strong></span> 
     </span>
     <span class='ocr_line' id='line_1_22' title="bbox 419 2808 3092 2875; baseline 0.001 -8"><span class='ocrx_word' id='word_1_205' title='bbox 419 2813 593 2871; x_wconf 88' lang='lat' dir='ltr'><strong>nostri</strong></span> <span class='ocrx_word' id='word_1_206' title='bbox 622 2814 973 2873; x_wconf 88' lang='lat' dir='ltr'><strong>munimine</strong></span> <span class='ocrx_word' id='word_1_207' title='bbox 1001 2813 1351 2875; x_wconf 89' lang='lat' dir='ltr'><strong>roboratas.</strong></span> <span class='ocrx_word' id='word_1_208' title='bbox 1398 2812 1639 2875; x_wconf 88' lang='lat' dir='ltr'><strong>Datum</strong></span> <span class='ocrx_word' id='word_1_209' title='bbox 1674 2832 1847 2873; x_wconf 90' lang='lat' dir='ltr'><strong>anno</strong></span> <span class='ocrx_word' id='word_1_210' title='bbox 1880 2812 2124 2874; x_wconf 89' lang='lat' dir='ltr'><strong>domini</strong></span> <span class='ocrx_word' id='word_1_211' title='bbox 2171 2809 2438 2875; x_wconf 88' lang='lat' dir='ltr'>M⁰CC⁰</span> <span class='ocrx_word' id='word_1_212' title='bbox 2457 2808 2691 2872; x_wconf 81' lang='lat' dir='ltr'>LXX0.</span> <span class='ocrx_word' id='word_1_213' title='bbox 2740 2808 3092 2871; x_wconf 89' lang='lat' dir='ltr'><strong>Benedicto</strong></span> 
     </span>
     <span class='ocr_line' id='line_1_23' title="bbox 407 2922 3092 3009; baseline 0 -28"><span class='ocrx_word' id='word_1_214' title='bbox 407 2928 725 3002; x_wconf 82' lang='lat' dir='ltr'><strong>preposite,</strong></span> <span class='ocrx_word' id='word_1_215' title='bbox 770 2926 1131 3009; x_wconf 89' lang='lat' dir='ltr'><strong>Smaragdo</strong></span> <span class='ocrx_word' id='word_1_216' title='bbox 1196 2927 1450 3002; x_wconf 90' lang='lat' dir='ltr'><strong>lectore,</strong></span> <span class='ocrx_word' id='word_1_217' title='bbox 1496 2927 1933 3006; x_wconf 89' lang='lat' dir='ltr'><strong>Redemperto</strong></span> <span class='ocrx_word' id='word_1_218' title='bbox 1994 2936 2274 3000; x_wconf 89' lang='lat' dir='ltr'><strong>cantore,</strong></span> <span class='ocrx_word' id='word_1_219' title='bbox 2321 2925 2594 2986; x_wconf 90' lang='lat' dir='ltr'><strong>Nicolao</strong></span> <span class='ocrx_word' id='word_1_220' title='bbox 2640 2922 3092 2985; x_wconf 88' lang='lat' dir='ltr'><strong>archidiacono</strong></span> 
     </span>
     <span class='ocr_line' id='line_1_24' title="bbox 414 3033 3092 3122; baseline 0 -28"><span class='ocrx_word' id='word_1_221' title='bbox 414 3033 731 3113; x_wconf 88' lang='lat' dir='ltr'><strong>Bachiensi,</strong></span> <span class='ocrx_word' id='word_1_222' title='bbox 779 3039 1085 3102; x_wconf 86' lang='lat' dir='ltr'><strong>Marcello</strong></span> <span class='ocrx_word' id='word_1_223' title='bbox 1130 3041 1476 3114; x_wconf 88' lang='lat' dir='ltr'><strong>Sirmiensi,</strong></span> <span class='ocrx_word' id='word_1_224' title='bbox 1516 3040 1809 3121; x_wconf 89' lang='lat' dir='ltr'><strong>Johanne</strong></span> <span class='ocrx_word' id='word_1_225' title='bbox 1855 3037 2271 3122; x_wconf 88' lang='lat' dir='ltr'><strong>Scegudiensi</strong></span> <span class='ocrx_word' id='word_1_226' title='bbox 2317 3036 2794 3111; x_wconf 88' lang='lat' dir='ltr'><strong>archidiaconis,</strong></span> <span class='ocrx_word' id='word_1_227' title='bbox 2827 3033 3092 3098; x_wconf 89' lang='lat' dir='ltr'><strong>Andrea</strong></span> 
     </span>
    </p>
   </div>
   <div class='ocr_carea' id='block_1_3' title="bbox 410 3148 3090 3325">
    <p class='ocr_par' dir='ltr' id='par_1_3' title="bbox 410 3148 3090 3325">
     <span class='ocr_line' id='line_1_25' title="bbox 410 3148 3090 3235; baseline 0 -29"><span class='ocrx_word' id='word_1_228' title='bbox 410 3150 668 3226; x_wconf 89' lang='lat' dir='ltr'><strong>custode,</strong></span> <span class='ocrx_word' id='word_1_229' title='bbox 714 3152 903 3213; x_wconf 90' lang='lat' dir='ltr'><strong>Petro</strong></span> <span class='ocrx_word' id='word_1_230' title='bbox 949 3153 1215 3228; x_wconf 88' lang='lat' dir='ltr'><strong>decan0,</strong></span> <span class='ocrx_word' id='word_1_231' title='bbox 1262 3156 1617 3235; x_wconf 68' lang='lat' dir='ltr'><strong>ceterisque</strong></span> <span class='ocrx_word' id='word_1_232' title='bbox 1664 3155 1990 3216; x_wconf 88' lang='lat' dir='ltr'><strong>canonicis</strong></span> <span class='ocrx_word' id='word_1_233' title='bbox 2035 3152 2162 3213; x_wconf 91' lang='lat' dir='ltr'><strong>deo</strong></span> <span class='ocrx_word' id='word_1_234' title='bbox 2207 3149 2665 3213; x_wconf 83' lang='lat' dir='ltr'><strong>famulantibus</strong></span> <span class='ocrx_word' id='word_1_235' title='bbox 2709 3151 2774 3210; x_wconf 91' lang='lat' dir='ltr'><strong>in</strong></span> <span class='ocrx_word' id='word_1_236' title='bbox 2819 3148 3090 3210; x_wconf 87' lang='lat' dir='ltr'><strong>ecclesie</strong></span> 
     </span>
     <span class='ocr_line' id='line_1_26' title="bbox 412 3257 2791 3325; baseline 0.014 -6"><span class='ocrx_word' id='word_1_237' title='bbox 412 3257 729 3325; x_wconf 88' lang='lat' dir='ltr'><strong>Bachiensi.</strong></span> <span class='ocrx_word' id='word_1_238' title='bbox 2781 3261 2791 3270; x_wconf 39' lang='grc'><strong>’</strong></span> 
     </span>
    </p>
   </div>
   <div class='ocr_carea' id='block_1_4' title="bbox 412 3420 3100 3712">
    <p class='ocr_par' dir='ltr' id='par_1_4' title="bbox 412 3420 3100 3712">
     <span class='ocr_line' id='line_1_27' title="bbox 566 3420 3097 3504; baseline -0.002 -25"><span class='ocrx_word' id='word_1_239' title='bbox 566 3421 652 3480; x_wconf 88' lang='lat' dir='ltr'><strong>Po</strong></span> <span class='ocrx_word' id='word_1_240' title='bbox 711 3425 841 3499; x_wconf 64' lang='lat' dir='ltr'><strong>ortjg</strong></span> <span class='ocrx_word' id='word_1_241' title='bbox 851 3424 1027 3483; x_wconf 80' lang='lat' dir='ltr'><strong>inalu</strong></span> <span class='ocrx_word' id='word_1_242' title='bbox 1098 3447 1139 3483; x_wconf 87' lang='lat' dir='ltr'><em>u</em></span> <span class='ocrx_word' id='word_1_243' title='bbox 1202 3425 1431 3484; x_wconf 78' lang='lat' dir='ltr'><strong>arkivu</strong></span> <span class='ocrx_word' id='word_1_244' title='bbox 1488 3429 1759 3504; x_wconf 74' lang='lat' dir='ltr'><strong>grofwa</strong></span> <span class='ocrx_word' id='word_1_245' title='bbox 1829 3427 1977 3498; x_wconf 83' lang='lat' dir='ltr'><strong>Zay.</strong></span> <span class='ocrx_word' id='word_1_246' title='bbox 2026 3459 2112 3468; x_wconf 90' lang='lat'><strong>-—</strong></span> <span class='ocrx_word' id='word_1_247' title='bbox 2157 3424 2266 3483; x_wconf 87' lang='lat' dir='ltr'><strong>Na</strong></span> <span class='ocrx_word' id='word_1_248' title='bbox 2327 3422 2534 3479; x_wconf 70' lang='lat' dir='ltr'><strong>listina·</strong></span> <span class='ocrx_word' id='word_1_249' title='bbox 2589 3420 2716 3478; x_wconf 77' lang='lat' dir='ltr'><strong>visi</strong></span> <span class='ocrx_word' id='word_1_250' title='bbox 2765 3421 2952 3496; x_wconf 55' lang='lat' dir='ltr'><strong>pefat</strong></span> <span class='ocrx_word' id='word_1_251' title='bbox 3013 3437 3097 3474; x_wconf 87' lang='lat' dir='ltr'><strong>na</strong></span> 
     </span>
     <span class='ocr_line' id='line_1_28' title="bbox 412 3530 1027 3604; baseline 0.005 -21"><span class='ocrx_word' id='word_1_252' title='bbox 412 3531 801 3604; x_wconf 58' lang='lat' dir='ltr'><strong>emeno-tutos</strong></span> <span class='ocrx_word' id='word_1_253' title='bbox 838 3530 1027 3588; x_wconf 81' lang='lat' dir='ltr'><strong>vrvci.</strong></span> 
     </span>
     <span class='ocr_line' id='line_1_29' title="bbox 569 3626 3100 3712; baseline -0.003 -22"><span class='ocrx_word' id='word_1_254' title='bbox 569 3630 751 3708; x_wconf 54' lang='lat' dir='ltr'><strong>Fejefr</strong></span> <span class='ocrx_word' id='word_1_255' title='bbox 800 3633 941 3692; x_wconf 80' lang='lat' dir='ltr'><strong>cod.</strong></span> <span class='ocrx_word' id='word_1_256' title='bbox 991 3635 1140 3712; x_wconf 78' lang='lat' dir='ltr'><strong>dipl.</strong></span> <span class='ocrx_word' id='word_1_257' title='bbox 1192 3635 1409 3710; x_wconf 80' lang='lat' dir='ltr'><strong>Hung.</strong></span> <span class='ocrx_word' id='word_1_258' title='bbox 1489 3635 1621 3704; x_wconf 83' lang='lat' dir='ltr'><strong>VII,</strong></span> <span class='ocrx_word' id='word_1_259' title='bbox 1688 3639 1741 3705; x_wconf 88' lang='lat'><strong>8,</strong></span> <span class='ocrx_word' id='word_1_260' title='bbox 1796 3638 1890 3691; x_wconf 81' lang='lat'><strong>67.</strong></span> <span class='ocrx_word' id='word_1_261' title='bbox 1969 3667 2044 3675; x_wconf 88' lang='lat'><strong>——</strong></span> <span class='ocrx_word' id='word_1_262' title='bbox 2136 3631 2380 3702; x_wconf 72' lang='lat' dir='ltr'><strong>Wenzel</strong></span> <span class='ocrx_word' id='word_1_263' title='bbox 2445 3629 2587 3689; x_wconf 79' lang='lat' dir='ltr'><strong>cod.</strong></span> <span class='ocrx_word' id='word_1_264' title='bbox 2651 3627 2802 3705; x_wconf 79' lang='lat' dir='ltr'><strong>dipl.</strong></span> <span class='ocrx_word' id='word_1_265' title='bbox 2859 3626 3100 3703; x_wconf 84' lang='lat' dir='ltr'><strong>Arpad.</strong></span> 
     </span>
    </p>
   </div>
   <div class='ocr_carea' id='block_1_5' title="bbox 414 3733 3095 3817">
    <p class='ocr_par' dir='ltr' id='par_1_5' title="bbox 414 3733 3095 3817">
     <span class='ocr_line' id='line_1_30' title="bbox 414 3733 3095 3817; baseline -0.001 -30"><span class='ocrx_word' id='word_1_266' title='bbox 414 3742 549 3793; x_wconf 81' lang='lat' dir='ltr'><strong>cont.</strong></span> <span class='ocrx_word' id='word_1_267' title='bbox 605 3737 770 3798; x_wconf 88' lang='lat' dir='ltr'><em>VIII.</em></span> <span class='ocrx_word' id='word_1_268' title='bbox 821 3741 1149 3804; x_wconf 80' lang='lat'><em>318--,319·</em></span> <span class='ocrx_word' id='word_1_269' title='bbox 1196 3741 1495 3817; x_wconf 77' lang='lat' dir='ltr'><strong>(priopc&#39;io</strong></span> <span class='ocrx_word' id='word_1_270' title='bbox 1528 3751 1613 3817; x_wconf 87' lang='lat' dir='ltr'><strong>po</strong></span> <span class='ocrx_word' id='word_1_271' title='bbox 1658 3740 2023 3814; x_wconf 62' lang='lat' dir='ltr'><strong>anginalu).</strong></span> <span class='ocrx_word' id='word_1_272' title='bbox 2073 3771 2152 3781; x_wconf 89' lang='lat'><strong>—-</strong></span> <span class='ocrx_word' id='word_1_273' title='bbox 2185 3735 2563 3812; x_wconf 68' lang='lat' dir='ltr'><strong>Kukuh&#39;evic&#39;</strong></span> <span class='ocrx_word' id='word_1_274' title='bbox 2603 3735 2754 3808; x_wconf 86' lang='lat' dir='ltr'><strong>Reg.</strong></span> <span class='ocrx_word' id='word_1_275' title='bbox 2790 3751 2886 3790; x_wconf 83' lang='lat' dir='ltr'><strong>no.</strong></span> <span class='ocrx_word' id='word_1_276' title='bbox 2918 3733 3095 3786; x_wconf 78' lang='lat'><strong><em>1026.</em></strong></span> 
     </span>
    </p>
   </div>
   <div class='ocr_carea' id='block_1_6' title="bbox 416 3979 1817 4147">
    <p class='ocr_par' dir='ltr' id='par_1_6' title="bbox 416 3979 1817 4147">
     <span class='ocr_line' id='line_1_31' title="bbox 1684 3979 1817 4060; baseline -0.008 -2"><span class='ocrx_word' id='word_1_277' title='bbox 1684 3979 1817 4060; x_wconf 84' lang='lat'><strong>26.</strong></span> 
     </span>
     <span class='ocr_line' id='line_1_32' title="bbox 416 4077 598 4147; baseline 0.044 -7"><span class='ocrx_word' id='word_1_278' title='bbox 416 4077 598 4147; x_wconf 84' lang='lat'><strong>1270.</strong></span> 
     </span>
    </p>
   </div>
   <div class='ocr_carea' id='block_1_7' title="bbox 416 4229 3102 4439">
    <p class='ocr_par' dir='ltr' id='par_1_7' title="bbox 416 4229 3102 4439">
     <span class='ocr_line' id='line_1_33' title="bbox 416 4229 3102 4326; baseline -0.003 -25"><span class='ocrx_word' id='word_1_279' title='bbox 416 4233 687 4321; x_wconf 55' lang='lat' dir='ltr'><strong>Sfjepan</strong></span> <span class='ocrx_word' id='word_1_280' title='bbox 754 4238 946 4324; x_wconf 58' lang='lat' dir='ltr'><strong>kragj</strong></span> <span class='ocrx_word' id='word_1_281' title='bbox 1006 4239 1297 4326; x_wconf 78' lang='lat' dir='ltr'><strong>ugarskz&#39;</strong></span> <span class='ocrx_word' id='word_1_282' title='bbox 1335 4238 1371 4302; x_wconf 79' lang='lat' dir='ltr'><strong>i</strong></span> <span class='ocrx_word' id='word_1_283' title='bbox 1407 4239 1725 4304; x_wconf 76' lang='lat' dir='ltr'><strong>hrvatski</strong></span> <span class='ocrx_word' id='word_1_284' title='bbox 1773 4236 2170 4324; x_wconf 79' lang='lat' dir='ltr'><strong>potvrdjuje</strong></span> <span class='ocrx_word' id='word_1_285' title='bbox 2230 4238 2444 4300; x_wconf 81' lang='lat' dir='ltr'><strong>knezu</strong></span> <span class='ocrx_word' id='word_1_286' title='bbox 2505 4229 2811 4317; x_wconf 72' lang='lat' dir='ltr'><strong>Andrzji</strong></span> <span class='ocrx_word' id='word_1_287' title='bbox 2859 4231 3102 4316; x_wconf 56' lang='lat' dir='ltr'><strong>possed</strong></span> 
     </span>
     <span class='ocr_line' id='line_1_34' title="bbox 1438 4353 2074 4439; baseline -0.002 -23"><span class='ocrx_word' id='word_1_288' title='bbox 1438 4353 1669 4439; x_wconf 57' lang='lat' dir='ltr'><strong>zemlje</strong></span> <span class='ocrx_word' id='word_1_289' title='bbox 1713 4353 2074 4439; x_wconf 59' lang='lat' dir='ltr'><strong>Dulzffl‘ke.</strong></span> 
     </span>
    </p>
   </div>
   <div class='ocr_carea' id='block_1_8' title="bbox 410 4502 3106 5158">
    <p class='ocr_par' dir='ltr' id='par_1_8' title="bbox 410 4502 3106 5048">
     <span class='ocr_line' id='line_1_35' title="bbox 574 4502 3100 4593; baseline -0.004 -20"><span class='ocrx_word' id='word_1_290' title='bbox 574 4508 1171 4573; x_wconf 85' lang='lat' dir='ltr'><strong>Confirmationales</strong></span> <span class='ocrx_word' id='word_1_291' title='bbox 1218 4513 1387 4593; x_wconf 89' lang='lat' dir='ltr'><strong>regie</strong></span> <span class='ocrx_word' id='word_1_292' title='bbox 1433 4511 1740 4592; x_wconf 79' lang='lat' dir='ltr'><strong>Stephani</strong></span> <span class='ocrx_word' id='word_1_293' title='bbox 1774 4513 1937 4593; x_wconf 91' lang='lat' dir='ltr'><strong>regis</strong></span> <span class='ocrx_word' id='word_1_294' title='bbox 1973 4509 2298 4591; x_wconf 86' lang='lat' dir='ltr'><strong>Hungarie</strong></span> <span class='ocrx_word' id='word_1_295' title='bbox 2344 4506 2710 4567; x_wconf 90' lang='lat' dir='ltr'><strong>donationis</strong></span> <span class='ocrx_word' id='word_1_296' title='bbox 2741 4505 2912 4583; x_wconf 87' lang='lat' dir='ltr'><strong>regie</strong></span> <span class='ocrx_word' id='word_1_297' title='bbox 2947 4502 3100 4564; x_wconf 89' lang='lat' dir='ltr'><strong>Bele</strong></span> 
     </span>
     <span class='ocr_line' id='line_1_36' title="bbox 410 4611 3100 4707; baseline -0.003 -26"><span class='ocrx_word' id='word_1_298' title='bbox 410 4625 561 4704; x_wconf 86' lang='lat' dir='ltr'><strong>regis</strong></span> <span class='ocrx_word' id='word_1_299' title='bbox 623 4624 953 4706; x_wconf 86' lang='lat' dir='ltr'><strong>Hungarie</strong></span> <span class='ocrx_word' id='word_1_300' title='bbox 996 4635 1060 4686; x_wconf 88' lang='lat' dir='ltr'><strong>et</strong></span> <span class='ocrx_word' id='word_1_301' title='bbox 1103 4626 1299 4705; x_wconf 78' lang='lat' dir='ltr'><strong>patris</strong></span> <span class='ocrx_word' id='word_1_302' title='bbox 1357 4627 1618 4687; x_wconf 88' lang='lat' dir='ltr'><strong>antelati</strong></span> <span class='ocrx_word' id='word_1_303' title='bbox 1678 4627 1841 4707; x_wconf 92' lang='lat' dir='ltr'><strong>regis</strong></span> <span class='ocrx_word' id='word_1_304' title='bbox 1901 4642 2090 4704; x_wconf 90' lang='lat' dir='ltr'><strong>super</strong></span> <span class='ocrx_word' id='word_1_305' title='bbox 2153 4620 2434 4702; x_wconf 89' lang='lat' dir='ltr'><strong>quadam</strong></span> <span class='ocrx_word' id='word_1_306' title='bbox 2495 4629 2660 4680; x_wconf 90' lang='lat' dir='ltr'><strong>terra</strong></span> <span class='ocrx_word' id='word_1_307' title='bbox 2705 4611 3100 4695; x_wconf 83' lang='lat' dir='ltr'><strong>Dulypchka</strong></span> 
     </span>
     <span class='ocr_line' id='line_1_37' title="bbox 411 4726 3102 4800; baseline -0.003 -6"><span class='ocrx_word' id='word_1_308' title='bbox 411 4747 622 4798; x_wconf 79' lang='lat' dir='ltr'><strong>vocata</strong></span> <span class='ocrx_word' id='word_1_309' title='bbox 670 4741 834 4799; x_wconf 87' lang='lat' dir='ltr'><strong>inter</strong></span> <span class='ocrx_word' id='word_1_310' title='bbox 880 4750 1084 4800; x_wconf 90' lang='lat' dir='ltr'><strong>metas</strong></span> <span class='ocrx_word' id='word_1_311' title='bbox 1128 4741 1496 4800; x_wconf 89' lang='lat' dir='ltr'><strong>introsertas</strong></span> <span class='ocrx_word' id='word_1_312' title='bbox 1542 4741 1856 4800; x_wconf 86' lang='lat' dir='ltr'><strong>existente</strong></span> <span class='ocrx_word' id='word_1_313' title='bbox 1889 4757 1976 4798; x_wconf 90' lang='lat' dir='ltr'><strong>ex</strong></span> <span class='ocrx_word' id='word_1_314' title='bbox 2007 4735 2263 4797; x_wconf 80' lang='lat' dir='ltr'><strong>defectu</strong></span> <span class='ocrx_word' id='word_1_315' title='bbox 2313 4731 2614 4794; x_wconf 90' lang='lat' dir='ltr'><strong>Petkonis</strong></span> <span class='ocrx_word' id='word_1_316' title='bbox 2646 4729 2729 4791; x_wconf 89' lang='lat' dir='ltr'><strong>de</strong></span> <span class='ocrx_word' id='word_1_317' title='bbox 2760 4726 3102 4792; x_wconf 83' lang='lat' dir='ltr'><strong>Sclavonia</strong></span> 
     </span>
     <span class='ocr_line' id='line_1_38' title="bbox 410 4843 3102 4932; baseline -0.004 -23"><span class='ocrx_word' id='word_1_318' title='bbox 410 4849 657 4932; x_wconf 85' lang='lat' dir='ltr'><strong>elargite</strong></span> <span class='ocrx_word' id='word_1_319' title='bbox 702 4855 921 4913; x_wconf 90' lang='lat' dir='ltr'><strong>comiti</strong></span> <span class='ocrx_word' id='word_1_320' title='bbox 967 4852 1186 4915; x_wconf 88' lang='lat' dir='ltr'><strong>Endre</strong></span> <span class='ocrx_word' id='word_1_321' title='bbox 1232 4849 1361 4914; x_wconf 86' lang='lat' dir='ltr'><strong>filio</strong></span> <span class='ocrx_word' id='word_1_322' title='bbox 1410 4855 1573 4914; x_wconf 91' lang='lat' dir='ltr'><strong>Petri</strong></span> <span class='ocrx_word' id='word_1_323' title='bbox 1620 4855 1880 4929; x_wconf 89' lang='lat' dir='ltr'><strong>eiusque</strong></span> <span class='ocrx_word' id='word_1_324' title='bbox 1943 4848 2301 4911; x_wconf 81' lang='lat' dir='ltr'><strong>heredibus,</strong></span> <span class='ocrx_word' id='word_1_325' title='bbox 2360 4843 2792 4921; x_wconf 90' lang='lat' dir='ltr'><strong>Transumpte</strong></span> <span class='ocrx_word' id='word_1_326' title='bbox 2836 4857 2952 4920; x_wconf 89' lang='lat' dir='ltr'><strong>per</strong></span> <span class='ocrx_word' id='word_1_327' title='bbox 2997 4857 3102 4900; x_wconf 89' lang='lat' dir='ltr'><strong>ca-</strong></span> 
     </span>
     <span class='ocr_line' id='line_1_39' title="bbox 412 4950 3106 5048; baseline -0.006 -23"><span class='ocrx_word' id='word_1_328' title='bbox 412 4967 669 5043; x_wconf 87' lang='lat' dir='ltr'><strong>pitulum</strong></span> <span class='ocrx_word' id='word_1_329' title='bbox 720 4966 1144 5048; x_wconf 80' lang='lat' dir='ltr'><strong>Zagrabiense</strong></span> <span class='ocrx_word' id='word_1_330' title='bbox 1187 4986 1307 5046; x_wconf 90' lang='lat' dir='ltr'><strong>pro</strong></span> <span class='ocrx_word' id='word_1_331' title='bbox 1352 4978 1533 5046; x_wconf 87' lang='lat' dir='ltr'><strong>parte</strong></span> <span class='ocrx_word' id='word_1_332' title='bbox 1571 4966 1835 5047; x_wconf 85' lang='lat' dir='ltr'><strong>Joannis</strong></span> <span class='ocrx_word' id='word_1_333' title='bbox 1880 4964 1988 5025; x_wconf 88' lang='lat' dir='ltr'><strong>filii</strong></span> <span class='ocrx_word' id='word_1_334' title='bbox 2037 4959 2326 5042; x_wconf 86' lang='lat' dir='ltr'><strong>Gregorii</strong></span> <span class='ocrx_word' id='word_1_335' title='bbox 2375 4957 2458 5018; x_wconf 89' lang='lat' dir='ltr'><strong>de</strong></span> <span class='ocrx_word' id='word_1_336' title='bbox 2504 4955 2780 5034; x_wconf 88' lang='lat' dir='ltr'><strong>Gypevo</strong></span> <span class='ocrx_word' id='word_1_337' title='bbox 2825 4973 2880 5014; x_wconf 89' lang='lat' dir='ltr'><strong>a.</strong></span> <span class='ocrx_word' id='word_1_338' title='bbox 2915 4950 3106 5013; x_wconf 77' lang='lat'>1449.</span> 
     </span>
    </p>

    <p class='ocr_par' dir='ltr' id='par_1_9' title="bbox 576 5077 2185 5158">
     <span class='ocr_line' id='line_1_40' title="bbox 576 5077 2185 5158; baseline -0.004 -18"><span class='ocrx_word' id='word_1_339' title='bbox 576 5085 727 5157; x_wconf 83' lang='lat' dir='ltr'><strong>Reg.</strong></span> <span class='ocrx_word' id='word_1_340' title='bbox 776 5083 943 5142; x_wconf 82' lang='lat' dir='ltr'><strong>arch.</strong></span> <span class='ocrx_word' id='word_1_341' title='bbox 988 5101 1136 5142; x_wconf 87' lang='lat' dir='ltr'><strong>com.</strong></span> <span class='ocrx_word' id='word_1_342' title='bbox 1197 5083 1390 5141; x_wconf 64' lang='lat' dir='ltr'><strong>Ors&#39;ic‘.</strong></span> <span class='ocrx_word' id='word_1_343' title='bbox 1445 5081 1573 5139; x_wconf 84' lang='lat' dir='ltr'><strong>Sub</strong></span> <span class='ocrx_word' id='word_1_344' title='bbox 1608 5085 1780 5158; x_wconf 86' lang='lat' dir='ltr'><strong>fasc.</strong></span> <span class='ocrx_word' id='word_1_345' title='bbox 1832 5083 1932 5136; x_wconf 81' lang='lat'><strong>22.</strong></span> <span class='ocrx_word' id='word_1_346' title='bbox 1981 5097 2078 5137; x_wconf 74' lang='grc' dir='ltr'><strong>κο.</strong></span> <span class='ocrx_word' id='word_1_347' title='bbox 2133 5077 2185 5133; x_wconf 85' lang='lat'><strong>3.</strong></span> 
     </span>
    </p>
   </div>
   <div class='ocr_carea' id='block_1_9' title="bbox 496 5174 3026 5264">
    <p class='ocr_par' dir='ltr' id='par_1_10' title="bbox 496 5174 3026 5264">
     <span class='ocr_line' id='line_1_41' title="bbox 496 5174 3026 5264; baseline -0.01 -4"><span class='ocrx_word' id='word_1_348' title='bbox 496 5214 637 5264; x_wconf 86' lang='lat' dir='ltr'><strong>con.</strong></span> <span class='ocrx_word' id='word_1_349' title='bbox 672 5221 838 5264; x_wconf 72' lang='lat' dir='ltr'><strong>mm..</strong></span> <span class='ocrx_word' id='word_1_350' title='bbox 872 5221 933 5264; x_wconf 88' lang='lat' dir='ltr'><strong>v.</strong></span> <span class='ocrx_word' id='word_1_351' title='bbox 2943 5174 3026 5236; x_wconf 80' lang='lat'><strong>37</strong></span> 
     </span>
    </p>
   </div>
  </div>
 </body>
</html>
