3797 5795
1569 416 1979 479 —201-

425 624 508 665 se
553 604 744 664 dictus
801 604 1026 665 Petrus
1068 623 1307 679 comeS,
1367 606 1546 685 quod
1591 609 1638 666 si
1689 618 1852 667 terra
1902 607 2129 685 Vysen
2198 607 2431 669 collata
2475 627 2625 670 cum
2672 620 2838 670 terra
2885 610 3131 672 Procha

429 718 504 776 in
550 717 982 777 concambium
1031 736 1146 796 per
1192 721 1559 797 quempiam
1607 720 2022 799 impediretur
2068 768 2325 781 .....
2372 723 2641 800 propriis
2689 722 3012 784 laboribus
3057 732 3121 784 et

436 831 728 909 expensis
772 831 1096 908 expedire.
1159 831 1215 892 E
1258 842 1482 893 contra
1549 844 1764 894 autem
1828 832 2154 913 Johannes
2216 834 2394 895 dedit
2456 844 2689 895 terram
2738 835 3125 897 Zelnathech

429 962 584 1003 cum
627 945 748 1004 suis
791 944 1289 1005 circumstanciis
1334 956 1396 1005 et
1445 946 1814 1007 vtilitatibus
1859 966 1977 1026 pro
2024 949 2407 1008 concambio
2454 958 2619 1009 terre
2666 947 2909 1009 Procha
2958 949 3127 1009 fratri

431 1074 555 1116 suo
599 1056 776 1117 Petro
823 1060 1042 1117 comiti
1105 1059 1222 1119 sub
1285 1060 1472 1119 certis
1519 1062 1704 1119 metis
1749 1060 2034 1120 similiter
2082 1062 2144 1120 in
2190 1072 2575 1140 perpetuum
2623 1060 2888 1140 pacifice
2932 1062 3131 1140 possi-

432 1168 710 1230 dendam
755 1182 820 1231 et
865 1171 1248 1232 habendam.
1295 1169 1487 1235 Cuius
1533 1182 1696 1234 terre
1743 1174 2084 1234 Zelnatech
2132 1175 2347 1253 incipit
2394 1175 2599 1253 prima
2646 1182 2819 1235 meta
2866 1194 2903 1233 a
2948 1184 3131 1253 parte

437 1284 716 1344 orientali
763 1284 846 1344 de
891 1284 1152 1357 riwlo(!)
1199 1284 1535 1364 Goztynch
1567 1286 1670 1346 vbi
1713 1289 2145 1347 commetanei
2190 1299 2338 1348 sunt
2385 1284 2701 1368 Georgius
2732 1299 2797 1347 et
2833 1286 3133 1349 Nicolaus

444 1405 505 1455 et
546 1414 655 1475 per
700 1398 978 1458 eundem
1015 1397 1352 1476 Goztynch
1399 1398 1606 1477 potok
1651 1400 1866 1460 eundo
1912 1418 2256 1479 parumper
2300 1396 2548 1481 fluuit(!)
2587 1400 2755 1461 idem
2792 1397 3132 1477 Goztynch

440 1509 520 1570 ad
549 1508 843 1571 Dresnuk
873 1524 936 1571 et
971 1510 1272 1572 Dresnuk
1319 1511 1453 1573 fluit
1501 1532 1700 1591 vsque
1745 1512 1828 1573 ad
1875 1513 2149 1585 Zawam‚
2195 1514 2433 1575 abinde
2477 1513 2681 1575 tendit
2714 1514 2799 1575 ad
2832 1532 3131 1575 occasum

437 1622 580 1683 solis
621 1643 734 1701 per
778 1643 1012 1703 aquam
1049 1625 1322 1699 Zawam,
1368 1625 1604 1686 abinde
1635 1628 1923 1705 superius
1960 1626 2178 1688 eundo
2208 1647 2323 1707 per
2353 1644 2589 1706 aquam
2623 1627 2809 1687 Zawa
2842 1628 3131 1705 peruenit

441 1735 520 1795 ad
567 1735 968 1815 Luphynam,
1012 1738 1250 1799 abinde
1295 1758 1408 1817 per
1456 1738 1844 1818 Luphynam
1908 1740 2111 1802 tendit
2172 1740 2255 1801 ad
2310 1740 2679 1821 aquilonem
2724 1752 2787 1800 et
2833 1740 3126 1818 peruenit

436 1866 626 1927 vsque
683 1848 1070 1911 Glosnauich
1118 1850 1406 1930 pothoka
1453 1864 1516 1913 et
1563 1852 1766 1914 tendit
1813 1850 1875 1912 in
1924 1853 2155 1915 eodem
2211 1852 2415 1933 potok
2470 1872 2683 1914 versus
2735 1852 3126 1931 aquilonem,

436 1964 564 2022 exit
605 1974 822 2024 autem
867 1962 948 2024 de
995 1967 1134 2043 ipso
1181 1964 1388 2043 potok
1433 1976 1496 2025 et
1542 1966 1744 2026 tendit
1793 1966 1876 2026 ad
1924 1965 2273 2028 Obraduch
2306 1966 2624 2047 fenerem,
2672 1967 2779 2025 vbi
2828 1964 3132 2026 Nicolaus

437 2072 592 2136 filius
649 2076 966 2155 Dezyzlay
1026 2096 1173 2139 cum
1235 2080 1364 2139 suis
1425 2081 1716 2159 cognatis
1776 2089 1872 2139 est
1933 2090 2433 2153 commetaneuS,
2481 2078 2716 2139 deinde
2776 2078 2985 2141 tendit
3045 2078 3130 2139 ad

435 2189 720 2250 arborem
770 2208 1006 2251 nucum
1053 2191 1173 2251 sub
1218 2210 1344 2270 qua
1391 2202 1488 2252 est
1535 2201 1708 2253 meta
1754 2203 1975 2267 terrea,
2022 2190 2257 2253 deinde
2302 2192 2473 2253 cadit
2514 2191 2598 2252 ad
2632 2191 3021 2271 Luphynam
3069 2202 3134 2251 et

435 2302 630 2363 tendit
690 2304 978 2382 superius
1035 2324 1236 2383 vsque
1297 2316 1530 2366 terram
1593 2304 1903 2383 Stephani
1952 2305 2034 2365 de
2080 2305 2289 2367 Zadur
2333 2316 2397 2365 et
2444 2304 2529 2364 ibi
2577 2306 2727 2377 exit,
2772 2303 2988 2383 ibique
3035 2313 3133 2364 est

435 2426 602 2476 meta
660 2428 862 2477 terrea
923 2421 1204 2496 antiqua,
1247 2418 1482 2479 abhinc
1536 2418 1941 2499 progreditur
1988 2420 2276 2478 metatim
2324 2417 2406 2478 ad
2455 2419 2766 2478 orientem
2814 2426 2879 2477 et
2925 2415 3131 2477 tendit

435 2548 548 2608 per
589 2539 873 2590 montem
921 2530 1006 2590 ad
1053 2531 1376 2611 quendam
1429 2532 1641 2592 locum
1675 2542 1738 2593 et
1770 2532 1855 2592 ibi
1887 2542 1983 2591 est
2032 2540 2202 2590 meta
2250 2541 2471 2603 terrea,
2518 2529 2752 2591 deinde
2798 2529 3131 2590 descendit

433 2662 645 2703 versus
689 2645 1001 2704 orientem
1047 2655 1110 2704 et
1157 2647 1448 2724 peruenit
1493 2644 1576 2705 ad
1624 2647 1898 2724 priorem
1953 2653 2191 2704 metam
2240 2654 2305 2704 et
2352 2644 2434 2704 ibi
2483 2644 2920 2704 terminantur.
2970 2642 3129 2703 Item

437 2757 645 2836 incipit
689 2760 893 2836 prima
943 2768 1113 2818 meta
1161 2771 1324 2819 terre
1372 2756 1755 2840 Prowchaffl
1796 2778 1834 2819 a
1866 2767 2047 2837 parte
2096 2756 2489 2817 meridionali
2524 2759 2588 2816 in
2622 2755 2908 2835 quodam
2956 2755 3133 2816 riwlo

444 2872 544 2944 qui
587 2872 802 2932 transit
864 2890 976 2951 per
1037 2871 1321 2933 fenetum
1386 2873 1564 2933 iuxta
1623 2871 1836 2932 villam
1900 2870 2175 2932 filiorum
2237 2870 2492 2946 Zauide,
2539 2872 2601 2931 in
2648 2889 2779 2951 quo
2846 2867 3050 2930 riuulo
3095 2888 3133 2928 a

443 2997 610 3062 parte
666 2985 952 3047 orientali
1015 2997 1110 3046 est
1169 3005 1316 3064 pars
1363 2985 1691 3066 JohanniS‚
1735 3007 1772 3045 a
1819 2995 2003 3064 parte
2062 2995 2277 3046 autem
2332 2983 2685 3044 occidentis
2727 3002 2875 3061 pars
2920 2991 3015 3043 est
3062 2981 3132 3042 fi-

443 3098 652 3159 liorum
701 3098 938 3160 Zauide
985 3109 1048 3160 et
1097 3099 1380 3178 Mathye,
1425 3100 1576 3160 item
1639 3098 1961 3180 egreditur
2006 3117 2122 3178 per
2166 3098 2449 3159 senetum
2497 3096 2582 3158 ad
2630 3095 3001 3177 aquilonem
3049 3094 3134 3155 ad

450 3210 732 3272 Volunch
763 3211 1007 3291 potoka
1041 3211 1210 3272 cadit
1243 3223 1306 3271 et
1339 3213 1399 3271 in
1434 3211 1668 3271 eodem
1699 3211 1876 3272 riwlo
1907 3230 2135 3290 parum
2167 3209 2579 3290 procedendo
2612 3209 2745 3270 exit
2771 3208 2854 3270 ad
2880 3219 3133 3288 partem

453 3325 806 3386 orientalem
856 3325 962 3384 vbi
1009 3337 1104 3385 est
1148 3325 1410 3404 antiqua
1459 3334 1630 3384 meta
1678 3334 1902 3400 terrea,
1932 3323 2084 3385 inde
2129 3343 2280 3386 vero
2326 3322 2647 3405 egreditur
2692 3342 2805 3402 per
2852 3324 3019 3382 viam
3051 3320 3136 3382 ad

449 3447 674 3514 partem
739 3437 1055 3516 aquilonis
1101 3449 1164 3498 et
1211 3437 1380 3498 cadit
1441 3437 1525 3498 ad
1589 3456 1892 3519 magnam
1958 3441 2125 3500 viam
2173 3438 2275 3498 cui
2318 3436 2678 3518 adiungitur
2738 3435 2859 3496 alia
2906 3435 3006 3495 via
3052 3452 3137 3496 ex

450 3560 796 3611 transuerso
842 3551 947 3612 vbi
992 3563 1090 3612 est
1137 3560 1308 3612 meta
1354 3562 1558 3612 terrea
1603 3561 1666 3612 et
1711 3553 1994 3629 antiqua,
2042 3553 2195 3612 item
2254 3569 2369 3629 per
2428 3548 2701 3610 eandem
2750 3550 2915 3608 viam
2962 3545 3136 3607 vadit

453 3661 534 3721 ad
575 3661 808 3726 Procha
841 3663 1086 3743 potoka
1133 3682 1348 3725 versus
1379 3663 1801 3740 occidentem,
1847 3665 2001 3726 item
2032 3683 2147 3744 per
2181 3662 2481 3724 Prowcha
2514 3659 2718 3741 potok
2737 3657 2801 3742 (Ι)
2848 3659 3137 3720 ascendit

453 3779 716 3854 superius
761 3796 980 3838 versus
1023 3778 1393 3856 aquilonem
1438 3787 1503 3838 et
1549 3780 1680 3838 exit
1713 3778 1796 3838 de
1829 3778 2116 3839 Proucha
2148 3774 2353 3855 potok
2398 3774 2481 3836 ad
2528 3775 2839 3835 orientem
2888 3773 2994 3833 vbi
3040 3784 3137 3834 est

455 3901 610 3951 meta
651 3901 854 3952 terrea
900 3893 962 3950 in
1008 3893 1205 3970 spinis
1263 3894 1442 3952 iuxta
1503 3903 1735 3952 terram
1789 3891 2028 3970 Vysen,
2075 3892 2227 3950 item
2276 3887 2481 3950 tendit
2525 3887 2610 3949 ad
2658 3889 2975 3950 orientem
3024 3905 3138 3965 per

453 4007 726 4084 antiquas
773 4014 976 4066 metas
1021 4014 1258 4066 terreas
1303 4015 1366 4066 et
1413 4004 1586 4065 cadit
1615 4005 1698 4066 ad
1731 4021 2033 4085 magnam
2082 4002 2311 4064 vallem
2362 4004 2539 4062 iuxta
2588 4019 2785 4081 quam
2831 4011 2929 4063 est
2961 4009 3133 4060 meta

454 4126 636 4179 terrea
679 4129 744 4179 et
791 4138 906 4198 per
972 4117 1250 4179 eandem
1317 4118 1550 4179 vallem
1618 4117 1952 4179 descendit
2019 4135 2233 4177 versus
2303 4113 2654 4188 meridiem,
2698 4115 2877 4174 iuxta
2940 4131 3135 4191 quam

453 4230 662 4292 vallem
729 4231 815 4292 ab
883 4231 1263 4294 occidentali
1330 4241 1511 4310 parte
1577 4249 1722 4310 pars
1784 4230 2090 4310 Johannis
2158 4231 2539 4302 continetur,
2596 4247 2635 4288 a
2695 4235 2875 4306 parte
2919 4237 3137 4288 autem

450 4347 722 4408 orientali
753 4365 900 4424 pars
930 4355 1026 4407 est
1058 4344 1368 4424 Stephani
1392 4344 1476 4405 de
1500 4345 1722 4419 Zadur‚
1753 4343 1991 4406 abinde
2017 4362 2165 4406 vero
2190 4340 2503 4422 Georgius
2536 4339 2699 4400 filius
2716 4333 3139 4422 Mothm[er]y

449 4472 538 4520 est
577 4469 1062 4521 commetaneus
1119 4458 1337 4520 eundo
1405 4477 1659 4538 semper
1729 4458 1814 4519 ad
1859 4457 2191 4519 meridiem
2241 4465 2306 4516 et
2351 4455 2642 4533 peruenit
2689 4451 2771 4513 ad
2817 4450 3139 4512 harazthfa

447 4573 556 4633 sub
601 4593 728 4652 qua
773 4582 872 4634 est
917 4584 1090 4634 meta
1135 4583 1354 4646 terrea,
1403 4573 1557 4632 item
1601 4574 1823 4632 transit
1881 4588 1999 4650 per
2058 4570 2397 4649 planiciem
2445 4576 2510 4628 et
2556 4566 2727 4627 cadit
2773 4565 2859 4627 ad
2904 4565 3139 4626 siccam

447 4687 664 4748 vallem
711 4704 930 4747 versus
997 4685 1348 4760 meridiem,
1417 4687 1569 4746 item
1617 4687 1752 4746 exit
1796 4684 1878 4745 de
1925 4684 2089 4744 valle
2134 4691 2199 4744 et
2242 4683 2535 4763 peruenit
2579 4679 2665 4741 ad
2712 4679 2940 4740 siluam
2984 4693 3141 4758 egur

447 4795 550 4884 [et]
597 4802 820 4861 transit
881 4802 1086 4878 ipsam
1145 4799 1372 4860 siluam
1431 4801 1722 4878 peruenit
1783 4797 1866 4858 ad
1926 4797 2197 4859 dumum
2256 4795 2653 4874 rekequetye
2698 4792 2819 4854 sub
2866 4809 2997 4871 quo
3042 4799 3139 4850 est

443 4925 608 4975 meta
653 4925 878 4989 terrea,
907 4912 1174 4974 abinde
1218 4913 1508 4991 peruenit
1538 4911 1622 4972 ad
1653 4921 1919 4990 puteum
1968 4909 2193 4988 Vysen
2238 4927 2454 4970 versus
2506 4905 2857 4979 meridiem,
2902 4901 3139 4964 abinde

442 5028 642 5090 tendit
687 5046 805 5107 per
849 5029 1018 5088 viam
1065 5044 1367 5107 magnam
1413 5024 1498 5086 ad
1544 5023 1766 5085 siluam
1822 5023 2010 5083 Zawa
2055 5032 2118 5082 et
2164 5019 2569 5103 progreditur
2613 5037 2814 5098 vsque
2859 5010 3139 5099 Zaw[am

439 5137 570 5225 per}
618 5143 918 5220 antiquas
985 5148 1188 5201 metas
1254 5139 1554 5200 arboreas
1622 5136 1726 5197 vbi
1789 5135 2095 5197 Nicolaus
2159 5152 2309 5195 cum
2370 5136 2497 5195 suis
2542 5135 2835 5212 cognatis
2877 5150 2916 5191 a
2961 5139 3142 5208 parte
