3797 5795
404 587 568 648 ualle
614 588 698 648 ad
745 587 1016 650 dumum
1063 589 1333 662 uiminiS‚
1379 589 1484 650 ubi
1533 600 1629 650 est
1676 599 1847 650 meta
1895 592 2088 669 ipsius
2120 589 2377 652 Gordus
2422 604 2485 652 et
2533 591 2784 665 Koiani,
2830 592 2977 652 inde
3024 593 3108 652 ad

400 703 572 760 uiam
621 711 684 761 et
731 704 950 762 transit
997 703 1167 761 uiam
1231 700 1312 762 ad
1379 711 1620 762 metam
1683 712 1972 773 terream,
2020 704 2234 783 ibique
2280 724 2393 782 per
2440 705 2669 765 uallem
2717 707 2951 765 siccam
2998 705 3107 766 de-

397 813 645 874 scendit
690 833 806 893 per
853 815 1180 893 quandam
1253 813 1564 876 malacam
1627 817 1690 874 in
1764 815 2111 877 Desnicam
2159 827 2223 877 et
2269 835 2383 896 pei·
2428 835 2569 878 eam
2618 818 2833 878 eundo
2880 835 3104 896 parum

401 929 534 986 exit
581 928 645 987 in
695 926 926 988 Ilsoam
997 939 1060 987 et
1129 945 1244 1006 per
1311 927 1478 987 illam
1552 927 1726 988 uadit
1795 931 2081 1007 superius
2129 949 2241 1008 per
2288 947 2590 1010 magnum
2640 931 2923 1008 spacium
2972 933 3105 990 exit

397 1059 511 1117 per
557 1039 846 1101 Suhodol
896 1043 1074 1101 iuxta
1121 1053 1352 1101 terram
1403 1039 1676 1101 filiorum
1723 1040 2005 1120 Berizlay
2044 1042 2126 1102 ad
2176 1044 2363 1114 uiam,
2398 1042 2499 1102 ubi
2551 1054 2698 1104 sunt
2744 1050 2869 1103 due
2918 1056 3105 1114 mete,

398 1171 511 1229 per
555 1154 722 1213 uiam
771 1163 985 1214 autem
1033 1164 1294 1214 euntem
1341 1156 1402 1213 in
1454 1151 1650 1233 (iarig
1681 1157 2046 1231 peruenitur
2078 1156 2161 1216 ad
2209 1167 2447 1216 metam
2496 1157 2616 1215 sub
2662 1156 2888 1216 arbore
2934 1155 3106 1228 tulsa‚

400 1265 506 1325 ubi
555 1266 681 1326 due
728 1269 830 1326 uie
876 1269 1364 1348 coniunguntur,
1397 1268 1612 1346 ibique
1642 1268 1944 1329 refletitur
1992 1271 2051 1328 in
2102 1269 2331 1329 uallem
2382 1279 2445 1328 et
2490 1287 2603 1347 per
2651 1268 2819 1329 illam
2868 1268 3100 1329 uallem

394 1380 533 1439 exit
595 1378 677 1439 ad
740 1379 900 1440 duas
969 1389 1188 1452 metas
1257 1399 1524 1460 quarum
1575 1400 1700 1442 una
1769 1393 1862 1442 est
1912 1380 2186 1451 GorduS,
2233 1381 2427 1442 altera
2477 1378 2749 1442 filiorum
2801 1381 3097 1459 Berizlay‚

395 1491 630 1552 deinde
677 1493 736 1552 in
786 1492 982 1553 latere
1052 1495 1288 1554 montis
1355 1495 1722 1572 peruenitur
1788 1495 1872 1555 ad
1942 1506 2180 1555 metam
2247 1496 2365 1554 sub
2412 1495 2639 1556 arbore
2685 1495 2839 1556 tulfa
2890 1496 3102 1572 ibique

391 1605 563 1666 cadit
611 1607 672 1665 in
721 1603 1018 1666 Deschen
1067 1615 1288 1684 et·per
1333 1593 1482 1666 eam'
1526 1607 1843 1669 reducitur
1889 1607 1973 1668 ad
2022 1619 2259 1668 metam
2322 1609 2597 1686 priorem
2648 1617 2710 1668 et
2756 1610 2845 1668 sic
2890 1609 3101 1667 termi-

393 1729 595 1778 natur.
647 1718 806 1778 Item
840 1719 1059 1797 incipit
1089 1721 1292 1798 prima
1328 1730 1498 1780 meta
1531 1733 1695 1781 terre
1726 1721 2011 1781 eiusdem
2047 1718 2322 1794 GorduS,
2354 1740 2478 1800 que
2511 1718 2786 1783 Chasma
2819 1731 3100 1792 uocatur,

399 1833 576 1891 iuxta
623 1829 884 1891 fluuium
959 1829 1236 1894 Chasme
1303 1833 1424 1892 sub
1491 1834 1719 1894 arbore
1789 1834 1944 1894 tulfa
2016 1835 2077 1892 in
2150 1834 2311 1906 loco,
2373 1834 2476 1893 ubi
2526 1834 2761 1893 riuulus
2812 1833 3099 1892 Pleterna

393 1945 656 2004 nomine
704 1944 874 2004 cadit
921 1947 984 2004 in
1032 1942 1376 2008 Chasmam
1425 1956 1488 2006 et
1557 1965 1670 2024 per
1739 1947 2093 2007 Pleternam
2143 1946 2358 2007 eundo
2404 1948 2689 2026 superius
2734 1948 3099 2024 peruenitur

390 2057 475 2116 ad
507 2067 746 2117 metam
781 2057 899 2117 sub
929 2057 1158 2116 arbore
1189 2057 1409 2128 salicis,
1442 2058 1676 2119 deinde
1707 2059 2038 2137 pereundo
2068 2059 2151 2119 ad
2184 2059 2371 2119 aliam
2421 2069 2659 2119 metam
2708 2058 2825 2118 sub
2872 2059 3099 2118 arbore

388 2170 696 2250 gertansa,
743 2170 974 2230 abhinc
1021 2180 1242 2231 tenent
1289 2183 1528 2232 metam
1577 2190 1724 2233 cum
1757 2171 2021 2251 Stephk‚
2068 2172 2197 2233 filio
2244 2171 2425 2232 Zouk
2470 2182 2532 2232 et
2579 2173 2667 2232 sic
2706 2174 3097 2232 terminatur.

391 2282 553 2342 Item
599 2285 803 2361 prima
853 2293 1022 2344 meta
1069 2293 1231 2344 terre
1283 2285 1614 2345 Welchete
1661 2305 1787 2365 que
1819 2285 2111 2345 Zaburna
2158 2303 2439 2358 uocatur,
2473 2286 2688 2363 incipit
2735 2287 3097 2345 intransitu

387 2395 568 2456 riuuli
617 2395 902 2456 eiusdem
951 2395 1242 2456 Zaburna
1275 2399 1336 2456 in
1370 2397 1619 2458 duabus
1666 2399 1868 2471 metis,
1916 2416 2185 2478 quarum
2218 2416 2345 2457 una
2376 2409 2470 2457 est
2504 2399 2697 2476 ipsius
2748 2395 3099 2469 Welchete‚

385 2509 584 2569 altera
637 2506 868 2592 Vde(z)
919 2512 1094 2569 iuxta
1140 2512 1305 2569 uiam
1356 2524 1614 2571 euntem
1687 2512 1748 2570 in
1820 2509 2033 2592 Garig‚
2102 2511 2316 2588 ibique
2385 2513 2574 2571 intrat
2622 2510 2985 2571 Zaburnam
3033 2521 3097 2570 et

385 2625 560 2682 uenit
609 2641 810 2700 usque
855 2621 938 2682 ad
985 2624 1152 2682 uiam
1201 2633 1484 2683 ueterem
1533 2636 1596 2684 et
1643 2643 1754 2702 per
1801 2643 1945 2685 eam
1994 2624 2170 2684 uadit
2216 2624 2297 2685 ad
2346 2639 2635 2684 montem
2684 2624 2766 2684 ad
2815 2625 2987 2684 uiam
3034 2625 3093 2682 in

387 2735 656 2796 modum
706 2737 906 2796 crucis·
952 2747 1016 2796 et
1063 2744 1158 2796 est
1206 2736 1290 2796 ibi
1339 2746 1528 2810 meta,
1591 2737 1740 2796 inde
1802 2757 1915 2816 per
1978 2738 2146 2798 uiam
2210 2739 2385 2797 iuxta
2447 2738 2697 2796 uineam
2749 2736 3098 2797 sacerdotis

384 2847 564 2910 uadit
634 2847 716 2909 ad
787 2859 1024 2909 metam
1097 2859 1400 2923 ueterem,
1468 2849 1704 2911 deinde
1773 2850 2105 2913 descendit
2152 2853 2215 2910 in
2261 2849 2493 2911 uallem
2541 2847 2829 2911 Zahatuk
2874 2861 2937 2910 et
2984 2867 3097 2928 ρει·

382 2982 526 3023 eam
579 2965 752 3023 uenit
799 2963 1056 3023 inferius
1104 2982 1305 3041 usque
1352 2964 1437 3023 ad
1485 2964 1718 3037 locum,
1779 2966 1884 3025 ubi
1949 2966 2079 3024 exit
2146 2964 2231 3025 ad
2276 2962 2466 3025 aliam
2530 2963 2759 3023 uallem
2812 2964 2875 3022 in
2924 2974 3095 3022 meta

381 3075 504 3135 sub
551 3076 780 3136 arbore
826 3077 1114 3157 gertanfa
1163 3089 1226 3137 et
1257 3094 1374 3155 per
1405 3076 1636 3138 uallem
1688 3079 1951 3137 nomine
1996 3077 2225 3155 Blasey
2258 3076 2433 3137 uadit
2466 3078 2753 3155 superius
2783 3076 2869 3137 ad
2902 3085 3095 3153 caput

381 3189 689 3258 eiusdem,
736 3189 844 3249 ubi
891 3198 984 3249 est
1033 3200 1203 3249 meta
1235 3190 1355 3250 sub
1385 3190 1542 3268 piro,
1585 3189 1734 3249 inde
1765 3190 1848 3250 ad
1881 3202 2121 3251 metam
2154 3189 2317 3250 Petri
2366 3189 2471 3250 filii
2506 3188 2803 3267 Berizlay‚
2851 3188 3086 3249 deinde

381 3321 498 3380 per
545 3314 748 3361 metas
793 3301 1079 3362 eiusdem
1115 3302 1278 3363 Petri
1327 3302 1726 3363 descendens
1766 3304 1937 3364 cadit
1969 3306 2029 3363 in
2064 3303 2417 3382 predictum
2468 3302 2737 3363 riuulum
2786 3302 3095 3363 Zaburnzv

382 3414 600 3492 ibique
672 3418 1062 3475 terminatur.
1143 3415 1303 3476 Item
1372 3416 1579 3494 prima
1649 3425 1820 3476 meta
1889 3417 2144 3478 alterius
2198 3426 2362 3477 terre
2422 3416 2706 3476 eiusdem
2759 3414 3095 3476 &Velchete

383 3529 650 3587 nomine
695 3525 980 3599 Dedech,
1027 3546 1222 3606 quam
1269 3527 1463 3589 habet
1509 3530 1684 3589 iuxta
1733 3540 1965 3590 terram
2014 3527 2271 3590 Gordus
2316 3530 2535 3607 incipit
2578 3528 2664 3589 ab
2710 3530 2953 3589 oriente
2988 3576 2999 3586 .
3035 3575 3045 3586 .
3082 3583 3093 3593 .

384 3660 512 3701 una
559 3658 686 3717 que
731 3652 826 3701 est
872 3642 1034 3701 inter
1079 3641 1348 3702 domum
1411 3660 1593 3702 suam
1659 3653 1722 3702 et
1784 3642 2053 3702 domum
2102 3640 2347 3720 Voynk
2394 3653 2459 3702 et
2503 3660 2617 3720 per
2664 3643 2861 3719 ipsam
2910 3640 3091 3701 uadit

384 3754 671 3831 superius
719 3772 936 3814 uersus
981 3753 1386 3815 occidentem
1435 3753 1520 3815 ad
1565 3766 1756 3833 caput
1818 3755 2102 3815 eiusdem
2152 3754 2235 3814 ad
2284 3762 2521 3816 metam
2570 3754 2689 3814 sub
2734 3753 2963 3814 arbore
3010 3752 3093 3814 de

384 3870 537 3945 pir0,
587 3866 736 3926 inde
781 3885 1008 3945 parum
1077 3866 1417 3927 reflectitur
1485 3879 1548 3928 et
1618 3868 1792 3928 uadit
1862 3868 1957 3927 ad·
2015 3868 2184 3927 uiam
2251 3867 2333 3927 ad
2398 3876 2636 3928 metam
2700 3868 2818 3927 sub
2865 3866 3092 3927 arbore

386 3979 556 4051 tulsa,
604 3978 756 4039 inde
803 3978 1134 4040 descendit
1181 3981 1244 4039 in
1293 3980 1522 4041 uallem
1594 4000 1794 4060 usque
1863 3980 1948 4040 ad
2016 3982 2363 4040 sessionem
2401 4027 2412 4039 .
2448 4028 2458 4038 .
2495 4028 2506 4039 .
2540 3997 2636 4051 en,
2706 3979 2941 4040 deinde
3008 3978 3089 4039 ad

384 4102 580 4171 caput
627 4091 924 4153 Deschen
959 4093 1042 4154 ad
1075 4104 1312 4153 metam
1363 4093 1481 4154 sub
1527 4096 1756 4155 arbore
1801 4092 1977 4153 biksa
2021 4094 2239 4170 ibique
2286 4094 2505 4153 transit
2551 4094 2721 4153 uiam
2769 4091 2853 4153 ad
2898 4102 3091 4169 caput

385 4224 618 4287 magne
666 4204 862 4279 uallis,
909 4206 1014 4265 ubi
1063 4216 1155 4265 est
1191 4217 1360 4267 meta
1393 4207 1512 4267 sub
1543 4206 1773 4267 arbore
1819 4206 2015 4279 hassa,
2061 4224 2174 4285 per
2203 4205 2479 4266 eandem
2514 4204 2786 4266 tendens
2832 4205 3092 4265 inferius

379 4338 608 4397 parum
673 4319 807 4379 exit
857 4319 918 4377 in
967 4337 1160 4379 unam
1209 4322 1441 4380 siccam
1512 4320 1742 4381 uallem
1814 4330 1876 4380 et
1948 4339 2060 4398 per
2128 4337 2273 4379 eam
2343 4318 2518 4379 uadit
2564 4318 2647 4379 ad
2696 4320 2863 4379 uiam
2913 4318 3089 4379 iuxta

382 4432 636 4492 uineam
683 4431 768 4491 ad
817 4440 1056 4491 metam
1121 4443 1412 4506 terream,
1473 4431 1706 4493 deinde
1767 4434 1828 4492 in
1893 4434 1996 4493 uia
2056 4431 2271 4493 eundo
2318 4434 2451 4491 exit
2498 4430 2579 4490 ad
2627 4430 2785 4491 duas
2832 4430 3091 4491 arbores

382 4544 534 4605 tulfa
606 4544 726 4605 sub
795 4544 1025 4624 quibus
1093 4556 1186 4605 est
1257 4556 1444 4619 meta,
1519 4544 1753 4606 abhinc
1820 4564 1934 4624 per
2003 4544 2235 4606 uallem
2292 4547 2522 4605 siccam
2573 4544 2742 4605 cadit
2789 4545 2851 4603 in
2898 4555 3090 4623 caput

383 4656 686 4736 Sywinna
731 4660 995 4718 nomine
1028 4670 1092 4719 et
1123 4678 1236 4737 per
1267 4678 1408 4719 eam
1443 4658 1774 4720 descendit
1814 4678 2018 4737 usque
2064 4658 2146 4719 ad
2195 4658 2405 4718 locum
2456 4658 2561 4717 ubi
2610 4658 2741 4717 exit
2790 4658 2850 4717 in
2898 4656 3087 4717 aliam

383 4771 613 4832 uallem
664 4774 898 4832 siccam
948 4774 1124 4833 iuxta
1171 4783 1401 4831 terram
1449 4770 1720 4832 filiorum
1771 4771 2027 4832 Brezual
2097 4782 2159 4831 et
2228 4790 2341 4849 per
2400 4779 2603 4829 metas
2673 4769 3088 4848 dupplicata3‚

384 4902 652 4961 quarum
700 4902 826 4944 una
872 4894 964 4945 est
1019 4885 1350 4945 Welcbete
1409 4885 1602 4946 altera
1665 4884 1937 4944 filiorum
2004 4883 2260 4945 Brezual
2329 4884 2660 4943 reuertitur
2706 4884 2769 4943 in
2816 4881 3083 4942 riuulum

385 4994 678 5058 Doechen
727 5007 791 5058 et
837 5016 951 5076 per
995 4997 1170 5058 illum
1205 4998 1386 5059 rediit
1419 5000 1482 5057 in
1515 5007 1754 5058 metam
1801 4999 2083 5076 priorem
2114 5006 2177 5057 et
2210 4997 2300 5056 sic
2330 4997 2717 5057 terminatur.
2765 4996 2857 5057 Vt
2903 4997 3089 5077 igitur

384 5108 644 5187 predicti
689 5107 1032 5188 JohanneS,
1077 5108 1337 5172 Gordus
1381 5123 1444 5172 et
1497 5111 1828 5172 Welcbeta
1875 5122 1941 5170 et
1986 5120 2339 5171 castrenses
2386 5111 2491 5186 qui
2538 5109 2817 5189 agebant
2862 5122 3085 5170 contra
