3797 5795
1892 372 2258 438 --52-Μ

719 567 905 626 nobis
950 566 1363 645 personaliter
1414 566 1622 626 retulit
1669 576 1734 626 et
1776 585 1891 644 per
1937 585 2084 626 suas
2131 566 2369 627 litteras
2414 566 2747 638 intimauit‚
2792 564 2968 644 quod
3015 566 3169 642 ipsis
3215 562 3426 640 hospi-

718 681 884 740 tibus
930 679 1012 739 de
1058 689 1223 740 terra
1283 679 1713 758 predictorum
1776 679 2111 739 hominum
2155 679 2240 739 ad
2287 681 2402 738 tria
2449 689 2656 739 aratra
2702 679 2880 738 iuxta
2943 689 3233 738 nostrum
3281 695 3418 754 pre—

716 801 975 870 ceptum
1033 793 1415 874 assignasset
1474 791 1593 851 sub
1654 791 1771 852 hiis
1834 793 2048 852 metis:
2114 791 2324 852 Prima
2387 802 2559 852 meta
2618 792 2837 869 incipit
2881 811 2918 850 a
2965 790 3423 869 septemtrione

717 908 893 966 iuxta
938 923 1138 964 unum
1186 904 1605 964 monticulum
1650 905 1758 964 ubi
1807 914 1904 964 est
1952 914 2123 965 meta
2177 915 2379 965 terrea
2425 915 2489 964 et
2535 904 2684 965 inde
2731 903 2906 964 uadit
2951 907 3016 963 in
3063 903 3423 983 uirgultum,

720 1017 827 1078 ubi
872 1027 970 1078 est
1014 1027 1187 1077 meta
1233 1027 1451 1090 terrea,
1484 1016 1718 1077 deinde
1764 1016 2098 1078 descendit
2137 1019 2199 1076 in
2231 1017 2502 1079 riuulum
2537 1016 2806 1096 Dalych,
2850 1036 2963 1096 per
3009 1035 3204 1095 quem
3251 1015 3423 1076 uadit

719 1131 974 1190 inferius
1018 1128 1102 1190 ad
1160 1138 1415 1208 portum
1462 1131 1813 1207 antiquum,
1860 1129 2094 1190 deinde
2141 1130 2311 1190 cadit
2355 1131 2440 1192 ad
2487 1149 2785 1212 magnam
2833 1133 3022 1206 uiam,
3067 1149 3182 1209 per
3230 1148 3418 1207 quam

721 1242 896 1304 uadit
941 1241 1024 1304 ad
1070 1253 1279 1322 partes
1311 1242 1665 1316 orientaleS,
1695 1245 1871 1304 cuius
1903 1243 2168 1304 dextera
2213 1262 2359 1322 pars
2404 1244 2487 1305 ad
2532 1245 2747 1306 locum
2793 1244 2928 1318 fori,
2973 1245 3222 1304 sinistra
3269 1261 3419 1302 uero

722 1375 866 1435 pars
896 1358 1170 1436 pertinet
1200 1358 1600 1437 generacioni
1637 1356 1990 1438 Draguzlai,
2022 1357 2256 1418 deinde
2287 1357 2492 1419 tendit
2523 1357 2606 1418 ad
2637 1368 2887 1437 partem
2918 1355 3423 1428 meridionalem,

722 1469 828 1530 ubi
873 1469 1085 1530 frutex
1145 1489 1414 1545 quercus
1474 1479 1741 1530 uocatur
1786 1479 1848 1530 et
1894 1469 2069 1530 uadit
2115 1470 2197 1530 ad
2244 1472 2452 1549 pirum
2514 1489 2699 1532 cruce
2745 1472 3080 1551 signatam,
3127 1470 3247 1529 sub
3297 1488 3420 1546 qua

723 1595 815 1644 est
855 1594 1023 1644 meta
1072 1593 1291 1655 terrea,
1338 1583 1485 1643 inde
1533 1582 1707 1644 uadit
1752 1582 1837 1643 ad
1882 1583 2180 1644 arborem
2228 1583 2390 1662 zylfa
2436 1603 2622 1644 cruce
2667 1587 2998 1665 signatam,
3047 1582 3196 1642 inde
3245 1581 3421 1642 uadit

726 1697 808 1756 ad
854 1696 1126 1756 riuulum
1176 1693 1512 1774 Chebdyn‚
1572 1695 1676 1757 ubi
1726 1705 1821 1756 est
1868 1706 2040 1756 meta
2086 1708 2148 1756 et
2193 1697 2277 1757 ibi
2324 1699 2516 1757 sumit
2560 1697 2721 1758 filios
2783 1695 3034 1757 Kundis
3082 1696 3196 1756 sibi
3245 1713 3418 1754 com-

724 1819 1071 1884 metaneos,
1102 1809 1337 1869 deinde
1369 1811 1490 1869 itur
1520 1807 1603 1868 ad
1636 1807 2040 1869 occidentem
2071 1829 2186 1888 per
2216 1809 2494 1870 eundem
2526 1809 2799 1871 riuulum
2834 1808 3176 1887 Chebdyn‚
3200 1827 3422 1886 parum

722 1920 937 1982 eundo
998 1923 1132 1982 exit
1193 1921 1277 1982 de
1337 1921 1539 1982 riuulo
1604 1921 1687 1981 ad
1750 1932 1984 1982 terram
2054 1921 2326 1983 filiorum
2391 1923 2574 1984 Priba
2621 1935 2682 1982 et
2729 1925 3017 2002 peruenit
3065 1922 3148 1984 ad
3194 1935 3424 1982 terram

722 2034 995 2095 filiorum
1045 2032 1273 2109 Cuetk,
1319 2037 1494 2095 cuius
1541 2034 1805 2095 dextera
1851 2053 1999 2113 pars
2029 2035 2174 2095 loco
2205 2035 2340 2108 fori,
2371 2037 2618 2096 sinistra
2666 2054 2819 2097 uero
2869 2055 3012 2113 pars
3057 2035 3197 2096 filiis
3242 2035 3426 2095 Priba

724 2151 1003 2208 noscitur
1047 2151 1379 2227 pertinere,
1412 2147 1644 2208 deinde
1684 2149 1858 2208 uenit
1905 2147 1988 2208 ad
2021 2158 2258 2208 metam
2308 2158 2580 2209 terream
2611 2149 2694 2210 ad
2727 2148 3148 2218 occidentem,
3192 2146 3428 2208 deinde

720 2260 804 2320 ad
852 2260 1140 2322 fruticem
1200 2279 1471 2340 quercus
1516 2261 1622 2321 ubi
1670 2271 1765 2320 est
1813 2270 1984 2320 meta
2045 2271 2266 2332 terrea,
2314 2261 2548 2322 deinde
2615 2264 2788 2321 uenit
2834 2261 2916 2320 ad
2965 2263 3172 2338 pirum
3237 2278 3427 2321 cruce

725 2377 1057 2455 signatam,
1102 2375 1207 2435 ubi
1258 2385 1352 2433 est
1400 2382 1570 2434 meta
1616 2384 1834 2447 terrea,
1881 2373 2116 2434 deinde
2161 2373 2244 2433 ad
2291 2373 2552 2434 fluuium
2583 2373 2911 2454 Podgoria‚
2959 2373 3064 2433 ubi
3113 2385 3208 2434 est
3257 2385 3429 2433 meta

729 2497 945 2562 terrea,
990 2487 1225 2548 deinde
1272 2507 1384 2565 per
1428 2487 1706 2548 eundem
1756 2485 2019 2548 fluuium
2063 2489 2348 2566 superius
2393 2487 2608 2547 eundo
2655 2490 2943 2566 peruenit
2987 2486 3072 2548 ad
3123 2507 3429 2568 magnum

729 2610 1001 2678 portum,
1048 2600 1153 2660 ubi
1204 2601 1379 2659 iuxta
1413 2602 1583 2660 uiam
1630 2610 1724 2660 est
1772 2610 1946 2660 meta
1992 2612 2212 2674 terrea,
2245 2600 2478 2661 deinde
2509 2600 2590 2660 ad
2624 2601 3024 2661 occidentem
3057 2602 3139 2662 ad
3185 2616 3428 2661 metam

729 2722 993 2773 terream
1044 2715 1104 2772 in
1154 2713 1374 2772 horozt
1406 2712 1755 2786 fundatam,
1788 2715 1893 2773 ubi
1929 2713 2198 2774 dextera
2245 2732 2391 2792 pars
2429 2714 2574 2774 loco
2607 2714 2742 2788 fori,
2789 2716 3034 2774 sinistra
3083 2734 3234 2774 uero
3281 2733 3431 2792 pars

726 2824 866 2885 filiis
927 2824 1134 2889 Cuetk
1179 2827 1460 2886 noscitur
1520 2827 1850 2905 pertinere,
1913 2826 2068 2886 silua
2129 2838 2345 2887 autem
2394 2827 2480 2887 ibi
2525 2829 2805 2887 existens
2864 2828 3225 2887 communis
3283 2845 3428 2887 esse

726 2938 920 2999 debet
986 2940 1429 3021 iobagionibus
1490 2942 1672 3000 castri
1719 2951 1782 3000 et
1827 2941 2253 3001 castrensibus
2297 2960 2374 3001 ac
2420 2941 2773 3019 hospitibus
2822 2944 3204 3008 memoratis
3266 2942 3428 3001 sicut

726 3052 791 3110 in
836 3052 1119 3113 eiusdem
1167 3053 1315 3112 bani
1362 3052 1637 3113 uidimus
1681 3053 1902 3112 litteris
1947 3055 2272 3113 contineri.
2323 3053 2413 3113 Vt
2460 3055 2644 3135 igitur
2689 3056 2994 3131 premissa
3041 3053 3233 3113 robur
3278 3073 3426 3132 per-

726 3174 918 3240 petue
986 3168 1317 3243 optineant
1387 3165 1718 3234 firmitatis,
1785 3177 2112 3243 presentes
2188 3166 2425 3227 litteras
2495 3169 2556 3226 in
2625 3168 3058 3227 testimonium
3120 3178 3436 3246 perpetue

727 3274 1038 3337 firmitatis
1084 3278 1217 3337 dari
1266 3278 1529 3339 fecimus
1576 3278 1754 3359 sigilli
1821 3280 2017 3339 nostri
2064 3278 2332 3357 duplicis
2378 3282 2730 3340 munimine
2778 3280 3122 3340 roboratas
3187 3280 3434 3341 Datum

727 3407 841 3466 per
902 3409 1128 3451 manus
1193 3394 1471 3472 magistri
1542 3389 1878 3472 Smaragdi
1943 3390 2244 3451 Albensis
2311 3391 2576 3452 ecclesie
2642 3395 2941 3470 prepositi
3011 3392 3154 3453 aule
3215 3404 3438 3453 nostre

727 3503 1221 3564 uicecancellarii
1281 3504 1491 3564 dilecti
1538 3516 1601 3564 et
1649 3504 1851 3564 fidelis
1900 3507 2114 3577 nostri,
2160 3524 2332 3565 anno
2379 3506 2461 3566 ab
2507 3506 2952 3565 incarnacione
2999 3506 3242 3566 domini
3289 3506 3434 3565 mil-

724 3611 951 3675 lesimo
998 3616 1438 3677 ducentesimo
1474 3618 2003 3698 quinquagesimo
2045 3620 2338 3696 septimO,
2372 3617 2443 3677 11.
2483 3618 2622 3679 idus
2669 3619 2946 3693 ianuarii,
2990 3622 3166 3699 regni
3213 3632 3438 3679 autem

727 3732 921 3788 nostri
970 3748 1143 3789 anno
1190 3733 1497 3811 vigesimo
1545 3724 1846 3790 secundo.

913 3924 1210 3996 Ortginal
1250 3943 1289 3978 u
1335 3923 1557 3979 arkivu
1605 3924 1900 3995 trgovae'rta
1951 3922 2491 3995 Jastrebarskoga.
2539 3924 2644 3981 Na
2679 3924 2880 3979 listini
2921 3924 3046 3980 visi
3055 3927 3169 3999 josY
3194 3927 3439 3981 svilena

723 4040 915 4083 vrvca
975 4028 1180 4083 zelene
1226 4028 1253 4083 i
1296 4026 1474 4101 bq'jcle
1521 4026 1671 4100 boje,
1720 4028 1916 4083 doc‘im
1945 4030 2020 4101 je
2054 4034 2244 4102 pedat
2283 4048 2315 4083 s
2361 4030 2461 4103 nje·
2507 4029 2826 4103 iqgubljen.
2873 4029 3004 4085 [stu
3045 4030 3289 4104 povelju
3329 4040 3441 4107 po-

724 4132 927 4187 tvrdio
956 4133 1032 4206 je
1076 4130 1319 4205 kasnay'e
1384 4130 1504 4187 ban
1561 4131 1774 4187 Mikac
1825 4134 1992 4189 1:340.
2059 4134 2154 4187 24.
2207 4134 2431 4208 aprila‚
2495 4136 2655 4190 anda
2719 4138 2888 4188 1480.
2953 4132 3125 4205 kralj
3185 4135 3438 4210 Matisa,

720 4227 970 4310 kasmje
1034 4235 1187 4291 lvan
1245 4235 1480 4292 Korvin
1530 4238 1727 4303 1495„
1789 4236 1960 4311 kralj
1999 4238 2380 4295 Ferdinand
2420 4238 2537 4295 Ill.
2589 4238 2775 4308 (hako
2817 4240 2892 4312 je
2940 4241 3267 4315 prepisaffe·
3313 4240 3438 4296 ban

724 4333 959 4408 AsikaC,
1010 4339 1239 4413 Alatija
1273 4341 1299 4395 i
1328 4340 1487 4397 Ivan
1540 4340 1806 4399 Korvz'n)
1862 4346 2027 4400 1618.
2079 4344 2106 4397 i
2149 4343 2425 4418 napokon
2478 4346 2648 4397 1670.
2698 4342 2868 4417 kralj
2909 4342 3186 4418 Le-opold
3225 4344 3285 4401 l.·
3341 4344 3440 4401 J:-

720 4444 970 4499 vorm'ci
1014 4462 1053 4499 u
1102 4444 1275 4499 istom
1322 4444 1561 4501 arkivu.

904 4548 1256 4604 Kercseliclz
1286 4548 1427 4605 Not.
1467 4550 1669 4625 prael.
1708 4555 1840 4608 459.
1874 4584 1958 4590 —
1993 4552 2238 4607 Katona
2273 4553 2365 4609 Vl.
2394 4554 2529 4606 2:34.
2559 4584 2632 4591 —*
2675 4553 2858 4625 Feje'r
2874 4552 2917 4609 I
2922 4553 2978 4611 V.
3016 4555 3071 4611 2.
3099 4558 3437 4612 416-417,

726 4674 809 4686 —
844 4651 1037 4727 Feje'r
1082 4651 1210 4708 Vll.
1252 4656 1299 4707 5.
1339 4653 1402 4710 S.
1441 4658 1576 4709 579.
1617 4654 1913 4730 (nabraja
1944 4673 2120 4712 samo
2151 4654 2394 4729 mmJe).
2435 4688 2508 4695 —
2545 4656 2917 4731 Kukuljer’ic'
2953 4659 3126 4723 Jura
3175 4660 3356 4732 regni
3389 4660 3437 4715 l.

730 4752 872 4808 486.
922 4790 1003 4797 -—
1065 4756 1207 4813 cod.
1270 4757 1418 4832 dipl.
1475 4759 1730 4834 patrius
1806 4762 1827 4817 Ι
1838 4759 1937 4816 'IL
2010 4763 2104 4813 (50.
2174 4760 2260 4829 (iz
2314 4761 2662 4835 prijept'sas.
2726 4796 2798 4803 ———
2857 4762 3232 4838 Kukuljevic‘
3277 4765 3424 4833 Rq(

729 4872 824 4912 no,
884 4864 957 4913 72
970 4865 1015 4916 7.
