3797 5795
1621 409 1699 418 —
1756 378 1886 440 445
1953 413 2036 420 --

484 565 573 626 de
618 564 965 626 huiusmodi
1024 567 1375 644 questione.
1440 565 1567 646 Qui
1628 569 1805 628 iurati
1856 567 1977 628 sub
2021 568 2378 627 animarum
2443 585 2700 642 suarum
2761 566 3043 644 periculo
3089 569 3178 627 sic

484 678 791 753 dixerunt,
852 678 1027 756 quod
1097 697 1427 757 nunquam
1488 680 1802 756 uiderunt,
1851 680 1953 740 uel
2013 682 2351 752 sciuerunt,
2397 688 2508 740 aut
2555 700 2592 740 a
2637 681 2766 739 suis
2834 679 3190 739 maioribus

479 792 824 866 audierunt,
867 792 1045 871 quod
1077 793 1139 852 in
1172 793 1428 853 ciuitate
1473 791 1761 876 Tragurii
1794 793 1896 854 uel
1943 795 2077 854 eius
2121 792 2406 853 districtu
2451 794 2769 872 episcopis
2799 801 2864 852 et
2895 793 3175 871 capitulo

478 905 1013 987 Traguriensibus,
1060 908 1166 984 qui
1215 905 1469 966 suerunt
1530 924 1645 985 per
1688 915 2000 984 tempora,
2049 906 2300 967 decime
2347 906 2428 966 de
2475 905 2782 966 fructibus
2841 904 3180 966 antedictis

478 1019 621 1080 ullo
686 1037 953 1096 unquam
1020 1028 1313 1098 tempore
1382 1019 1613 1080 suerint
1682 1019 2004 1099 persolute
2065 1029 2128 1080 et
2188 1020 2277 1078 sic
2337 1037 2590 1098 semper
2659 1019 2898 1079 ibidem
2961 1018 3170 1078 extitit

480 1132 900 1192 obseruatum.
962 1129 1177 1210 Quare
1223 1152 1343 1193 nos
1388 1133 1693 1211 sepedicti
1755 1135 2095 1211 episcopus
2141 1143 2203 1194 et
2250 1133 2598 1210 capitulum
2645 1133 2790 1193 visis
2836 1141 2899 1192 et
2945 1131 3179 1191 auditis

480 1254 552 1304 et
582 1263 716 1306 cum
749 1243 1077 1326 diligencia
1109 1246 1419 1324 inquisitis
1462 1245 1824 1307 racionibus
1855 1255 1920 1307 et
1950 1245 2472 1306 attestacionibus
2519 1255 2883 1306 nostrorum
2929 1245 3165 1305 ciuium

484 1357 923 1436 predictorum,
992 1357 1457 1420 deliberacione
1542 1360 1704 1418 inter
1785 1339 1905 1420 nos
1981 1358 2194 1418 habita
2263 1358 2546 1440 diligenti
2637 1359 3176 1436 comunicatoque

486 1470 823 1530 multorum
868 1480 999 1530 tam
1048 1472 1487 1552 religiosorum
1550 1490 1744 1552 quam
1792 1471 2060 1532 aliorum
2123 1471 2426 1532 conscilio
2495 1473 2872 1550 sapientum,
2920 1470 3178 1550 prefatis

487 1582 787 1644 iudicibus
846 1594 907 1643 et
971 1583 1377 1644 consciliariis
1444 1602 1560 1644 suo
1628 1602 2021 1662 suorumque
2089 1585 2324 1645 ciuium
2394 1587 2684 1644 omnium
2757 1595 2820 1643 et
2888 1585 3182 1644 comunis

484 1697 733 1756 nomine
798 1715 872 1756 ac
940 1698 1182 1757 ciuibus
1242 1699 1549 1758 uniuersis
1613 1697 1695 1757 de
1755 1694 2068 1780 Tragurio
2115 1707 2180 1758 et
2247 1697 2381 1757 eius
2449 1696 2751 1770 districtu,
2816 1715 2893 1756 ac
2954 1714 3178 1757 eorum

487 1807 810 1868 heredibus
856 1819 917 1870 et
964 1810 1450 1884 successoribus,
1504 1812 1792 1889 exceptis
1852 1810 2119 1870 decimis
2178 1809 2262 1871 de
2322 1808 2660 1872 Scibenico
2720 1809 2804 1869 ad
2867 1827 2987 1869 nos
3047 1809 3179 1888 epi-

490 1940 741 2002 scopum
806 1923 953 1982 inde
1014 1923 1465 2002 spectantibu5‚
1520 1923 1784 2002 aliisque
1846 1925 2040 1984 etiarn
2102 1923 2264 1984 uillis
2322 1941 2434 1983 seu
2497 1924 2676 1982 terris
2721 1923 2804 1982 ad
2853 1923 3174 1982 ciuitatem

488 2033 757 2116 Tragurii
820 2054 950 2095 non
1010 2037 1464 2115 spectantibuS,
1514 2037 1791 2115 prefatas
1853 2036 2137 2097 decimas
2204 2054 2350 2096 cum
2413 2037 2643 2096 nostris
2710 2034 3182 2095 successoribus

490 2150 793 2222 uniuersiS,
837 2167 983 2209 cum
1033 2148 1277 2209 nullum
1324 2153 1419 2209 ius
1465 2149 1814 2210 habeamus
1862 2151 2116 2228 penitus
2162 2150 2225 2208 in
2274 2147 2536 2222 eisdem,
2582 2148 2961 2208 remittimus
3004 2159 3069 2208 et
3114 2149 3178 2208 in

490 2271 851 2340 perpetuum
897 2262 1247 2323 refutamus
1294 2274 1357 2322 et
1402 2264 1765 2342 quictamus
1809 2281 1924 2324 eos
1969 2273 2032 2322 et
2078 2281 2300 2324 eorum
2360 2260 2625 2322 heredes
2671 2270 2735 2321 et
2781 2278 3180 2321 successores

490 2374 564 2432 ab
604 2375 1005 2452 impeticione
1050 2375 1439 2454 prefatarum
1486 2375 1881 2437 decimarum
1914 2386 1978 2435 et
2009 2374 2272 2436 aliarum
2308 2393 2512 2435 rerum
2565 2374 2852 2434 omnium
2887 2375 3176 2452 exceptis

492 2485 734 2547 decimis
776 2487 1023 2548 illarum
1072 2507 1299 2562 rerum,
1359 2507 1485 2568 que
1546 2491 1607 2549 in
1672 2491 1928 2550 ciuitate
1989 2488 2276 2570 Tragurii
2338 2487 2740 2559 exhibentur,
2801 2487 3040 2547 scilicet
3085 2486 3171 2547 de

492 2599 687 2672 blauis‚
732 2601 1157 2682 leguminibus
1212 2615 1275 2662 et
1330 2604 1525 2684 agniS,
1572 2603 1633 2662 in
1696 2612 2079 2681 perpetuum
2143 2620 2258 2679 per
2312 2599 2714 2661 diffinitiuam
2776 2602 3174 2660 sentenciam

491 2713 889 2775 absoluentes
938 2715 1063 2793 Ipsi
1109 2726 1325 2776 autem
1372 2715 1611 2776 iudices
1642 2725 1705 2776 et
1737 2715 2110 2774 consciliarii
2157 2723 2425 2792 totaque
2470 2713 2908 2794 Traguriensis
2934 2695 3176 2772 'comu-

493 2827 637 2886 nitas
680 2829 1053 2888 tenuitatem
1088 2838 1150 2888 et
1184 2846 1502 2888 summam
1550 2829 1924 2908 pauperiem
1972 2826 2030 2888 T
2033 2828 2410 2909 ragusiensis
2442 2826 2706 2886 ecclesie
2741 2826 3173 2886 miseracionis

492 2939 659 2999 oculo
703 2943 1020 3003 intuentes
1066 2953 1128 3002 et
1174 2942 1261 3001 ob
1307 2960 1566 3002 suorum
1615 2941 1897 3002 remedia
1947 2955 2358 3020 peccatorum
2406 2943 2598 3021 gratis
2644 2951 2707 3000 et
2754 2938 3172 3003 amicabiliter

492 3060 701 3113 terram
744 3056 947 3115 sancti
980 3053 1205 3115 Uitalis
1235 3054 1672 3135 Traguriensis
1703 3054 1998 3133 dyocesis
2028 3056 2117 3114 sic
2149 3056 2445 3132 positam,
2477 3052 2770 3113 videlicet
2803 3051 3172 3131 incipiendo

495 3165 568 3223 ab
608 3185 763 3241 aqua
809 3186 935 3246 que
981 3167 1208 3227 dicitur
1268 3165 1575 3241 Relinich,
1620 3168 1781 3227 sicut
1830 3166 2004 3227 uadit
2051 3169 2153 3227 uia
2199 3165 2454 3245 publica
2500 3185 2718 3227 uersus
2769 3164 3170 3247 Tragurium,

496 3295 674 3355 usque
716 3280 797 3339 ad
845 3281 1049 3341 riuum
1099 3281 1207 3359 qui
1254 3280 1482 3340 dicitur
1542 3278 1760 3341 Salsus
1806 3294 1869 3340 et
1913 3283 2073 3341 sicut
2144 3279 2319 3339 uadit
2367 3282 2534 3358 sepis
2595 3297 2742 3340 curn
2791 3280 2925 3358 ripa
2971 3296 3173 3358 usque

496 3390 569 3449 ad
611 3411 775 3452 mare
821 3394 1000 3454 iuxta
1047 3393 1405 3472 predictam
1452 3393 1787 3454 ecclesiam
1835 3395 2034 3453 sancti
2071 3393 2294 3455 Uitalis
2341 3411 2620 3471 quacum
2667 3392 2965 3453 uidelicet
3012 3392 3174 3453 infra

493 3502 647 3579 ipsos
689 3506 893 3567 dictos
954 3506 1241 3567 confines
1300 3517 1547 3585 spectat
1594 3519 1659 3567 et
1702 3508 1976 3584 pertinet
2041 3506 2123 3566 ad
2183 3506 2279 3567 ius
2325 3516 2388 3567 et
2433 3508 2894 3585 proprietatem
2955 3524 3178 3566 comu-

493 3616 683 3678 nitatis
736 3619 1021 3697 predicte
1066 3621 1339 3680 ciuitatis
1397 3618 1705 3700 Tragurii,
1750 3638 1897 3679 cum
1945 3621 2124 3679 omni
2172 3622 2303 3680 iure
2349 3638 2466 3680 suo
2511 3629 2706 3699 atque
2774 3620 3178 3698 pertinenciis

492 3730 657 3791 nobis
710 3734 1014 3811 episcopo
1076 3732 1481 3813 Traguriensi
1528 3742 1592 3791 ct
1638 3732 2108 3793 successoribus
2177 3734 2484 3793 uniuersis
2530 3743 2724 3811 atque
2768 3733 3173 3813 Traguriensi

490 3844 748 3921 capitulo
795 3847 857 3903 in
906 3856 1282 3923 perpetuam
1332 3844 1791 3905 helemosinam
1850 3845 2226 3906 donacionis
2273 3845 2458 3905 titulo
2503 3845 2700 3905 libere
2745 3845 3173 3905 contulerunt.

487 3952 919 4019 promittentes
953 3953 1168 4042 [etiarn
1216 3954 1774 4040 dis'lcalumpniare
1804 3970 1998 4034 atque
2030 3958 2361 4019 defensare
2391 3979 2430 4019 a
2462 3977 2870 4039 quacumque
2894 3977 3171 4037 persona

486 4073 596 4131 suis
654 4074 899 4132 cunctis
955 4072 1282 4133 laboribus
1330 4082 1391 4132 et
1438 4058 1765 4151 expensiS‚¹
1816 4072 2002 4132 nobis
2063 4090 2254 4151 super
2313 4071 2544 4133 eadem
2591 4081 2754 4132 terra
2817 4071 3184 4131 molestiam-

485 4182 747 4263 aliquam
796 4186 1124 4258 inferente,
1186 4188 1299 4245 nisi
1362 4186 1445 4245 ab
1506 4185 1725 4246 illustri
1788 4184 2056 4244 domino
2118 4203 2266 4265 rege
2338 4185 2620 4265 Vngarie
2663 4203 2777 4263 per
2823 4184 3172 4244 violentum

482 4295 823 4359 dominium
870 4300 1165 4359 violentia
1197 4298 1380 4359 fuerit
1412 4301 1717 4379 irrogata;
1763 4307 1832 4358 ut
1879 4298 2155 4358 eandem
2202 4307 2436 4357 terram
2483 4298 2801 4376 pastinare
2848 4298 3171 4374 possimus

481 4428 547 4470 ac
574 4412 725 4472 darc
757 4412 893 4473 aliis
922 4412 1005 4472 ad
1038 4411 1490 4490 pastinandum
1523 4420 1585 4470 et
1619 4410 1701 4471 de
1732 4413 1866 4489 ipsa
1902 4410 2204 4489 quicquid
2237 4410 2424 4471 nobis
2455 4410 2762 4489 placuerit
2789 4408 3190 4483 faciendum,.

480 4526 737 4586 ciuitatis
781 4525 1071 4606 Tragurii
1118 4534 1357 4585 statuto
1421 4523 1707 4601 quolibet
1755 4524 2074 4583 contrario
2121 4542 2253 4583 non
2302 4523 2632 4595 obstante;
2698 4516 2838 4605 [set]
2888 4522 3173 4600 predicta

480 4640 684 4699 omnia
732 4650 795 4699 et
841 4638 1087 4719 singula
1134 4638 1320 4698 nobis
1380 4636 1711 4697 attendere
1758 4647 1822 4697 et
1868 4637 2210 4696 obseruare
2277 4638 2705 4715 promiserunt
2770 4644 3177 4695 sacramento

477 4752 879 4831 corporaliter
945 4751 1325 4812 adiurantes
1386 4747 1487 4810 De
1546 4768 1674 4830 qua
1737 4749 1998 4827 quidem
2061 4760 2224 4810 terra
2271 4768 2384 4809 seu
2431 4750 2624 4829 ipsius
2684 4748 2991 4808 fructibus
3053 4767 3180 4808 nos

476 4866 809 4944 episcopus
838 4882 985 4925 cum
1034 4866 1263 4925 nostris
1308 4863 1778 4923 successoribus
1822 4863 2130 4923 uniuersis
2180 4862 2414 4923 habere
2459 4862 2773 4922 debemus
2803 4872 2930 4921 tres
2961 4871 3173 4940 partes

477 4987 535 5038 et
579 4987 873 5058 quartam
933 4996 1086 5039 uero
1156 4986 1406 5057 partem
1468 4986 1718 5037 tantum
1765 4985 1829 5037 et
1876 4994 2008 5035 non
2054 4976 2327 5054 amplius
2395 4976 2719 5055 percipere
2767 4974 2962 5034 debet
3008 4977 3178 5053 capi—

476 5090 672 5155 tulum
722 5101 1169 5164 memoratum,
1200 5093 1359 5151 sicut
1404 5091 1569 5149 inter
1614 5108 1733 5149 nos
1764 5089 1974 5150 extitit
2021 5088 2402 5149 ordinatum.
2452 5087 2667 5168 Quam
2716 5106 2872 5148 uero
2918 5098 3176 5147 senten-
