3797 5795
1566 402 1975 466 ——371—

420 597 776 658 humilitate
822 597 1071 676 spiritus
1114 595 1451 656 accedatis.
1500 595 1637 655 Nos
1683 595 1872 667 enim,
1920 604 1988 654 ut
2037 591 2262 656 Christi
2325 591 2545 654 fideles
2602 596 2778 673 quasi
2826 611 2940 672 per
2984 609 3124 673 pre-

427 712 551 770 mia
598 710 929 770 salubriter
973 708 1057 770 ad
1101 711 1323 769 merita
1373 710 1730 782 inuitemus,
1777 706 1859 767 de
1906 709 2369 785 omnipotentis
2436 706 2537 768 dei
2583 706 3016 768 misericordia
3060 717 3122 767 et

420 824 758 883 beatorum
822 822 985 883 Petri
1046 833 1108 882 et
1166 821 1335 882 Pauli
1400 820 1839 900 apostolorum
1905 822 2038 880 eius
2101 820 2476 880 auctoritate
2536 817 2777 891 confisi,
2823 819 3124 879 omnibus

424 955 579 996 uero
624 935 1056 1014 penitentibus
1102 944 1165 994 et
1229 934 1551 1007 confessis,
1613 935 1717 1012 qui
1782 932 1865 992 ad
1928 933 2260 993 ecclesiam
2309 933 2509 1011 ipsam
2576 933 2638 992 in
2702 931 2805 992 die
2867 931 3124 992 dedica-

424 1050 613 1108 tionis
657 1047 1017 1108 huiusmodi
1073 1065 1263 1108 causa
1310 1046 1687 1106 deuotionis·
1730 1047 2126 1117 accesserint,
2173 1043 2290 1104 hac
2337 1045 2475 1105 uice
2521 1062 2716 1104 vnum
2763 1062 3004 1104 annum
3057 1053 3121 1104 et

424 1161 849 1241 quadraginta
909 1160 1043 1220 dies
1105 1159 1187 1220 de
1248 1161 1527 1220 iniuncta
1590 1157 1706 1219 sibi
1776 1159 2127 1236 penitentia
2191 1156 2678 1217 misericorditer
2745 1157 3122 1216 relaxamus.

422 1273 667 1335 Datum
716 1274 944 1335 Perusii
996 1272 1138 1333 idus
1186 1274 1410 1346 martii,
1454 1271 1864 1350 pontificatus
1912 1272 2106 1330 nostri
2156 1290 2328 1330 anno
2376 1269 2678 1330 secundo

610 1467 906 1540 Ortgt'nal
946 1486 985 1522 u
1024 1466 1286 1539 gubern.
1337 1464 1560 1521 arkivu
1597 1485 1635 1521 u
1668 1465 1900 1532 Zadru,
1944 1465 2082 1520 odio
2112 1472 2470 1520 samostana
2514 1482 2600 1520 π).
2636 1462 2976 1520 Dominika
3024 1482 3120 1519 no.

423 1581 599 1636 2173.
644 1613 726 1622 -
778 1579 880 1636 Na
927 1579 1132 1635 listim'
1172 1579 1299 1635 visi
1341 1599 1372 1634 0
1418 1577 1683 1652 svilenoj
1721 1579 1895 1634 vrvct'
1939 1595 2162 1633 ervene
2208 1577 2234 1632 i
2288 1582 2426 1633 :inte
2481 1575 2612 1650 boje
2680 1576 2886 1632 olovni
2942 1581 3130 1650 pec‘at

422 1703 459 1739 s
504 1685 846 1759 natpisom:
903 1683 1182 1740 Clemens
1217 1691 1389 1758 papa
1436 1681 1594 1739 llll.

1682 2057 1873 2137 854.

426 2233 622 2314 1266,
662 2236 767 2299 15.
812 2235 1075 2299 marta..
1124 2234 1182 2299 U
1226 2232 1541 2317 Peruqii.
1856 2231 1861 2236 ’

428 2425 623 2509 Papa
670 2423 996 2486 Klement
1041 2423 1085 2485 I
1099 2424 1168 2486 V.
1219 2424 1375 2507 daje
1420 2429 1647 2507 oprost
1674 2421 1914 2494 svz'ma,
1957 2419 2108 2505 kojz‘
2147 2421 2218 2483 ὀί
2254 2420 2668 2506 doprz‘m'jelz‘
2703 2444 2778 2484 :a
2810 2423 3128 2508 gradnju

901 2539 1093 2600 crkve
1138 2535 1696 2598 Dominikanaca
1746 2558 1791 2598 u
1840 2537 2080 2598 Zadru
2127 2541 2252 2611 (sv.
2311 2535 2656 2611 Platona).

604 2728 903 2794 Clemens
964 2731 1301 2808 episcopus
1360 2747 1580 2789 seruus
1640 2747 1972 2789 seruorum
2043 2729 2144 2788 dei
2192 2731 2494 2788 vniuersis
2542 2725 2768 2790 Christi
2837 2727 3129 2788 fidelibus

425 2854 756 2923 presentes
802 2843 1038 2905 litteras
1085 2844 1455 2921 inspecturis
1501 2841 1867 2903 salutem‘et
1898 2841 2318 2921 apostolicam
2368 2840 2902 2903 benedictionem.
2951 2840 3126 2921 Quo·

434 2960 623 3031 niam,
653 2968 722 3018 ut
753 2961 840 3018 ait
863 2956 1207 3037 apostolus,
1241 2974 1465 3015 omnes
1486 2956 1795 3017 stabimus
1824 2966 1974 3016 ante
2004 2954 2280 3015 tribunal
2314 2953 2560 3027 Christi,
2588 2957 2916 3033 recepturi,
2938 2965 3126 3035 prout

430 3072 491 3131 in
541 3090 807 3150 corpore
868 3072 1178 3150 gessimus
1224 3070 1357 3129 siue
1410 3069 1654 3128 bonum
1718 3068 1901 3129 fuerit
1963 3070 2096 3129 siue
2157 3067 2416 3141 malum,
2461 3078 2715 3147 oportet
2776 3087 2895 3128 nos
2955 3068 3124 3129 diem

432 3186 765 3245 messionis
810 3195 1099 3245 extreme
1145 3182 1375 3242 nostris
1422 3181 1720 3259 operibus
1766 3183 2097 3260 preuenire
2144 3200 2220 3241 ac
2265 3192 2630 3241 eternorum
2677 3183 2905 3242 intuitu
2945 3183 3130 3242 serni-

434 3317 583 3358 nare
629 3299 693 3357 in
740 3300 935 3371 terriS,
966 3296 1144 3375 quod
1174 3295 1484 3355 reddente
1531 3294 1798 3355 domino
1846 3313 1994 3369 cum
2043 3293 2461 3373 multiplicato
2509 3294 2716 3354 fructu
2761 3295 3132 3375 recolligere

433 3410 784 3471 debeamus
830 3412 893 3469 in
926 3409 1093 3478 celiS,
1136 3408 1385 3469 firmam
1432 3426 1613 3486 spem
1662 3406 2093 3485 fiduciamque
2140 3417 2448 3479 tenenteS,
2479 3409 2783 3483 quoniam
2816 3410 2921 3487 qui
2953 3418 3133 3486 parte

428 3526 701 3583 seminat
746 3533 926 3601 parte
972 3532 1036 3581 et
1083 3531 1278 3582 metet
1326 3532 1389 3581 et
1438 3522 1539 3599 qui
1590 3521 1861 3581 seminat
1909 3521 1970 3579 in
2019 3520 2570 3580 benedictionibus
2617 3504 2698 3580 de
2744 3520 3136 3581 benedictio-

438 3636 621 3697 nibus
666 3646 729 3696 et
776 3644 975 3695 metet
1020 3636 1219 3695 uitam
1264 3644 1567 3695 eternam.
1636 3634 1807 3694 Sane
1853 3632 2062 3694 dilecti
2114 3633 2220 3693 filii
2271 3680 2526 3691 .....
2588 3635 2758 3711 prior
2803 3642 2866 3695 et
2913 3634 3135 3695 fratres

431 3748 673 3809 ordinis
722 3747 1193 3809 Predicatorum
1234 3746 1635 3827 Jadrensium
1675 3746 1932 3817 ibidem,
1971 3748 2132 3806 sicut
2163 3748 2544 3825 accepimus
2585 3747 2917 3807 ecclesiam
2950 3766 3134 3825 cepe-

437 3872 581 3922 runt
626 3874 1010 3934 construere,
1056 3864 1117 3921 in
1168 3879 1291 3938 qua
1355 3859 1583 3920 diuinis
1643 3861 1885 3937 possint
1933 3858 2227 3919 laudibus
2290 3858 2622 3919 deseruire.
2694 3857 2857 3922 Cum
2919 3861 3134 3939 itaque

432 3977 583 4054 ipsis
642 3993 754 4053 per
815 3972 1132 4036 Christum
1197 3984 1483 4033 extreme
1553 3972 1898 4033 ferentibus
1959 3974 2270 4032 sarcinam
2318 3974 2724 4050 paupertatiS,
2769 3971 2852 4031 ad
2899 3972 3021 4032 hoc
3067 3971 3136 4032 fi-

433 4088 669 4149 delium
718 4086 1068 4147 subsidium
1100 4088 1179 4146 sit
1206 4085 1549 4165 plurimum
1584 4096 1994 4163 oportunum,
2027 4086 2496 4145 vniuersitatem
2533 4073 2803 4144 vestram
2835 4103 3136 4166 rogamus

430 4214 497 4262 et
559 4200 885 4260 hortamur
931 4202 993 4259 in
1040 4198 1324 4271 domin0‚
1385 4201 1449 4257 in
1502 4199 1941 4257 remissionem
1997 4198 2178 4257 vobis
2223 4200 2666 4276 peccaminum
2716 4199 3135 4279 iniungente5‚

436 4316 736 4393 quatinus
782 4313 864 4373 de
910 4312 1097 4372 bonis
1156 4312 1337 4371 vobis
1382 4332 1418 4372 a
1465 4311 1589 4371 deo
1637 4310 1881 4371 collatis
1944 4313 2079 4389 pias
2141 4310 2521 4371 elemosinas
2567 4321 2628 4369 et
2675 4320 2852 4390 grata
2899 4312 2989 4371 eis
3033 4330 3136 4371 ca-

433 4428 634 4487 ritatis
693 4426 971 4487 subsidia
1031 4427 1321 4506 erogetis,
1368 4434 1435 4485 ut
1482 4443 1595 4503 per
1640 4424 2140 4484 subvencionem
2188 4435 2544 4484 memorata
2573 4410 2868 4483 'ccclesia
2931 4423 3134 4484 valeat

434 4540 800 4600 consumari
846 4550 910 4600 et
955 4557 1073 4599 uos
1116 4557 1231 4617 per
1277 4538 1393 4598 hec
1439 4548 1501 4597 et
1546 4537 1667 4596 alia
1713 4536 1885 4596 bona
1949 4555 2072 4614 que
2135 4536 2401 4596 domino
2461 4538 2806 4614 inspirante
2866 4537 3137 4598 feceritis

430 4652 517 4713 ad
564 4662 781 4713 eterne
825 4652 1078 4731 possitis
1109 4650 1420 4712 felicitatis
1468 4649 1699 4731 gaudia
1741 4652 2088 4729 peruenire.
2152 4649 2290 4709 Nos
2335 4652 2505 4709 enirn
2553 4649 2636 4709 de
2677 4650 3139 4727 omnipotentis

434 4766 535 4826 dei
584 4764 1012 4825 misericordia
1058 4775 1121 4823 et
1171 4764 1506 4824 beatorum
1551 4764 1711 4823 Petri
1761 4773 1823 4822 et
1876 4762 2048 4821 Pauli
2095 4762 2534 4841 apostolorum
2583 4765 2716 4822 eius
2761 4764 3137 4823 auctoritate

430 4876 674 4950 confisi,
736 4877 1035 4937 omnibus
1097 4896 1241 4937 vere
1300 4875 1732 4955 penitentibus
1787 4884 1851 4934 et
1896 4874 2218 4947 confessiS,
2267 4876 2372 4951 qui
2419 4874 2606 4934 dictis
2667 4874 2959 4934 fratribus
3017 4892 3136 4953 pro

435 4990 683 5069 prefata
728 4990 994 5050 ecclesia
1036 4989 1472 5049 consumanda
1522 5006 1788 5048 manum
1832 4989 2234 5065 porrexerint
2279 4987 2649 5048 adiutricem
2697 4998 2956 5047 centum
3004 4986 3138 5048 dies

435 5104 521 5164 de
592 5106 871 5164 iniuncta
938 5103 1051 5162 sibi
1126 5104 1483 5181 penitencia
1554 5100 2042 5161 misericorditer
2109 5099 2489 5173 relaxamuS,
2533 5100 2932 5178 presentibus
2993 5109 3140 5179 post

3019 5249 3050 5283 ξε
