3797 5795
1863 420 2267 481 „154-

705 609 988 683 testibus,
1032 609 1301 671 scilicet:
1351 609 1558 671 iudice
1605 610 1830 671 Nicola
1877 610 1960 671 de
2004 610 2239 683 Tran0,
2290 606 2563 692 Mari1no
2610 604 3059 691 Gorbojnosso
3092 616 3157 667 et
3190 605 3432 666 Marco

706 730 942 799 nepote
989 721 1255 800 predicti
1303 722 1548 783 domini
1595 724 2072 802 archiepiscopi.

889 914 1186 988 Ortjginal
1227 935 1267 971 u
1304 916 1565 989 gubern.
1615 914 1838 973 arkivu
1902 936 1942 973 u
2004 916 2218 973 Zadru
2288 916 2453 989 (odio
2497 922 2741 973 samost.
2792 934 2877 972 π).
2926 911 3273 970 Dominika
3322 929 3431 967 nv.

703 1022 887 1078 1114.)
935 1054 1018 1061 —
1065 1018 1314 1077 Listina
1341 1022 1418 1095 jc
1462 1024 1762 1087 05tec‘ena,
1800 1030 1890 1095 pa
1919 1022 1996 1095 je
2040 1029 2215 1093 stega
2262 1020 2612 1096 dopunjena
2659 1020 2716 1075 iz
2752 1019 2995 1095 pozng'je
3040 1016 3263 1093 kopg'je.

1968 1356 2159 1435 663.

701 1546 902 1627 1260,
947 1548 1056 1612 10.
1103 1544 1470 1613 februare..
1520 1545 1579 1611 U
1625 1544 1936 1629 Spljetu.

1171 1751 1338 1815 Tz‘lm
1388 1754 1608 1817 udova
1655 1752 1852 1816 Mz'lze
1898 1753 2091 1816 Slose
2126 1752 2337 1837 pravi
2372 1753 2569 1836 svoju
2617 1754 2941 1837 oporuku.

876 1946 945 2005 In
993 1950 1255 2007 nomine
1300 1948 1500 2007 eterni
1547 1956 1610 2006 et
1657 1948 1889 2007 summi
1939 1947 2039 2006 dei
2087 1965 2296 2007 amen.
2346 1944 2542 2006 Anno
2589 1946 3055 2006 incarnacionis
3116 1943 3419 2004 eiusdem

699 2060 1036 2120 millesimo
1097 2059 1539 2120 ducentesimo
1599 2062 2023 2141 sexagesim0‚
2084 2058 2403 2119 indicione
2460 2061 2670 2131 tercia,
2716 2058 2972 2119 decimo
3018 2056 3125 2117 die
3172 2058 3425 2117 mensis

698 2172 1011 2245 februarii,
1055 2172 1453 2249 temporibus
1500 2171 1746 2232 domini
1779 2172 2033 2252 Rogerii
2080 2172 2454 2233 venerabilis
2498 2171 2892 2250 Spalatensis
2933 2170 3427 2249 archiepiscopi,

701 2284 909 2346 Miche
957 2284 1172 2359 Madii,
1231 2282 1479 2345 Alberti
1539 2283 1754 2363 Jancii,
1816 2284 2143 2345 Michaelis
2192 2284 2512 2345 Leonardi
2574 2283 2873 2345 iudicum.
2921 2282 3127 2344 'I’icha
3190 2282 3417 2342 relicta

701 2397 912 2459 Miche
941 2396 1168 2459 Stosce
1213 2416 1368 2457 sane
1397 2416 1472 2457 ac
1505 2398 1874 2458 memoriter
1912 2397 2199 2477 loquens,
2230 2398 2373 2457 licet
2420 2396 2785 2457 infirmitate
2829 2406 3109 2477 grauata,
3156 2398 3417 2475 integro

695 2520 914 2570 tamen
961 2528 1151 2570 sensu
1183 2518 1246 2570 et
1276 2511 1450 2570 bona
1481 2512 1807 2583 memoria,
1853 2512 2102 2583 timenS,
2135 2528 2217 2570 ne
2248 2511 2332 2570 ab
2365 2512 2663 2571 intestato
2704 2508 3063 2581 decederet,
3118 2507 3247 2568 tale
3294 2507 3417 2567 sibi

695 2623 1014 2684 ordinauit
1057 2622 1188 2683 fieri
1233 2632 1709 2683 testamentum.
1773 2623 2067 2701 Inprimis
2114 2623 2293 2697 dixit,
2341 2622 2516 2701 quod
2562 2622 2799 2684 Stanus
2845 2624 2979 2682 eius
3023 2640 3223 2703 gener
3254 2639 3411 2681 cum

695 2736 1002 2797 Scemosa
1047 2755 1158 2795 sua
1207 2755 1410 2796 uxore
1442 2735 1795 2796 habuerant
1842 2756 1879 2796 a
1914 2735 2125 2796 Micha
2170 2754 2287 2795 suo
2335 2736 2470 2795 uiro
2503 2737 2965 2817 quinquaginta
2998 2752 3309 2813 perperos
3340 2745 3407 2793 et

697 2850 1160 2930 quinquaginta
1190 2866 1494 2928 perperos
1525 2848 1877 2910 habuerant
1916 2848 2000 2910 ab
2038 2850 2191 2927 ipsa,
2237 2866 2385 2910 cum
2432 2848 2665 2928 quibus
2704 2848 3095 2909 redimerunt
3128 2846 3409 2908 domum

693 2964 887 3040 ipsius
946 2961 1146 3035 Stani,
1206 2966 1270 3023 in
1332 2981 1458 3041 qua
1521 2965 1654 3023 eius
1713 2961 1820 3023 filii
1883 2962 2171 3022 habitant
2214 2982 2253 3022 a
2301 2960 2605 3024 Chareeia
2648 2959 2925 3035 Golube,
2972 2979 3101 3040 que
3146 2979 3293 3021 earn
3344 2962 3411 3019 in

692 3077 923 3156 pignus
981 3076 1260 3136 tenebat.
1311 3075 1472 3136 Item
1532 3075 1711 3148 dixit,
1773 3074 1951 3154 quod
2010 3073 2317 3138 Scemosa
2377 3076 2661 3136 similiter
2720 3085 3056 3154 acceperat
3102 3095 3139 3134 a
3190 3073 3409 3134 Micha

693 3189 966 3249 Baciane
1028 3190 1488 3270 quinquaginta
1549 3207 1869 3267 perperos
1918 3207 2081 3265 quos
2142 3191 2276 3267 ipse
2339 3187 2549 3249 Micha
2610 3189 2725 3266 ipsi
2771 3186 2975 3249 Tiche
3022 3187 3177 3247 dare
3224 3195 3407 3246 tene-

692 3301 895 3361 batur.
966 3301 1130 3360 Item
1198 3300 1378 3374 dixit,
1425 3301 1602 3380 quod
1671 3301 1878 3363 dictus
1931 3301 2167 3363 Stanus
2234 3300 2755 3362 accomodauerit
2814 3301 2900 3361 ab
2960 3319 3037 3360 ea
3084 3300 3400 3360 ducentas

695 3413 1114 3494 quadraginta
1176 3413 1366 3474 libras
1425 3413 1832 3475 denariorum
1893 3433 2257 3493 paruorum,
2314 3415 2395 3475 de
2442 3415 2673 3502 quibus
2720 3413 2908 3474 nichil
2956 3431 3245 3491 unquam
3315 3411 3402 3472 ab

696 3528 836 3604 ipso
881 3545 951 3586 se
1001 3526 1162 3586 dixit
1210 3525 1460 3587 habere.
1519 3527 1676 3586 Item
1725 3527 1888 3588 dixit
1936 3527 2138 3588 Eliam
2202 3546 2387 3588 suum
2436 3536 2739 3606 nepotem
2798 3537 3027 3587 mutuo
3073 3528 3401 3604 accepisse

695 3638 778 3699 ab
825 3657 900 3698 ea
948 3640 1201 3718 triginta
1260 3638 1453 3699 libras
1511 3639 1921 3700 denariorum
1982 3657 2326 3719 paruorum
2372 3653 2435 3700 et
2480 3640 2603 3700 alia
2663 3641 2803 3700 uice
2864 3650 3125 3699 centum
3174 3639 3401 3719 uiginti

693 3750 883 3811 libras
941 3750 1225 3811 similiter
1285 3751 1690 3814 denariorum
1749 3771 2095 3831 paruorum
2144 3765 2209 3813 et
2254 3753 2416 3814 dixit
2461 3754 2671 3831 ipsum
2740 3751 2947 3813 Eliam
3009 3753 3303 3830 posuisse
3348 3753 3405 3810 ei

695 3863 908 3940 aliqua
967 3865 1234 3944 pignora
1279 3883 1398 3942 pro
1459 3867 1674 3945 viginti
1738 3865 1909 3926 libris
1970 3865 2373 3926 denariorum
2422 3883 2786 3943 paruorum,
2850 3883 2979 3944 que
3026 3865 3299 3945 pignora
3346 3865 3405 3923 ei

693 3976 1001 4037 violenter
1059 3976 1406 4037 abstulerat
1469 3979 1530 4036 in
1594 3995 1710 4038 suo
1772 3975 2087 4060 scrineo(!)
2136 3995 2285 4038 cum
2330 3978 2615 4056 pluribus
2661 3979 3097 4039 instrumentis
3146 3977 3229 4036 de
3276 3977 3407 4036 suis

693 4074 1202 4166 possessionibus
1261 4099 1324 4148 et
1386 4089 1617 4149 debitis
1675 4102 1739 4151 et
1801 4107 2131 4170 nunquam
2197 4091 2434 4171 aliquid
2495 4092 2579 4151 ab
2644 4110 2723 4150 co
2784 4090 2867 4151 de
2929 4089 3046 4150 hiis
3102 4090 3408 4150 omnibus

691 4212 1079 4281 perceperat.
1128 4201 1290 4262 Item
1334 4201 1514 4276 dixit,
1558 4203 1736 4282 quod
1782 4203 1989 4264 dictus
2033 4203 2269 4265 Stanus
2314 4203 2534 4264 habuit
2564 4204 2650 4264 ab
2680 4223 2756 4264 ea
2802 4222 2991 4264 suum
3038 4203 3401 4264 barculium

692 4313 776 4373 ad
822 4313 1176 4394 regendum
1221 4325 1286 4375 et
1331 4314 1824 4376 custodiendum
1855 4326 1921 4376 et
1954 4318 2086 4395 ipse
2133 4335 2281 4376 eum
2329 4318 2530 4377 tenuit
2577 4316 2766 4378 nichil
2798 4319 2855 4378 ei
2890 4316 3055 4376 dans
3088 4316 3172 4377 de
3206 4316 3405 4394 ipsius

692 4425 1094 4486 introhitibus
1139 4435 1201 4486 et
1249 4427 1332 4487 de
1378 4429 1516 4505 ipso
1563 4446 1708 4488 suas
1769 4429 1917 4489 fecit
1964 4428 2340 4490 uoluntates
2388 4429 2471 4490 Et
2516 4430 2709 4490 etiam
2758 4429 2921 4490 dixit
2966 4427 3244 4492 Stanum
3294 4427 3405 4488 ha-

692 4538 906 4600 buisse
963 4539 1048 4598 ab
1113 4558 1187 4600 ea
1249 4549 1510 4600 centum
1570 4541 1850 4617 pecudes
1910 4540 1994 4602 ad
2047 4541 2441 4620 pascendum
2487 4561 2525 4601 a
2572 4541 2838 4602 decessu
2884 4541 3102 4602 Duimi
3152 4542 3249 4601 sui
3294 4540 3403 4600 filii

691 4661 752 4712 et
801 4669 1001 4726 usque
1045 4652 1128 4711 ad
1176 4653 1348 4712 diem
1397 4651 1578 4725 hanc,
1625 4652 1706 4712 de
1739 4653 1968 4731 quibus
2014 4653 2201 4714 nichil
2234 4673 2301 4714 se
2332 4655 2497 4716 dixit
2542 4655 2838 4716 habuisse
2872 4673 2993 4714 nec
3038 4651 3399 4726 introhitus,

692 4781 812 4823 nec
858 4764 1152 4837 fructum,
1199 4783 1323 4825 nec
1364 4767 1787 4842 capitaneum.
1835 4766 1995 4826 Item
2028 4766 2189 4826 dixit
2234 4767 2610 4828 Scemosam
2642 4787 2823 4828 suam
2858 4767 3055 4828 filiam
3103 4766 3405 4827 habuisse

689 4875 772 4935 ab
819 4895 896 4935 ea
941 4877 1272 4936 sexdecim
1316 4894 1548 4954 pensas
1591 4879 1724 4937 auri
1771 4877 1854 4938 de
1898 4878 2210 4959 fragumO,
2272 4899 2432 4959 quas
2494 4883 2629 4959 ipsa
2675 4881 2794 4940 sibi
2840 4881 3250 4959 apropriauit.
3298 4877 3401 4940 De

688 4987 919 5065 quibus
965 4989 1265 5048 omnibus
1310 4987 1685 5066 supradictis
1731 4989 1892 5050 dixit
1938 5000 2002 5051 et
2046 4991 2247 5053 uoluit
2292 4992 2461 5053 dicta
2507 4993 2727 5068 Ticha,
2772 4992 2951 5073 quod
2998 4992 3219 5053 Dabra
3266 4993 3405 5052 eius

689 5099 814 5161 filia
861 5099 1270 5160 medietatem
1321 5100 1554 5162 habere
1601 5101 1852 5176 debeat,
1882 5103 2072 5164 aliam
2115 5103 2380 5165 heredes
2426 5105 2733 5168 Scemose
2778 5106 2901 5167 alie
2948 5123 3061 5166 sue
3106 5104 3235 5165 filie
3283 5105 3401 5164 sibi
