3797 5795
1860 362 2274 426 ..534—

700 551 928 612 arbore
971 570 1143 633 egur,
1188 552 1339 613 inde
1367 572 1481 633 per
1512 553 1787 614 eandem
1831 555 2003 614 viam
2050 555 2221 616 venit
2250 554 2335 615 ad
2366 566 2654 634 pontem,
2683 556 2790 616 vbi
2837 555 3124 635 predicta
3173 557 3414 619 Halina

698 662 1056 741 duplicatur
1087 676 1151 726 et
1182 667 1345 725 inter
1389 676 1728 746 utramque
1777 666 2084 729 Halinam
2126 686 2243 746 per
2289 677 2572 729 ueterem
2619 670 2790 730 uiam
2837 671 3012 730 uenit
3041 669 3127 730 ad
3159 679 3402 731 metam

695 785 970 838 terream
1015 780 1203 838 sitam
1248 777 1421 857 apud
1465 779 1805 851 fraxinum,
1850 778 2085 841 deinde
2129 782 2303 841 venit
2345 780 2432 842 ad
2477 791 2720 842 metam
2765 783 2955 843 sitam
2999 783 3120 843 sub
3162 782 3402 843 arbore

706 892 886 951 nucis
930 891 1107 951 iuxta
1154 890 1366 952 villam
1412 910 1538 971 que
1570 902 1665 953 est
1696 911 1885 971 super
1915 893 2186 954 riuulum
2220 891 2535 975 Scegune,
2579 893 2729 956 inde
2775 897 3085 957 transiens
3130 895 3413 956 riuulum

701 1000 1057 1085 Scegene(l)
1077 1002 1161 1064 ad
1176 1006 1386 1083 pirum
1418 1022 1606 1066 cruce
1636 1006 1970 1087 signatam,
2003 1005 2153 1067 inde
2184 1024 2298 1086 per
2329 1006 2604 1068 eandem
2638 1009 2807 1068 viam
2831 1007 3004 1068 cadit
3027 1008 3110 1069 ad
3136 1018 3407 1070 stratam

701 1115 1155 1177 exercitualem
1201 1136 1405 1196 prope
1450 1117 1722 1179 domum
1768 1118 2023 1179 Martini
2073 1118 2177 1179 filii
2219 1118 2524 1199 Ladizlay
2555 1131 2620 1181 et
2651 1121 2881 1181 iterum
2926 1120 3270 1183 reflectitur
3314 1121 3404 1183 ad

699 1238 911 1306 partes
978 1230 1315 1290 orientales
1380 1229 1464 1291 ad
1533 1231 1954 1292 monticulum
2003 1230 2395 1313 Ozlagurice,
2455 1234 2560 1294 ubi
2623 1244 2720 1295 est
2782 1244 2972 1309 meta,
3017 1234 3168 1296 inde
3233 1238 3418 1297 iuxta

700 1349 898 1401 terras
944 1338 1202 1423 Georgii
1235 1341 1409 1403 vadit
1440 1342 1524 1403 ad
1555 1344 1761 1421 pirum
1794 1362 1983 1405 cruce
2016 1346 2355 1424 signatam,
2388 1344 2623 1407 deinde
2655 1346 2742 1407 ad
2772 1366 3060 1408 cerasum
3093 1367 3208 1426 per
3239 1350 3420 1409 uiam

700 1456 764 1514 in
810 1465 984 1516 meta
1043 1473 1331 1515 cerasum
1395 1455 1543 1515 dico
1602 1458 2008 1531 existentem,
2054 1457 2290 1518 deinde
2354 1459 2760 1537 protenditur
2803 1460 2886 1521 ad
2933 1470 3177 1523 metam
3223 1463 3418 1522 sitam

699 1568 765 1627 in
810 1567 949 1645 piro
1019 1569 1455 1649 crucesignata
1502 1578 1567 1629 et
1611 1570 1695 1629 ibi
1756 1571 1980 1631 exiens
2047 1569 2130 1631 de
2194 1573 2295 1631 uia
2340 1572 2406 1631 in
2451 1571 2676 1633 siluam
2747 1573 2832 1634 ad
2897 1574 3109 1635 ilicem
3176 1573 3418 1653 duplici

697 1697 885 1739 cruce
915 1681 1227 1761 signatam
1277 1692 1342 1742 et
1388 1684 1611 1742 transit
1656 1682 1881 1743 siluam
1929 1682 2012 1744 ad
2059 1683 2266 1744 ilicem
2307 1660 2536 1745 iterum
2578 1685 2816 1766 duplici
2846 1705 3034 1748 cruce
3065 1688 3410 1768 signatam,

696 1792 935 1853 abinde
966 1794 1013 1853 it
1044 1793 1224 1853 iuxta
1254 1792 1466 1855 villam
1502 1792 1763 1876 Georgii
1794 1794 1879 1855 ad
1912 1795 2118 1857 ilicem
2152 1795 2363 1858 adhuc
2393 1797 2629 1878 duplici
2675 1817 2863 1861 cruce
2891 1802 3230 1881 signatam,
3261 1800 3420 1861 inde

695 1922 811 1984 per
856 1905 1080 1966 siluam
1112 1915 1179 1967 et
1208 1925 1323 1985 per
1370 1918 1575 1968 metas
1618 1908 1920 1969 arboreas
1965 1927 2152 1970 cruce
2184 1911 2464 1991 signatas
2509 1914 2680 1972 venit
2725 1912 2810 1973 ad
2855 1912 3154 1974 arborem
3203 1916 3420 1989 iawar,

695 2016 847 2078 inde
892 2038 1006 2098 per
1049 2019 1246 2080 altam
1294 2022 1502 2099 pirum
1548 2039 1737 2081 cruce
1767 2024 2103 2103 signatam,
2164 2022 2398 2084 deinde
2443 2042 2558 2104 per
2603 2025 2775 2086 uiam
2820 2025 2994 2087 vadit
3023 2024 3109 2087 ad
3141 2024 3414 2087 fluuium

695 2130 924 2192 Budne
969 2132 1403 2211 supradictum
1451 2136 1512 2193 in
1560 2136 1739 2195 cuius
1784 2136 1920 2214 ripa
1967 2145 2062 2195 est
2109 2146 2283 2197 meta
2326 2138 2446 2197 sub
2492 2137 2649 2212 ilice,
2679 2140 3123 2218 transiensque
3167 2157 3414 2219 aquam

692 2244 777 2305 ad
810 2254 1070 2318 metam,
1088 2264 1215 2324 que
1245 2256 1341 2307 est
1370 2246 1490 2307 sub
1521 2248 1679 2326 pir0,
1711 2250 1934 2308 transit
1963 2247 2048 2309 ad
2079 2250 2375 2310 arborem
2408 2268 2564 2331 egur
2594 2269 2782 2311 cruce
2812 2254 3148 2333 signatam,
3170 2252 3418 2314 deinde

692 2356 949 2419 rediens
992 2360 1223 2420 iterum
1266 2358 1351 2419 ad
1396 2358 1542 2421 litus
1586 2359 1817 2421 Drawe
1864 2340 2271 2443 contignatur
2314 2365 2520 2442 prime
2565 2373 2738 2425 mete
2779 2374 2845 2425 et
2875 2364 2963 2424 ibi
3009 2367 3416 2427 terminatur.

693 2470 835 2531 Nos
879 2473 1066 2553 igitur
1108 2473 1171 2533 in
1220 2475 1654 2535 testimonium
1702 2473 2065 2536 huiusmodi
2111 2474 2510 2536 uendicionis
2541 2486 2606 2537 et
2637 2479 3010 2555 empcioni5‚
3038 2477 3417 2539 tradicionis

692 2601 807 2644 seu
852 2586 1305 2666 assignacionis
1349 2586 1431 2647 ad
1477 2588 1867 2665 peticionem
1913 2598 1978 2648 et
2023 2588 2401 2649 instanciam
2446 2591 2645 2668 partis
2704 2591 3030 2667 utriusque
3074 2601 3416 2670 presentes

693 2695 991 2758 dedimus
1034 2697 1275 2759 litteras
1318 2710 1540 2760 nostro
1570 2700 1775 2782 sigillo
1807 2702 2254 2762 communitas.
2301 2699 2499 2762 Anno
2531 2702 2779 2763 domini
2827 2700 3118 2767 M⁰.CC⁰.
3149 2712 3412 2783 septua-

690 2812 956 2891 gesimo,
1001 2809 1311 2873 kalendas
1356 2813 1523 2887 maii,
1580 2814 1887 2894 magistro
1933 2812 2266 2875 Demetrio
2312 2814 2579 2876 ecclesie
2623 2825 2840 2877 nostre
2883 2817 3212 2895 preposito
3258 2817 3412 2877 aule

692 2924 863 3005 regie
931 2924 1466 3000 vicecancellariO,
1527 2903 1759 3005 Myke¹
1796 2939 2078 3002 cantore,
2138 2928 2193 2989 F
2195 2928 2465 2991 eliciano
2533 2928 2822 3004 custode,
2865 2929 3084 3008 Erney
3151 2929 3410 2990 decano

691 3038 1128 3098 existentibus

875 3231 1175 3305 Ortgn'nal
1215 3251 1256 3289 u
1301 3231 1525 3290 arkivu
1576 3234 1789 3307 gradu
1851 3233 2205 3290 Varaz'dina
2253 3233 2337 3291 br.
2396 3237 2445 3291 7.
2490 3266 2576 3275 -—
2621 3233 2730 3291 Na
2776 3253 3022 3309 crvemgy
3085 3235 3113 3290 i
3168 3234 3410 3310 zelenoj

686 3333 952 3410 svilenoj
990 3337 1167 3393 vrvci
1207 3336 1333 3393 visi
1365 3341 1553 3413 pedat
1587 3337 1851 3412 okrugli.

1944 3732 2141 3811 996.

684 3901 895 3982 1270,
940 3905 1134 3989 prije
1179 3907 1241 3972 3.
1288 3908 1507 3990 maja..

676 4093 859 4156 Bela
904 4096 1097 4180 kralj
1136 4097 1429 4182 ugarskz'
1467 4097 1503 4160 ι’
1538 4098 1858 4162 hrvatski
1901 4098 2305 4182 potvrdjuje
2363 4099 2658 4183 bz'skupu
2712 4097 3229 4183 zagrebao'komu
3287 4099 3406 4161 Ti-

675 4207 934 4292 moteju
976 4208 1220 4293 posy'ed
1260 4211 1395 4273 kod
1456 4211 1684 4290 Varke,
1755 4216 1859 4273 §to
1895 4235 1992 4296 ga
2037 4210 2247 4295 kupz'o
2301 4212 2393 4274 od
2455 4211 2722 4274 Vrbana
2767 4210 2926 4274 sina
2975 4211 3399 4276 Pobradova.

854 4401 1007 4463 Bela
1052 4401 1154 4462 dei
1202 4405 1413 4483 gracia
1477 4403 1780 4486 Vngarie‚
1826 4403 2174 4476 Dalmacie,
2223 4402 2510 4478 Croacie‚
2553 4405 2780 4477 Rame‚
2826 4402 3064 4478 Seruie,
3109 4401 3402 4478 Gallicie‚

668 4507 1089 4590 Lodomerie,
1135 4513 1579 4596 Cumanieque
1622 4537 1753 4579 rex.
1816 4516 2141 4580 Omnibus
2200 4536 2464 4596 presens
2523 4519 2828 4597 scriptum
2875 4519 3256 4598 inspecturis
3299 4537 3400 4580 sa-

668 4622 876 4688 lutem
954 4633 1017 4689 in
1095 4632 1383 4692 omnium
1461 4631 1796 4692 saluatore.
1872 4629 1985 4692 Ad
2051 4632 2496 4692 vniuersorum
2565 4634 2871 4693 noticiam
2938 4631 3164 4694 harum
3233 4633 3397 4693 serie

668 4740 977 4803 uolumus
1038 4745 1389 4822 peruenire,
1437 4745 1612 4823 quod
1676 4745 2052 4806 venerabilis
2098 4747 2160 4804 in
2209 4742 2462 4808 Christo
2523 4757 2707 4824 pater
2767 4744 3217 4823 Thymotheus
3261 4747 3394 4824 epi-

672 4869 911 4935 scopus
956 4857 1413 4939 ZagrabiensiS‚
1460 4857 1729 4920 dilectus
1772 4869 1835 4919 et
1882 4857 2088 4920 fidelis
2135 4869 2368 4934 noster,
2413 4857 2499 4920 'ad
2545 4869 2832 4920 nostram
2887 4858 3204 4921 accedens
3247 4877 3391 4937 pre-

674 4972 977 5044 senciam,
1022 4972 1311 5032 exhibuit
1344 4971 1531 5031 nobis
1563 4972 1896 5051 quoddam
1943 4971 2344 5052 priuilegium
2391 4974 2650 5052 capituli
2701 4971 3392 5054 quinqueecclesiensis

676 5099 867 5160 super
911 5085 1251 5162 empcione
1282 5095 1446 5145 terre
1480 5085 1746 5158 Vrbani‚
1781 5084 1885 5146 filii
1923 5085 2196 5156 Pobrad,
2242 5086 2642 5159 confectum;
2687 5098 2916 5165 petens
2963 5088 3284 5158 instanter,
3315 5095 3386 5144 ut
