3797 5795
1536 438 1621 447 -
1673 405 1797 466 491
1870 438 1948 445 --

392 784 591 865 1269,
632 786 957 868 mJeseea
1005 784 1267 868 aprila.
1638 664 1807 743 958

386 957 564 1019 Bela
608 957 844 1042 herceg
893 956 1209 1020 hrvalslet'
1246 957 1493 1044 daruje
1556 958 1857 1042 Goty'ane
1908 958 2129 1021 [vanu
2179 958 2212 1020 ι’
2253 957 2592 1042 Sljepanu
2640 958 2730 1019 od
2767 956 3079 1041 plemma

1579 1071 1906 1134 Drufima.

566 1244 715 1305 Bela
761 1245 862 1306 dei
908 1249 1109 1327 gratia
1169 1246 1303 1307 dux
1370 1248 1562 1309 totius
1607 1247 1962 1319 Sclavonie‚
2025 1246 2344 1308 Dalmatie
2407 1258 2601 1325 atque
2648 1244 2904 1309 Croatie
2953 1248 3088 1305 uni-

392 1358 583 1417 versis
616 1356 843 1421 Christi
875 1357 1171 1420 fidelibus
1216 1370 1581 1438 presentem
1629 1362 1930 1441 paginam
1980 1360 2354 1438 inspecturis
2399 1359 2666 1419 salutem
2700 1360 2759 1418 in
2795 1360 3089 1418 omnium

390 1470 718 1531 salvatore.
768 1472 1035 1533 Provida
1104 1475 1461 1551 principum
1509 1476 1999 1551 circumspectio
2045 1473 2380 1553 condignis
2439 1473 2697 1551 premiis
2741 1473 2860 1532 sibi
2908 1472 3095 1532 obse-

392 1584 733 1661 quentibus
779 1586 869 1645 sic
914 1584 1110 1645 debet
1156 1604 1503 1659 occurrere,
1550 1600 1617 1647 ut
1663 1585 1765 1647 alii
1812 1605 2036 1647 eorum
2081 1586 2388 1665 exemplo
2435 1588 2763 1665 provocati
2809 1584 2894 1645 ad
2941 1584 3096 1645 fide·
3144 1586 3150 1593 '

394 1696 581 1756 litatis
628 1697 833 1758 studia
895 1698 1117 1758 fortius
1176 1699 1625 1760 accendantur.
1676 1699 1817 1761 Hac
1867 1701 2080 1778 itaque
2148 1699 2659 1761 consideratione
2707 1697 2966 1773 inducti,
3012 1698 3096 1757 ad

392 1810 823 1871 universorum
858 1813 1149 1871 notitiam
1180 1811 1404 1872 harum
1434 1814 1593 1872 serie
1627 1813 1919 1873 volumus
1949 1815 2292 1891 pervenire,
2325 1813 2502 1891 quod
2535 1830 2654 1873 nos
2683 1810 3090 1873 attendentes

398 1924 620 1984 merita
650 1934 713 1983 et
744 1924 1003 1985 servicia
1050 1922 1335 1985 fidelium
1382 1936 1743 1985 nostrorum
1787 1925 2094 2005 Johannis
2140 1927 2392 1985 comitis
2423 1925 2505 1986 de
2535 1942 2770 2006 genere
2817 1922 3094 1985 Drusma

394 2047 455 2096 et
502 2038 781 2117 magistri
828 2016 1135 2116 Stephani
1168 2036 1272 2098 filii
1306 2037 1591 2099 eiusdem
1638 2038 1887 2099 ensiferi
1937 2040 2152 2111 nostri,
2185 2057 2311 2117 que
2341 2038 2531 2098 iidem
2586 2037 2770 2097 nobis
2803 2040 2864 2097 in
2897 2054 3097 2118 regno

389 2168 467 2210 ac
510 2149 665 2209 alias
723 2148 992 2211 fideliter
1036 2161 1099 2210 et
1148 2150 1545 2212 laudabiliter
1590 2151 2058 2231 impenderunt,
2117 2170 2186 2212 se
2247 2162 2310 2211 et
2355 2170 2506 2211 suos
2568 2150 2776 2211 dubiis
2839 2150 3094 2210 fortune

394 2262 642 2324 casibus
686 2263 1095 2342 exponendo
1155 2264 1226 2323 ln
1272 2266 1938 2343 recompensationem
1985 2264 2424 2343 multiplicium
2472 2276 2535 2323 et
2581 2262 3094 2324 fidelissimorum

393 2376 785 2436 servitiorum
818 2395 1097 2450 suorum,
1130 2395 1259 2437 non
1307 2388 1524 2437 tamen
1557 2379 1619 2437 in
1651 2378 1912 2456 plenam
1957 2377 2472 2451 satisfactionem,
2502 2395 2649 2437 cum
2681 2394 2799 2455 pro
2833 2374 3095 2435 modico

393 2499 761 2568 reputemus
806 2489 890 2561 id,
936 2490 1115 2569 quod
1161 2492 1251 2551 eis
1296 2490 1358 2550 in
1406 2491 1685 2568 presenti
1732 2490 2028 2552 dedimus
2089 2500 2377 2569 respectu
2425 2508 2666 2561 eorum,
2713 2507 2836 2565 que
2884 2488 3093 2547 facere

394 2602 782 2663 intendimus
828 2605 891 2663 in
938 2602 1235 2676 futurum,
1302 2604 1631 2682 quandam
1698 2602 1910 2663 villam
1973 2601 2144 2665 Gara
2197 2612 2626 2683 nuncupatam
2678 2603 2740 2663 in
2787 2602 3098 2661 comitatu

393 2716 476 2775 de
526 2714 715 2776 cho
761 2718 1163 2789 existentem,
1193 2716 1277 2777 ad
1310 2726 1595 2777 nostram
1640 2716 2060 2777 donationem
2107 2719 2552 2797 pertinentem,
2596 2732 2746 2775 cum
2792 2712 3094 2773 omnibus

394 2828 765 2890 utilitatibus
794 2841 858 2889 et
889 2831 1283 2908 pertinentiis
1315 2832 1442 2890 suis
1472 2829 1729 2909 prefatis
1760 2832 1980 2891 comiti
2005 2828 2276 2911 Johanni
2310 2840 2372 2889 et
2407 2832 2708 2910 magistro
2755 2826 3088 2906 Stephano

394 2943 667 3004 ensifero
699 2957 919 3004 nostro
950 2962 1027 3003 ac
1057 2943 1412 3004 eorundem
1440 2943 1777 3004 heredibus
1808 2943 2250 3023 heredumque
2279 2943 2748 3004 successoribus
2779 2940 3095 3014 dedimuS‚

395 3055 769 3116 tradidimus
835 3067 900 3116 et
969 3056 1357 3117 contulimus
1423 3058 1555 3118 iure
1622 3067 1937 3136 perpetuo
2004 3056 2480 3135 possidendam.
2553 3055 2622 3115 ln
2693 3054 2870 3114 cuius
2932 3064 3096 3112 terre

395 3169 794 3247 corporalem
860 3172 1331 3249 possessionem
1378 3172 1550 3248 ipsos
1595 3188 1710 3248 per
1756 3169 2058 3230 dilectum
2110 3180 2172 3228 ct
2217 3168 2476 3229 fidelem
2538 3178 2824 3229 nostrum
2876 3165 3100 3228 Domi-

396 3283 607 3342 nicum
654 3285 959 3342 comitem
1006 3283 1088 3343 de
1139 3282 1383 3344 Barana
1428 3285 1805 3343 auctoritate
1852 3292 2069 3342 nostra
2101 3282 2366 3343 fecimus
2413 3279 2741 3341 introduci.
2795 3279 2880 3342 Ut
2915 3278 3100 3358 igitur

396 3394 513 3454 hec
557 3413 593 3454 a
640 3395 827 3455 nobis
891 3395 1057 3455 sacta
1118 3395 1383 3456 donatio
1452 3395 1646 3455 robur
1706 3405 2013 3473 perpetue
2083 3394 2394 3456 firmitatis
2455 3394 2760 3464 obtineat,
2807 3411 2926 3452 nec
2987 3409 3100 3469 per

400 3510 769 3586 quempiam
814 3509 1015 3587 possit
1060 3507 1240 3588 lapsu
1289 3511 1593 3588 temporis
1638 3511 1700 3568 in
1748 3510 1990 3568 irritum
2038 3508 2335 3580 revocari,
2381 3516 2743 3585 presentem
2789 3505 3090 3586 paginam

400 3622 831 3681 concessimus
906 3621 1218 3700 dupplicis
1286 3621 1464 3702 sigilli
1537 3624 1729 3682 nostri
1803 3623 2154 3683 munimine
2223 3620 2610 3681 roboratam.
2683 3617 2922 3680 Datum
2987 3635 3103 3696 per

402 3751 626 3795 manus
674 3733 1045 3795 venerabilis
1090 3737 1285 3812 patris
1320 3733 1595 3795 Ladislai
1638 3735 1922 3813 episcopi
1965 3734 2284 3796 Tiniensis
2313 3733 2456 3794 aule
2487 3741 2703 3794 nostre
2748 3730 3102 3792 cancellarii

398 3845 607 3907 dilecti
654 3859 717 3907 et
764 3845 967 3907 fidelis
1015 3850 1231 3919 nostri,
1290 3865 1463 3908 anno
1511 3847 1752 3908 domini
1802 3847 2142 3908 millesimo
2189 3848 2632 3907 ducentesimo
2698 3845 3100 3926 sexagesimo

400 3977 591 4032 n0n0,
638 3978 857 4021 mense
904 3960 1099 4038 aprili.

572 4101 759 4175 Faeje'r
810 4102 951 4158 Cod.
1007 4103 1157 4178 dipl.
1222 4104 1435 4174 flung.
1501 4103 1630 4160 Vll.
1685 4105 1740 4159 3.
1797 4105 1891 4157 64.
1947 4107 1996 4156 Γ).
2051 4135 2131 4142 -——
2177 4099 2546 4175 Kukuljevic
2605 4100 2753 4172 Reg.
2805 4117 2898 4156 no.
2954 4101 3090 4154 ³175.

1646 4412 1840 4493 959.

398 4539 599 4620 1269,
642 4540 751 4607 22.
800 4541 1016 4624 maja.

418 4713 759 4778 Vratt'slav
840 4715 1138 4796 Jakobov
1208 4715 1491 4801 prodaje
1565 4715 1679 4778 clio
1724 4737 1908 4800 svoje
1983 4715 2246 4777 bas‘lme
2323 4737 2368 4776 u
2439 4713 2744 4798 Zagorju
2823 4721 3098 4798 §upana

1071 4827 1341 4892 lvanku
1386 4852 1461 4891 za
1507 4829 1828 4892 dvadeset
1872 4828 1907 4891 ι’
1947 4827 2132 4912 clvije
2179 4829 2422 4890 marke.

572 5001 933 5084 Capitulum
997 5005 1433 5086 Zagrabiensis
1493 5005 1757 5065 ecclesie
1820 5006 2119 5064 omnibus
2185 5023 2446 5082 presens
2511 5005 2814 5082 scriptum
2893 5004 3099 5082 inspe-

398 5119 591 5177 cturis
636 5117 904 5179 salutem
940 5120 997 5179 in
1035 5119 1321 5180 domin0.
1369 5116 1478 5179 Ad
1525 5121 1960 5180 universorum
2012 5119 2312 5180 noticiam
2361 5118 2584 5179 harum
2619 5121 2777 5178 serie
2811 5119 3102 5181 volumus
