<?xml version="1.0" encoding="UTF-8"?>
<!DOCTYPE html PUBLIC "-//W3C//DTD XHTML 1.0 Transitional//EN"
    "http://www.w3.org/TR/xhtml1/DTD/xhtml1-transitional.dtd">
<html xmlns="http://www.w3.org/1999/xhtml" xml:lang="en" lang="en">
 <head>
  <title>
</title>
<meta http-equiv="Content-Type" content="text/html;charset=utf-8" />
  <meta name='ocr-system' content='tesseract 3.04.00' />
  <meta name='ocr-capabilities' content='ocr_page ocr_carea ocr_par ocr_line ocrx_word'/>
</head>
<body>
  <div class='ocr_page' id='page_1' title='image "./codexdiplomatic00umjegoog_0169.png"; bbox 0 0 3797 5795; ppageno 0'>
   <div class='ocr_carea' id='block_1_1' title="bbox 1887 372 2303 447">
    <p class='ocr_par' dir='ltr' id='par_1_1' title="bbox 1887 372 2303 447">
     <span class='ocr_line' id='line_1_1' title="bbox 1887 372 2303 447; baseline 0.01 -3"><span class='ocrx_word' id='word_1_1' title='bbox 1887 372 2303 447; x_wconf 80' lang='lat'>—15&#39;6—</span> 
     </span>
    </p>
   </div>
   <div class='ocr_carea' id='block_1_2' title="bbox 735 560 3471 1107">
    <p class='ocr_par' dir='ltr' id='par_1_2' title="bbox 735 560 3471 1107">
     <span class='ocr_line' id='line_1_2' title="bbox 737 560 3467 654; baseline -0.001 -19"><span class='ocrx_word' id='word_1_2' title='bbox 737 574 974 635; x_wconf 89' lang='lat' dir='ltr'><strong>Duimi.</strong></span> <span class='ocrx_word' id='word_1_3' title='bbox 1021 573 1262 636; x_wconf 87' lang='lat' dir='ltr'><strong>Actum</strong></span> <span class='ocrx_word' id='word_1_4' title='bbox 1311 577 1370 634; x_wconf 88' lang='lat' dir='ltr'><strong>in</strong></span> <span class='ocrx_word' id='word_1_5' title='bbox 1420 575 1621 636; x_wconf 91' lang='lat' dir='ltr'><strong>domo</strong></span> <span class='ocrx_word' id='word_1_6' title='bbox 1683 576 1876 654; x_wconf 88' lang='lat' dir='ltr'><strong>ipsius</strong></span> <span class='ocrx_word' id='word_1_7' title='bbox 1920 574 2121 637; x_wconf 91' lang='lat' dir='ltr'><strong>Tiche</strong></span> <span class='ocrx_word' id='word_1_8' title='bbox 2168 578 2229 635; x_wconf 90' lang='lat' dir='ltr'><strong>in</strong></span> <span class='ocrx_word' id='word_1_9' title='bbox 2276 560 2603 654; x_wconf 81' lang='lat' dir='ltr'><strong>presencia</strong></span> <span class='ocrx_word' id='word_1_10' title='bbox 2664 574 2912 635; x_wconf 88' lang='lat' dir='ltr'><strong>Nicolai</strong></span> <span class='ocrx_word' id='word_1_11' title='bbox 2966 573 3309 653; x_wconf 89' lang='lat' dir='ltr'><strong>quondam</strong></span> <span class='ocrx_word' id='word_1_12' title='bbox 3356 591 3467 631; x_wconf 84' lang='lat' dir='ltr'><strong>sa-</strong></span> 
     </span>
     <span class='ocr_line' id='line_1_3' title="bbox 737 684 3469 767; baseline -0.001 -20"><span class='ocrx_word' id='word_1_13' title='bbox 737 690 922 749; x_wconf 81' lang='lat' dir='ltr'><strong>criste</strong></span> <span class='ocrx_word' id='word_1_14' title='bbox 954 690 1087 749; x_wconf 92' lang='lat' dir='ltr'><strong>eius</strong></span> <span class='ocrx_word' id='word_1_15' title='bbox 1117 690 1312 767; x_wconf 87' lang='lat' dir='ltr'><strong>patris</strong></span> <span class='ocrx_word' id='word_1_16' title='bbox 1357 687 1710 766; x_wconf 88' lang='lat' dir='ltr'><strong>spiritualis,</strong></span> <span class='ocrx_word' id='word_1_17' title='bbox 1741 686 1915 748; x_wconf 89' lang='lat' dir='ltr'><strong>Dese</strong></span> <span class='ocrx_word' id='word_1_18' title='bbox 1949 687 2292 762; x_wconf 79' lang='lat' dir='ltr'><strong>Michaeli5‚</strong></span> <span class='ocrx_word' id='word_1_19' title='bbox 2338 687 2607 766; x_wconf 89' lang='lat' dir='ltr'><strong>Philippi</strong></span> <span class='ocrx_word' id='word_1_20' title='bbox 2657 685 2841 761; x_wconf 84' lang='lat' dir='ltr'><strong>Cuse,</strong></span> <span class='ocrx_word' id='word_1_21' title='bbox 2888 684 3230 748; x_wconf 88' lang='lat' dir='ltr'><strong>Laurencii</strong></span> <span class='ocrx_word' id='word_1_22' title='bbox 3264 684 3469 746; x_wconf 88' lang='lat' dir='ltr'><strong>Deue</strong></span> 
     </span>
     <span class='ocr_line' id='line_1_4' title="bbox 736 795 3471 881; baseline -0.001 -20"><span class='ocrx_word' id='word_1_23' title='bbox 736 810 804 861; x_wconf 89' lang='lat' dir='ltr'><strong>et</strong></span> <span class='ocrx_word' id='word_1_24' title='bbox 847 800 1123 879; x_wconf 90' lang='lat' dir='ltr'><strong>plurium</strong></span> <span class='ocrx_word' id='word_1_25' title='bbox 1168 800 1478 861; x_wconf 87' lang='lat' dir='ltr'><strong>alliorum.</strong></span> <span class='ocrx_word' id='word_1_26' title='bbox 1526 799 1668 881; x_wconf 90' lang='lat' dir='ltr'><strong>Ego</strong></span> <span class='ocrx_word' id='word_1_27' title='bbox 1714 798 2059 862; x_wconf 87' lang='lat' dir='ltr'><strong>Geruasius</strong></span> <span class='ocrx_word' id='word_1_28' title='bbox 2104 799 2433 862; x_wconf 87' lang='lat' dir='ltr'><strong>Grubesce</strong></span> <span class='ocrx_word' id='word_1_29' title='bbox 2478 801 2711 879; x_wconf 85' lang='lat' dir='ltr'>scripsi.</span> <span class='ocrx_word' id='word_1_30' title='bbox 2742 798 2826 861; x_wconf 91' lang='lat' dir='ltr'><strong>Et</strong></span> <span class='ocrx_word' id='word_1_31' title='bbox 2858 816 2983 881; x_wconf 90' lang='lat' dir='ltr'><strong>ego</strong></span> <span class='ocrx_word' id='word_1_32' title='bbox 3030 798 3247 859; x_wconf 87' lang='lat' dir='ltr'><strong>Lucas</strong></span> <span class='ocrx_word' id='word_1_33' title='bbox 3294 795 3471 877; x_wconf 88' lang='lat' dir='ltr'><strong>Spa-</strong></span> 
     </span>
     <span class='ocr_line' id='line_1_5' title="bbox 738 910 3471 990; baseline -0.001 -17"><span class='ocrx_word' id='word_1_34' title='bbox 738 912 994 975; x_wconf 91' lang='lat' dir='ltr'><strong>latensis</strong></span> <span class='ocrx_word' id='word_1_35' title='bbox 1040 914 1385 974; x_wconf 89' lang='lat' dir='ltr'><strong>canonicus</strong></span> <span class='ocrx_word' id='word_1_36' title='bbox 1429 915 1668 973; x_wconf 89' lang='lat' dir='ltr'><strong>iuratus</strong></span> <span class='ocrx_word' id='word_1_37' title='bbox 1711 915 2120 975; x_wconf 84' lang='lat' dir='ltr'><strong>comunitatis</strong></span> <span class='ocrx_word' id='word_1_38' title='bbox 2180 913 2296 974; x_wconf 88' lang='lat' dir='ltr'><strong>hiis</strong></span> <span class='ocrx_word' id='word_1_39' title='bbox 2358 913 2608 974; x_wconf 84' lang='lat' dir='ltr'><strong>interfui</strong></span> <span class='ocrx_word' id='word_1_40' title='bbox 2654 924 2719 973; x_wconf 88' lang='lat' dir='ltr'><strong>et</strong></span> <span class='ocrx_word' id='word_1_41' title='bbox 2764 912 3031 973; x_wconf 89' lang='lat' dir='ltr'><strong>audiens</strong></span> <span class='ocrx_word' id='word_1_42' title='bbox 3077 932 3114 972; x_wconf 91' lang='lat' dir='ltr'><strong>a</strong></span> <span class='ocrx_word' id='word_1_43' title='bbox 3160 910 3471 990; x_wconf 79' lang='lat' dir='ltr'><strong>predicta</strong></span> 
     </span>
     <span class='ocr_line' id='line_1_6' title="bbox 735 1025 1936 1107; baseline -0.001 -21"><span class='ocrx_word' id='word_1_44' title='bbox 735 1025 938 1087; x_wconf 84' lang='lat' dir='ltr'><strong>Ticha</strong></span> <span class='ocrx_word' id='word_1_45' title='bbox 983 1035 1242 1107; x_wconf 88' lang='lat' dir='ltr'><strong>rogatus</strong></span> <span class='ocrx_word' id='word_1_46' title='bbox 1287 1025 1412 1086; x_wconf 89' lang='lat' dir='ltr'><strong>hoc</strong></span> <span class='ocrx_word' id='word_1_47' title='bbox 1457 1027 1654 1087; x_wconf 90' lang='lat' dir='ltr'><strong>breue</strong></span> <span class='ocrx_word' id='word_1_48' title='bbox 1699 1028 1936 1106; x_wconf 81' lang='lat' dir='ltr'><strong>scripsi.</strong></span> 
     </span>
    </p>
   </div>
   <div class='ocr_carea' id='block_1_3' title="bbox 723 1198 3467 1594">
    <p class='ocr_par' dir='ltr' id='par_1_3' title="bbox 723 1198 3467 1594">
     <span class='ocr_line' id='line_1_7' title="bbox 911 1198 3467 1279; baseline -0.002 -20"><span class='ocrx_word' id='word_1_49' title='bbox 911 1202 979 1259; x_wconf 85' lang='lat' dir='ltr'><strong>Iz</strong></span> <span class='ocrx_word' id='word_1_50' title='bbox 1023 1211 1220 1259; x_wconf 85' lang='lat' dir='ltr'><strong>notar.</strong></span> <span class='ocrx_word' id='word_1_51' title='bbox 1263 1203 1564 1279; x_wconf 79' lang='lat' dir='ltr'><strong>prijepisa</strong></span> <span class='ocrx_word' id='word_1_52' title='bbox 1609 1204 1694 1259; x_wconf 84' lang='lat' dir='ltr'><strong>od</strong></span> <span class='ocrx_word' id='word_1_53' title='bbox 1723 1204 1866 1277; x_wconf 84' lang='lat' dir='ltr'><strong>god.</strong></span> <span class='ocrx_word' id='word_1_54' title='bbox 1918 1204 2093 1259; x_wconf 79' lang='lat'><strong><em>1260.</em></strong></span> <span class='ocrx_word' id='word_1_55' title='bbox 2146 1206 2183 1257; x_wconf 88' lang='grc'><strong><em>7</em></strong></span> <span class='ocrx_word' id='word_1_56' title='bbox 2188 1247 2198 1259; x_wconf 93' lang='grc'>.</span> <span class='ocrx_word' id='word_1_57' title='bbox 2230 1205 2419 1279; x_wconf 84' lang='lat' dir='ltr'><strong>juna.</strong></span> <span class='ocrx_word' id='word_1_58' title='bbox 2497 1202 2660 1277; x_wconf 83' lang='lat' dir='ltr'><strong>Ovaj</strong></span> <span class='ocrx_word' id='word_1_59' title='bbox 2714 1222 2781 1257; x_wconf 78' lang='lat' dir='ltr'><strong>se</strong></span> <span class='ocrx_word' id='word_1_60' title='bbox 2842 1200 3057 1257; x_wconf 83' lang='lat' dir='ltr'><strong>nalazi</strong></span> <span class='ocrx_word' id='word_1_61' title='bbox 3116 1220 3157 1257; x_wconf 86' lang='lat' dir='ltr'><em>u</em></span> <span class='ocrx_word' id='word_1_62' title='bbox 3220 1198 3467 1257; x_wconf 75' lang='lat' dir='ltr'><strong>arkivu</strong></span> 
     </span>
     <span class='ocr_line' id='line_1_8' title="bbox 735 1302 3462 1387; baseline -0.001 -25"><span class='ocrx_word' id='word_1_63' title='bbox 735 1306 984 1383; x_wconf 74' lang='lat' dir='ltr'><strong>kaptola</strong></span> <span class='ocrx_word' id='word_1_64' title='bbox 1017 1327 1058 1363; x_wconf 89' lang='lat' dir='ltr'><em>u</em></span> <span class='ocrx_word' id='word_1_65' title='bbox 1093 1302 1336 1387; x_wconf 56' lang='lat' dir='ltr'><strong>Spgjetu</strong></span> <span class='ocrx_word' id='word_1_66' title='bbox 1369 1327 1425 1364; x_wconf 84' lang='lat' dir='ltr'><strong>a.</strong></span> <span class='ocrx_word' id='word_1_67' title='bbox 1463 1308 1639 1366; x_wconf 73' lang='lat'><strong><em>1260.</em></strong></span> <span class='ocrx_word' id='word_1_68' title='bbox 1689 1341 1772 1350; x_wconf 95' lang='lat'>—</span> <span class='ocrx_word' id='word_1_69' title='bbox 1835 1308 2080 1364; x_wconf 79' lang='lat' dir='ltr'><strong>Wenzel</strong></span> <span class='ocrx_word' id='word_1_70' title='bbox 2128 1307 2269 1366; x_wconf 82' lang='lat' dir='ltr'><strong>cod.</strong></span> <span class='ocrx_word' id='word_1_71' title='bbox 2314 1306 2461 1383; x_wconf 81' lang='lat' dir='ltr'><strong>dipl.</strong></span> <span class='ocrx_word' id='word_1_72' title='bbox 2492 1306 2726 1383; x_wconf 83' lang='lat' dir='ltr'><strong>Arpad.</strong></span> <span class='ocrx_word' id='word_1_73' title='bbox 2762 1307 2847 1363; x_wconf 89' lang='lat' dir='ltr'><strong>II.</strong></span> <span class='ocrx_word' id='word_1_74' title='bbox 2887 1308 3026 1363; x_wconf 81' lang='lat'><strong><em>326.</em></strong></span> <span class='ocrx_word' id='word_1_75' title='bbox 3072 1313 3462 1381; x_wconf 78' lang='lat' dir='ltr'><strong>(nepotpuno</strong></span> 
     </span>
     <span class='ocr_line' id='line_1_9' title="bbox 723 1409 3455 1487; baseline -0.002 -20"><span class='ocrx_word' id='word_1_76' title='bbox 723 1420 810 1487; x_wconf 86' lang='lat' dir='ltr'><strong>po</strong></span> <span class='ocrx_word' id='word_1_77' title='bbox 853 1409 1047 1487; x_wconf 78' lang='lat' dir='ltr'><strong>kopiji</strong></span> <span class='ocrx_word' id='word_1_78' title='bbox 1090 1410 1295 1468; x_wconf 87' lang='lat' dir='ltr'><em>XVII.</em></span> <span class='ocrx_word' id='word_1_79' title='bbox 1342 1409 1548 1485; x_wconf 78' lang='lat' dir='ltr'><strong>vtjeka</strong></span> <span class='ocrx_word' id='word_1_80' title='bbox 1597 1431 1636 1467; x_wconf 87' lang='lat' dir='ltr'><em>u</em></span> <span class='ocrx_word' id='word_1_81' title='bbox 1684 1410 1907 1468; x_wconf 83' lang='lat' dir='ltr'><strong>arkivu</strong></span> <span class='ocrx_word' id='word_1_82' title='bbox 1956 1421 2064 1487; x_wconf 83' lang='lat' dir='ltr'><strong>taJ.</strong></span> <span class='ocrx_word' id='word_1_83' title='bbox 2101 1432 2140 1467; x_wconf 86' lang='lat' dir='ltr'><em>u</em></span> <span class='ocrx_word' id='word_1_84' title='bbox 2178 1412 2388 1483; x_wconf 66' lang='lat' dir='ltr'><strong>Bec&#39;u).</strong></span> <span class='ocrx_word' id='word_1_85' title='bbox 2442 1446 2525 1451; x_wconf 93' lang='lat'><strong>—</strong></span> <span class='ocrx_word' id='word_1_86' title='bbox 2572 1410 2949 1484; x_wconf 65' lang='lat' dir='ltr'><strong>Kukuljevic‘</strong></span> <span class='ocrx_word' id='word_1_87' title='bbox 2970 1410 3125 1483; x_wconf 73' lang='lat' dir='ltr'><strong>Reg.</strong></span> <span class='ocrx_word' id='word_1_88' title='bbox 3160 1428 3259 1465; x_wconf 86' lang='lat' dir='ltr'><strong>no.</strong></span> <span class='ocrx_word' id='word_1_89' title='bbox 3308 1412 3455 1462; x_wconf 76' lang='lat'><em>794.</em></span> 
     </span>
     <span class='ocr_line' id='line_1_10' title="bbox 737 1513 1975 1594; baseline 0.001 -23"><span class='ocrx_word' id='word_1_90' title='bbox 737 1518 1108 1591; x_wconf 81' lang='lat' dir='ltr'><strong>(nepotpuno</strong></span> <span class='ocrx_word' id='word_1_91' title='bbox 1153 1536 1251 1573; x_wconf 77' lang='lat' dir='ltr'><strong>na.</strong></span> <span class='ocrx_word' id='word_1_92' title='bbox 1311 1519 1446 1573; x_wconf 81' lang='lat'><em>787.</em></span> <span class='ocrx_word' id='word_1_93' title='bbox 1491 1518 1574 1594; x_wconf 75' lang='lat' dir='ltr'><strong>po</strong></span> <span class='ocrx_word' id='word_1_94' title='bbox 1647 1513 1975 1593; x_wconf 82' lang='lat' dir='ltr'><strong>Wenzelu).</strong></span> 
     </span>
    </p>
   </div>
   <div class='ocr_carea' id='block_1_4' title="bbox 734 1781 2194 1960">
    <p class='ocr_par' dir='ltr' id='par_1_4' title="bbox 734 1781 2194 1960">
     <span class='ocr_line' id='line_1_11' title="bbox 1999 1781 2194 1861; baseline 0.01 -2"><span class='ocrx_word' id='word_1_95' title='bbox 1999 1781 2194 1861; x_wconf 83' lang='lat'><strong>664.</strong></span> 
     </span>
     <span class='ocr_line' id='line_1_12' title="bbox 734 1884 1510 1960; baseline -0.001 -9"><span class='ocrx_word' id='word_1_96' title='bbox 734 1887 940 1960; x_wconf 88' lang='grc'><strong>1260,</strong></span> <span class='ocrx_word' id='word_1_97' title='bbox 984 1887 1092 1951; x_wconf 84' lang='grc'><strong>26.</strong></span> <span class='ocrx_word' id='word_1_98' title='bbox 1141 1884 1510 1953; x_wconf 73' lang='lat' dir='ltr'><strong>februm-a.</strong></span> 
     </span>
    </p>
   </div>
   <div class='ocr_carea' id='block_1_5' title="bbox 731 2053 3461 2267">
    <p class='ocr_par' dir='ltr' id='par_1_5' title="bbox 731 2053 3461 2267">
     <span class='ocr_line' id='line_1_13' title="bbox 733 2053 3461 2151; baseline -0.001 -30"><span class='ocrx_word' id='word_1_99' title='bbox 733 2059 936 2151; x_wconf 31' lang='lat' dir='ltr'><strong>Bela-</strong></span> <span class='ocrx_word' id='word_1_100' title='bbox 970 2058 1160 2143; x_wconf 81' lang='lat' dir='ltr'><strong>kralj</strong></span> <span class='ocrx_word' id='word_1_101' title='bbox 1214 2053 1508 2143; x_wconf 76' lang='lat' dir='ltr'><strong>ugarskz‘</strong></span> <span class='ocrx_word' id='word_1_102' title='bbox 1546 2054 1581 2120; x_wconf 78' lang='grc' dir='ltr'><strong>ι’</strong></span> <span class='ocrx_word' id='word_1_103' title='bbox 1618 2058 1938 2121; x_wconf 80' lang='lat' dir='ltr'><strong>lzrvatskz’</strong></span> <span class='ocrx_word' id='word_1_104' title='bbox 1984 2058 2317 2144; x_wconf 78' lang='lat' dir='ltr'><strong>poklanja</strong></span> <span class='ocrx_word' id='word_1_105' title='bbox 2383 2058 2638 2145; x_wconf 75' lang='lat' dir='ltr'><strong>opatz&#39;ji</strong></span> <span class='ocrx_word' id='word_1_106' title='bbox 2697 2055 3045 2141; x_wconf 75' lang='lat' dir='ltr'><strong>Topuskoj</strong></span> <span class='ocrx_word' id='word_1_107' title='bbox 3101 2078 3179 2118; x_wconf 78' lang='lat' dir='ltr'><strong>za</strong></span> <span class='ocrx_word' id='word_1_108' title='bbox 3248 2057 3461 2119; x_wconf 76' lang='lat' dir='ltr'><strong>uzdr-</strong></span> 
     </span>
     <span class='ocr_line' id='line_1_14' title="bbox 731 2168 3461 2267; baseline -0.001 -33"><span class='ocrx_word' id='word_1_109' title='bbox 731 2172 1016 2267; x_wconf 53' lang='lat' dir='ltr'><strong>{azranje</strong></span> <span class='ocrx_word' id='word_1_110' title='bbox 1066 2172 1292 2256; x_wconf 68' lang='lat' dir='ltr'><strong>gradez</strong></span> <span class='ocrx_word' id='word_1_111' title='bbox 1353 2171 1854 2257; x_wconf 77' lang='lat' dir='ltr'><strong>sagradjenoga</strong></span> <span class='ocrx_word' id='word_1_112' title='bbox 1916 2194 2011 2234; x_wconf 82' lang='lat' dir='ltr'><strong>na</strong></span> <span class='ocrx_word' id='word_1_113' title='bbox 2072 2174 2273 2234; x_wconf 82' lang='lat' dir='ltr'><strong>otoku</strong></span> <span class='ocrx_word' id='word_1_114' title='bbox 2336 2194 2431 2235; x_wconf 80' lang='lat' dir='ltr'><strong>sv.</strong></span> <span class='ocrx_word' id='word_1_115' title='bbox 2495 2171 2897 2242; x_wconf 77' lang='lat' dir='ltr'><strong>Ladz&#39;slava,</strong></span> <span class='ocrx_word' id='word_1_116' title='bbox 2962 2168 3114 2254; x_wconf 79' lang='lat' dir='ltr'><em>kojz&#39;</em></span> <span class='ocrx_word' id='word_1_117' title='bbox 3152 2190 3223 2231; x_wconf 81' lang='lat' dir='ltr'><strong>se</strong></span> <span class='ocrx_word' id='word_1_118' title='bbox 3264 2168 3461 2253; x_wconf 72' lang='lat' dir='ltr'><strong>prise</strong></span> 
     </span>
    </p>
   </div>
   <div class='ocr_carea' id='block_1_6' title="bbox 1548 2282 2634 2369">
    <p class='ocr_par' dir='ltr' id='par_1_6' title="bbox 1548 2282 2634 2369">
     <span class='ocr_line' id='line_1_15' title="bbox 1548 2282 2634 2369; baseline 0.003 -24"><span class='ocrx_word' id='word_1_119' title='bbox 1548 2305 1705 2347; x_wconf 73' lang='lat' dir='ltr'><strong>zvao</strong></span> <span class='ocrx_word' id='word_1_120' title='bbox 1771 2282 2049 2369; x_wconf 78' lang='lat' dir='ltr'><strong>Vz‘lzudj,</strong></span> <span class='ocrx_word' id='word_1_121' title='bbox 2091 2286 2340 2369; x_wconf 80' lang='lat' dir='ltr'><strong>possed</strong></span> <span class='ocrx_word' id='word_1_122' title='bbox 2381 2286 2634 2348; x_wconf 82' lang='lat' dir='ltr'><strong>Kralu.</strong></span> 
     </span>
    </p>
   </div>
   <div class='ocr_carea' id='block_1_7' title="bbox 725 2459 3459 4794">
    <p class='ocr_par' dir='ltr' id='par_1_7' title="bbox 725 2459 3459 4794">
     <span class='ocr_line' id='line_1_16' title="bbox 908 2459 3459 2542; baseline -0.001 -23"><span class='ocrx_word' id='word_1_123' title='bbox 908 2460 1056 2519; x_wconf 88' lang='lat' dir='ltr'><strong>Bela</strong></span> <span class='ocrx_word' id='word_1_124' title='bbox 1105 2459 1204 2519; x_wconf 91' lang='lat' dir='ltr'><strong>dei</strong></span> <span class='ocrx_word' id='word_1_125' title='bbox 1253 2462 1464 2540; x_wconf 83' lang='lat' dir='ltr'>gracia</span> <span class='ocrx_word' id='word_1_126' title='bbox 1511 2460 1838 2542; x_wconf 89' lang='lat' dir='ltr'><strong>Hungarie</strong></span> <span class='ocrx_word' id='word_1_127' title='bbox 1886 2479 2001 2521; x_wconf 82' lang='lat' dir='ltr'><strong>rex</strong></span> <span class='ocrx_word' id='word_1_128' title='bbox 2051 2460 2350 2521; x_wconf 90' lang='lat' dir='ltr'><strong>omnibus</strong></span> <span class='ocrx_word' id='word_1_129' title='bbox 2410 2471 2738 2539; x_wconf 85' lang='lat' dir='ltr'><strong>presentes</strong></span> <span class='ocrx_word' id='word_1_130' title='bbox 2784 2460 3023 2520; x_wconf 81' lang='lat' dir='ltr'><strong>litteras</strong></span> <span class='ocrx_word' id='word_1_131' title='bbox 3070 2459 3459 2536; x_wconf 88' lang='lat' dir='ltr'><strong>inspecturis</strong></span> 
     </span>
     <span class='ocr_line' id='line_1_17' title="bbox 731 2570 3459 2654; baseline -0.001 -22"><span class='ocrx_word' id='word_1_132' title='bbox 731 2572 1002 2634; x_wconf 83' lang='lat' dir='ltr'><strong>salutem</strong></span> <span class='ocrx_word' id='word_1_133' title='bbox 1064 2572 1128 2631; x_wconf 87' lang='lat' dir='ltr'><strong>in</strong></span> <span class='ocrx_word' id='word_1_134' title='bbox 1191 2591 1342 2631; x_wconf 87' lang='lat' dir='ltr'><strong>vero</strong></span> <span class='ocrx_word' id='word_1_135' title='bbox 1401 2572 1670 2631; x_wconf 91' lang='lat' dir='ltr'><strong>salutari.</strong></span> <span class='ocrx_word' id='word_1_136' title='bbox 1720 2571 1801 2633; x_wconf 90' lang='lat' dir='ltr'><strong>Et</strong></span> <span class='ocrx_word' id='word_1_137' title='bbox 1849 2575 1898 2632; x_wconf 89' lang='lat' dir='ltr'><strong>si</strong></span> <span class='ocrx_word' id='word_1_138' title='bbox 1949 2572 2427 2654; x_wconf 88' lang='lat' dir='ltr'><strong>magnificencia</strong></span> <span class='ocrx_word' id='word_1_139' title='bbox 2494 2575 2667 2654; x_wconf 88' lang='lat' dir='ltr'><strong>regia</strong></span> <span class='ocrx_word' id='word_1_140' title='bbox 2729 2572 2813 2632; x_wconf 91' lang='lat' dir='ltr'><strong>ad</strong></span> <span class='ocrx_word' id='word_1_141' title='bbox 2875 2590 3105 2631; x_wconf 89' lang='lat' dir='ltr'><strong>omnes</strong></span> <span class='ocrx_word' id='word_1_142' title='bbox 3153 2570 3459 2631; x_wconf 90' lang='lat' dir='ltr'><strong>subditos</strong></span> 
     </span>
     <span class='ocr_line' id='line_1_18' title="bbox 732 2663 3453 2763; baseline 0 -20"><span class='ocrx_word' id='word_1_143' title='bbox 732 2684 998 2743; x_wconf 83' lang='lat' dir='ltr'><strong>extendi</strong></span> <span class='ocrx_word' id='word_1_144' title='bbox 1057 2684 1309 2757; x_wconf 87' lang='lat' dir='ltr'><strong>debeat,</strong></span> <span class='ocrx_word' id='word_1_145' title='bbox 1355 2687 1656 2763; x_wconf 86' lang='lat' dir='ltr'><strong>precipue</strong></span> <span class='ocrx_word' id='word_1_146' title='bbox 1716 2695 1934 2745; x_wconf 87' lang='lat' dir='ltr'><strong>tamen</strong></span> <span class='ocrx_word' id='word_1_147' title='bbox 1998 2686 2141 2745; x_wconf 89' lang='lat' dir='ltr'><strong>viris</strong></span> <span class='ocrx_word' id='word_1_148' title='bbox 2188 2685 2311 2745; x_wconf 91' lang='lat' dir='ltr'><strong>deo</strong></span> <span class='ocrx_word' id='word_1_149' title='bbox 2358 2663 2815 2746; x_wconf 79' lang='lat' dir='ltr'><strong>famulantibus</strong></span> <span class='ocrx_word' id='word_1_150' title='bbox 2882 2686 3018 2745; x_wconf 89' lang='lat' dir='ltr'><strong>eius</strong></span> <span class='ocrx_word' id='word_1_151' title='bbox 3065 2702 3199 2744; x_wconf 91' lang='lat' dir='ltr'><strong>non</strong></span> <span class='ocrx_word' id='word_1_152' title='bbox 3248 2683 3453 2743; x_wconf 87' lang='lat' dir='ltr'><strong>debet</strong></span> 
     </span>
     <span class='ocr_line' id='line_1_19' title="bbox 727 2790 3449 2880; baseline -0 -24"><span class='ocrx_word' id='word_1_153' title='bbox 727 2816 865 2857; x_wconf 89' lang='lat' dir='ltr'><strong>esse</strong></span> <span class='ocrx_word' id='word_1_154' title='bbox 911 2798 1122 2877; x_wconf 83' lang='lat' dir='ltr'><strong>gracia</strong></span> <span class='ocrx_word' id='word_1_155' title='bbox 1167 2797 1390 2869; x_wconf 89' lang='lat' dir='ltr'><strong>aliena,</strong></span> <span class='ocrx_word' id='word_1_156' title='bbox 1439 2816 1585 2858; x_wconf 91' lang='lat' dir='ltr'><strong>cum</strong></span> <span class='ocrx_word' id='word_1_157' title='bbox 1634 2816 1764 2857; x_wconf 89' lang='lat' dir='ltr'><strong>non</strong></span> <span class='ocrx_word' id='word_1_158' title='bbox 1812 2798 2023 2858; x_wconf 88' lang='lat' dir='ltr'><strong>solum</strong></span> <span class='ocrx_word' id='word_1_159' title='bbox 2070 2817 2263 2871; x_wconf 89' lang='lat' dir='ltr'><strong>arma,</strong></span> <span class='ocrx_word' id='word_1_160' title='bbox 2308 2798 2421 2859; x_wconf 93' lang='lat' dir='ltr'><strong>sed</strong></span> <span class='ocrx_word' id='word_1_161' title='bbox 2454 2807 2520 2858; x_wconf 92' lang='lat' dir='ltr'><strong>et</strong></span> <span class='ocrx_word' id='word_1_162' title='bbox 2550 2816 2772 2876; x_wconf 87' lang='lat' dir='ltr'><strong>preces</strong></span> <span class='ocrx_word' id='word_1_163' title='bbox 2803 2799 2908 2877; x_wconf 89' lang='lat' dir='ltr'><strong>pie</strong></span> <span class='ocrx_word' id='word_1_164' title='bbox 2940 2790 3449 2880; x_wconf 87' lang='lat' dir='ltr'><strong>iuven[an]cium</strong></span> 
     </span>
     <span class='ocr_line' id='line_1_20' title="bbox 728 2911 3451 2994; baseline 0 -24"><span class='ocrx_word' id='word_1_165' title='bbox 728 2920 1025 2971; x_wconf 86' lang='lat' dir='ltr'><strong>tueantur</strong></span> <span class='ocrx_word' id='word_1_166' title='bbox 1069 2930 1338 2992; x_wconf 88' lang='lat' dir='ltr'><strong>regnum</strong></span> <span class='ocrx_word' id='word_1_167' title='bbox 1382 2923 1449 2972; x_wconf 83' lang='lat' dir='ltr'><strong>et</strong></span> <span class='ocrx_word' id='word_1_168' title='bbox 1495 2913 1740 2994; x_wconf 87' lang='lat' dir='ltr'><strong>regium</strong></span> <span class='ocrx_word' id='word_1_169' title='bbox 1787 2911 2127 2990; x_wconf 81' lang='lat' dir='ltr'><strong>dyadema.</strong></span> <span class='ocrx_word' id='word_1_170' title='bbox 2200 2911 2471 2972; x_wconf 86' lang='lat' dir='ltr'><strong>Proinde</strong></span> <span class='ocrx_word' id='word_1_171' title='bbox 2516 2912 2601 2972; x_wconf 90' lang='lat' dir='ltr'><strong>ad</strong></span> <span class='ocrx_word' id='word_1_172' title='bbox 2648 2913 3091 2972; x_wconf 88' lang='lat' dir='ltr'><strong>universorum</strong></span> <span class='ocrx_word' id='word_1_173' title='bbox 3141 2913 3451 2970; x_wconf 87' lang='lat' dir='ltr'><strong>noticiam</strong></span> 
     </span>
     <span class='ocr_line' id='line_1_21' title="bbox 730 3023 3455 3103; baseline -0.001 -19"><span class='ocrx_word' id='word_1_174' title='bbox 730 3035 951 3084; x_wconf 86' lang='lat' dir='ltr'><strong>tenore</strong></span> <span class='ocrx_word' id='word_1_175' title='bbox 996 3026 1396 3102; x_wconf 89' lang='lat' dir='ltr'><strong>presencium</strong></span> <span class='ocrx_word' id='word_1_176' title='bbox 1445 3024 1742 3085; x_wconf 84' lang='lat' dir='ltr'><strong>volumus</strong></span> <span class='ocrx_word' id='word_1_177' title='bbox 1784 3027 2133 3103; x_wconf 86' lang='lat' dir='ltr'><strong>prevenire,</strong></span> <span class='ocrx_word' id='word_1_178' title='bbox 2178 3025 2353 3103; x_wconf 92' lang='lat' dir='ltr'><strong>quod</strong></span> <span class='ocrx_word' id='word_1_179' title='bbox 2399 3043 2547 3085; x_wconf 92' lang='lat' dir='ltr'><strong>cum</strong></span> <span class='ocrx_word' id='word_1_180' title='bbox 2598 3025 2801 3084; x_wconf 88' lang='lat' dir='ltr'><strong>abbas</strong></span> <span class='ocrx_word' id='word_1_181' title='bbox 2834 3034 2899 3083; x_wconf 90' lang='lat' dir='ltr'><strong>et</strong></span> <span class='ocrx_word' id='word_1_182' title='bbox 2934 3025 3158 3084; x_wconf 79' lang='lat' dir='ltr'><strong>{ratres</strong></span> <span class='ocrx_word' id='word_1_183' title='bbox 3204 3023 3455 3083; x_wconf 88' lang='lat' dir='ltr'><strong>ordinis</strong></span> 
     </span>
     <span class='ocr_line' id='line_1_22' title="bbox 729 3134 3454 3218; baseline -0.002 -18"><span class='ocrx_word' id='word_1_184' title='bbox 729 3134 1185 3214; x_wconf 84' lang='lat' dir='ltr'><strong>Cystcrciensis</strong></span> <span class='ocrx_word' id='word_1_185' title='bbox 1231 3137 1314 3197; x_wconf 91' lang='lat' dir='ltr'><strong>de</strong></span> <span class='ocrx_word' id='word_1_186' title='bbox 1358 3137 1646 3216; x_wconf 89' lang='lat' dir='ltr'><strong>Toplica‚</strong></span> <span class='ocrx_word' id='word_1_187' title='bbox 1693 3136 2132 3218; x_wconf 85' lang='lat' dir='ltr'><strong>Zagrabiensis</strong></span> <span class='ocrx_word' id='word_1_188' title='bbox 2178 3136 2528 3216; x_wconf 87' lang='lat' dir='ltr'><strong>dyoecesis,</strong></span> <span class='ocrx_word' id='word_1_189' title='bbox 2560 3140 2620 3196; x_wconf 88' lang='lat' dir='ltr'><strong>in</strong></span> <span class='ocrx_word' id='word_1_190' title='bbox 2656 3137 2861 3196; x_wconf 91' lang='lat' dir='ltr'><strong>insula</strong></span> <span class='ocrx_word' id='word_1_191' title='bbox 2908 3137 3109 3196; x_wconf 90' lang='lat' dir='ltr'><strong>sancti</strong></span> <span class='ocrx_word' id='word_1_192' title='bbox 3147 3135 3454 3205; x_wconf 85' lang='lat' dir='ltr'><strong>Ladizlai,</strong></span> 
     </span>
     <span class='ocr_line' id='line_1_23' title="bbox 731 3248 3454 3330; baseline -0.001 -20"><span class='ocrx_word' id='word_1_193' title='bbox 731 3268 854 3328; x_wconf 91' lang='lat' dir='ltr'><strong>que</strong></span> <span class='ocrx_word' id='word_1_194' title='bbox 916 3253 1087 3328; x_wconf 88' lang='lat' dir='ltr'><strong>prius</strong></span> <span class='ocrx_word' id='word_1_195' title='bbox 1150 3249 1458 3330; x_wconf 87' lang='lat' dir='ltr'><strong>Wyhugh</strong></span> <span class='ocrx_word' id='word_1_196' title='bbox 1519 3251 2023 3328; x_wconf 86' lang='lat' dir='ltr'><strong>nuncupabatur,</strong></span> <span class='ocrx_word' id='word_1_197' title='bbox 2086 3251 2305 3309; x_wconf 89' lang='lat' dir='ltr'><strong>turrim</strong></span> <span class='ocrx_word' id='word_1_198' title='bbox 2353 3258 2418 3308; x_wconf 93' lang='lat' dir='ltr'><strong>et</strong></span> <span class='ocrx_word' id='word_1_199' title='bbox 2460 3249 2697 3310; x_wconf 87' lang='lat' dir='ltr'><strong>domos</strong></span> <span class='ocrx_word' id='word_1_200' title='bbox 2742 3269 2861 3327; x_wconf 89' lang='lat' dir='ltr'><strong>pro</strong></span> <span class='ocrx_word' id='word_1_201' title='bbox 2909 3248 3291 3309; x_wconf 88' lang='lat' dir='ltr'><strong>defensione</strong></span> <span class='ocrx_word' id='word_1_202' title='bbox 3338 3268 3454 3308; x_wconf 84' lang='lat' dir='ltr'><strong>sua</strong></span> 
     </span>
     <span class='ocr_line' id='line_1_24' title="bbox 728 3361 3447 3442; baseline -0.001 -20"><span class='ocrx_word' id='word_1_203' title='bbox 728 3375 792 3422; x_wconf 86' lang='lat' dir='ltr'><strong>et</strong></span> <span class='ocrx_word' id='word_1_204' title='bbox 839 3363 1150 3441; x_wconf 82' lang='lat' dir='ltr'><strong>obsequio</strong></span> <span class='ocrx_word' id='word_1_205' title='bbox 1198 3365 1373 3442; x_wconf 88' lang='lat' dir='ltr'><strong>regio</strong></span> <span class='ocrx_word' id='word_1_206' title='bbox 1421 3363 1503 3424; x_wconf 93' lang='lat' dir='ltr'><strong>de</strong></span> <span class='ocrx_word' id='word_1_207' title='bbox 1551 3373 1768 3422; x_wconf 89' lang='lat' dir='ltr'><strong>nostro</strong></span> <span class='ocrx_word' id='word_1_208' title='bbox 1816 3381 2134 3423; x_wconf 89' lang='lat' dir='ltr'><strong>consensu</strong></span> <span class='ocrx_word' id='word_1_209' title='bbox 2165 3373 2531 3422; x_wconf 80' lang='lat' dir='ltr'><strong>construere</strong></span> <span class='ocrx_word' id='word_1_210' title='bbox 2577 3363 2914 3440; x_wconf 88' lang='lat' dir='ltr'><strong>cepissent,</strong></span> <span class='ocrx_word' id='word_1_211' title='bbox 2963 3373 3031 3422; x_wconf 87' lang='lat' dir='ltr'><strong>ut</strong></span> <span class='ocrx_word' id='word_1_212' title='bbox 3082 3362 3143 3421; x_wconf 90' lang='lat' dir='ltr'><strong>in</strong></span> <span class='ocrx_word' id='word_1_213' title='bbox 3178 3361 3447 3421; x_wconf 88' lang='lat' dir='ltr'><strong>easdem</strong></span> 
     </span>
     <span class='ocr_line' id='line_1_25' title="bbox 728 3475 3451 3562; baseline -0.001 -28"><span class='ocrx_word' id='word_1_214' title='bbox 728 3493 797 3534; x_wconf 91' lang='lat' dir='ltr'><strong>se</strong></span> <span class='ocrx_word' id='word_1_215' title='bbox 857 3475 1254 3535; x_wconf 83' lang='lat' dir='ltr'><strong>adversitatis</strong></span> <span class='ocrx_word' id='word_1_216' title='bbox 1313 3485 1607 3554; x_wconf 90' lang='lat' dir='ltr'><strong>tempore</strong></span> <span class='ocrx_word' id='word_1_217' title='bbox 1666 3476 1918 3536; x_wconf 90' lang='lat' dir='ltr'><strong>valeant</strong></span> <span class='ocrx_word' id='word_1_218' title='bbox 1979 3485 2303 3553; x_wconf 86' lang='lat' dir='ltr'><strong>receptare</strong></span> <span class='ocrx_word' id='word_1_219' title='bbox 2364 3485 2429 3535; x_wconf 90' lang='lat' dir='ltr'><strong>et</strong></span> <span class='ocrx_word' id='word_1_220' title='bbox 2489 3484 2653 3562; x_wconf 82' lang='lat' dir='ltr'><strong>terre</strong></span> <span class='ocrx_word' id='word_1_221' title='bbox 2717 3477 2999 3553; x_wconf 90' lang='lat' dir='ltr'><strong>ipsorum</strong></span> <span class='ocrx_word' id='word_1_222' title='bbox 3066 3475 3323 3534; x_wconf 89' lang='lat' dir='ltr'><strong>abbatis</strong></span> <span class='ocrx_word' id='word_1_223' title='bbox 3385 3488 3451 3534; x_wconf 87' lang='lat' dir='ltr'><strong>et</strong></span> 
     </span>
     <span class='ocr_line' id='line_1_26' title="bbox 730 3587 3449 3666; baseline 0 -20"><span class='ocrx_word' id='word_1_224' title='bbox 730 3587 1010 3660; x_wconf 84' lang='lat' dir='ltr'><strong>fratrum,</strong></span> <span class='ocrx_word' id='word_1_225' title='bbox 1077 3588 1158 3647; x_wconf 87' lang='lat' dir='ltr'><strong>de</strong></span> <span class='ocrx_word' id='word_1_226' title='bbox 1218 3588 1448 3666; x_wconf 91' lang='lat' dir='ltr'><strong>quibus</strong></span> <span class='ocrx_word' id='word_1_227' title='bbox 1507 3588 1789 3666; x_wconf 87' lang='lat' dir='ltr'><strong>predicte</strong></span> <span class='ocrx_word' id='word_1_228' title='bbox 1850 3590 2034 3647; x_wconf 85' lang='lat' dir='ltr'><strong>turris</strong></span> <span class='ocrx_word' id='word_1_229' title='bbox 2094 3598 2156 3648; x_wconf 92' lang='lat' dir='ltr'><strong>et</strong></span> <span class='ocrx_word' id='word_1_230' title='bbox 2216 3587 2450 3648; x_wconf 87' lang='lat' dir='ltr'><strong>domus</strong></span> <span class='ocrx_word' id='word_1_231' title='bbox 2502 3597 2723 3666; x_wconf 88' lang='lat' dir='ltr'><strong>posset</strong></span> <span class='ocrx_word' id='word_1_232' title='bbox 2770 3590 2999 3648; x_wconf 86' lang='lat' dir='ltr'><strong>muniri</strong></span> <span class='ocrx_word' id='word_1_233' title='bbox 3048 3587 3449 3655; x_wconf 72' lang='lat' dir='ltr'><strong>victualibuS,</strong></span> 
     </span>
     <span class='ocr_line' id='line_1_27' title="bbox 728 3700 3449 3780; baseline 0 -21"><span class='ocrx_word' id='word_1_234' title='bbox 728 3700 1082 3761; x_wconf 88' lang='lat' dir='ltr'><strong>admodum</strong></span> <span class='ocrx_word' id='word_1_235' title='bbox 1131 3701 1252 3760; x_wconf 86' lang='lat' dir='ltr'><strong>sint</strong></span> <span class='ocrx_word' id='word_1_236' title='bbox 1301 3713 1561 3760; x_wconf 89' lang='lat' dir='ltr'><strong>remote.</strong></span> <span class='ocrx_word' id='word_1_237' title='bbox 1610 3700 1922 3761; x_wconf 87' lang='lat' dir='ltr'><strong>Volentes</strong></span> <span class='ocrx_word' id='word_1_238' title='bbox 1966 3719 2169 3778; x_wconf 91' lang='lat' dir='ltr'><strong>prope</strong></span> <span class='ocrx_word' id='word_1_239' title='bbox 2214 3713 2490 3762; x_wconf 83' lang='lat' dir='ltr'><strong>castrum</strong></span> <span class='ocrx_word' id='word_1_240' title='bbox 2537 3701 2899 3779; x_wconf 87' lang='lat' dir='ltr'><strong>predictum</strong></span> <span class='ocrx_word' id='word_1_241' title='bbox 2932 3704 2995 3760; x_wconf 91' lang='lat' dir='ltr'><strong>in</strong></span> <span class='ocrx_word' id='word_1_242' title='bbox 3028 3701 3245 3780; x_wconf 89' lang='lat' dir='ltr'><strong>aliqua</strong></span> <span class='ocrx_word' id='word_1_243' title='bbox 3278 3710 3449 3760; x_wconf 84' lang='lat' dir='ltr'><strong>terra</strong></span> 
     </span>
     <span class='ocr_line' id='line_1_28' title="bbox 727 3813 3437 3894; baseline -0 -20"><span class='ocrx_word' id='word_1_244' title='bbox 727 3814 880 3887; x_wconf 90' lang='lat' dir='ltr'><strong>utili,</strong></span> <span class='ocrx_word' id='word_1_245' title='bbox 913 3815 973 3873; x_wconf 87' lang='lat' dir='ltr'><strong>in</strong></span> <span class='ocrx_word' id='word_1_246' title='bbox 1008 3832 1133 3892; x_wconf 87' lang='lat' dir='ltr'><strong>qua</strong></span> <span class='ocrx_word' id='word_1_247' title='bbox 1166 3814 1280 3872; x_wconf 88' lang='lat' dir='ltr'><strong>sibi</strong></span> <span class='ocrx_word' id='word_1_248' title='bbox 1328 3816 1658 3894; x_wconf 83' lang='lat' dir='ltr'><strong>grangiam</strong></span> <span class='ocrx_word' id='word_1_249' title='bbox 1703 3813 1937 3873; x_wconf 86' lang='lat' dir='ltr'><strong>saciant</strong></span> <span class='ocrx_word' id='word_1_250' title='bbox 1982 3813 2335 3892; x_wconf 88' lang='lat' dir='ltr'><strong>providere,</strong></span> <span class='ocrx_word' id='word_1_251' title='bbox 2382 3825 2614 3874; x_wconf 89' lang='lat' dir='ltr'><strong>terram</strong></span> <span class='ocrx_word' id='word_1_252' title='bbox 2664 3814 2945 3875; x_wconf 88' lang='lat' dir='ltr'><strong>Pridislai</strong></span> <span class='ocrx_word' id='word_1_253' title='bbox 2994 3824 3057 3873; x_wconf 88' lang='lat' dir='ltr'><strong>et</strong></span> <span class='ocrx_word' id='word_1_254' title='bbox 3108 3813 3437 3894; x_wconf 88' lang='lat' dir='ltr'><strong>Ludugari</strong></span> 
     </span>
     <span class='ocr_line' id='line_1_29' title="bbox 730 3923 3433 4004; baseline 0 -18"><span class='ocrx_word' id='word_1_255' title='bbox 730 3929 990 3986; x_wconf 87' lang='lat' dir='ltr'><strong>nomine</strong></span> <span class='ocrx_word' id='word_1_256' title='bbox 1056 3923 1241 3988; x_wconf 89' lang='lat' dir='ltr'><strong>Crala</strong></span> <span class='ocrx_word' id='word_1_257' title='bbox 1287 3945 1435 3986; x_wconf 92' lang='lat' dir='ltr'><strong>cum</strong></span> <span class='ocrx_word' id='word_1_258' title='bbox 1498 3926 1797 3986; x_wconf 90' lang='lat' dir='ltr'><strong>omnibus</strong></span> <span class='ocrx_word' id='word_1_259' title='bbox 1856 3928 2260 4004; x_wconf 87' lang='lat' dir='ltr'><strong>pertinenciis</strong></span> <span class='ocrx_word' id='word_1_260' title='bbox 2320 3930 2463 4000; x_wconf 82' lang='lat' dir='ltr'><strong>suiS,</strong></span> <span class='ocrx_word' id='word_1_261' title='bbox 2525 3927 2693 3987; x_wconf 85' lang='lat' dir='ltr'><strong>silvis</strong></span> <span class='ocrx_word' id='word_1_262' title='bbox 2753 3927 3071 4004; x_wconf 88' lang='lat' dir='ltr'><strong>videlicet,</strong></span> <span class='ocrx_word' id='word_1_263' title='bbox 3116 3926 3325 3987; x_wconf 89' lang='lat' dir='ltr'><strong>insula</strong></span> <span class='ocrx_word' id='word_1_264' title='bbox 3370 3941 3433 3986; x_wconf 90' lang='lat' dir='ltr'><strong>et</strong></span> 
     </span>
     <span class='ocr_line' id='line_1_30' title="bbox 727 4038 3449 4118; baseline 0 -20"><span class='ocrx_word' id='word_1_265' title='bbox 727 4039 1192 4118; x_wconf 88' lang='lat' dir='ltr'><strong>piscacionibus</strong></span> <span class='ocrx_word' id='word_1_266' title='bbox 1252 4038 1636 4098; x_wconf 90' lang='lat' dir='ltr'><strong>contulimus</strong></span> <span class='ocrx_word' id='word_1_267' title='bbox 1696 4038 1996 4116; x_wconf 86' lang='lat' dir='ltr'><strong>predictis</strong></span> <span class='ocrx_word' id='word_1_268' title='bbox 2056 4039 2271 4100; x_wconf 89' lang='lat' dir='ltr'><strong>abbati</strong></span> <span class='ocrx_word' id='word_1_269' title='bbox 2321 4051 2385 4100; x_wconf 91' lang='lat' dir='ltr'><strong>et</strong></span> <span class='ocrx_word' id='word_1_270' title='bbox 2428 4040 2721 4100; x_wconf 77' lang='lat' dir='ltr'><strong>iratribus</strong></span> <span class='ocrx_word' id='word_1_271' title='bbox 2775 4059 2895 4118; x_wconf 89' lang='lat' dir='ltr'><strong>pro</strong></span> <span class='ocrx_word' id='word_1_272' title='bbox 2940 4041 3449 4100; x_wconf 84' lang='lat' dir='ltr'><strong>conservacione</strong></span> 
     </span>
     <span class='ocr_line' id='line_1_31' title="bbox 728 4151 3447 4230; baseline 0 -19"><span class='ocrx_word' id='word_1_273' title='bbox 728 4151 896 4211; x_wconf 90' lang='lat' dir='ltr'><strong>dicte</strong></span> <span class='ocrx_word' id='word_1_274' title='bbox 943 4153 1126 4211; x_wconf 87' lang='lat' dir='ltr'><strong>turris</strong></span> <span class='ocrx_word' id='word_1_275' title='bbox 1157 4161 1219 4210; x_wconf 93' lang='lat' dir='ltr'><strong>et</strong></span> <span class='ocrx_word' id='word_1_276' title='bbox 1253 4151 1594 4211; x_wconf 91' lang='lat' dir='ltr'><strong>domorum</strong></span> <span class='ocrx_word' id='word_1_277' title='bbox 1643 4170 1903 4211; x_wconf 87' lang='lat' dir='ltr'><strong>suorum</strong></span> <span class='ocrx_word' id='word_1_278' title='bbox 1951 4161 2261 4230; x_wconf 89' lang='lat' dir='ltr'><strong>perpetuo</strong></span> <span class='ocrx_word' id='word_1_279' title='bbox 2308 4153 2787 4230; x_wconf 87' lang='lat' dir='ltr'><strong>possidendam,</strong></span> <span class='ocrx_word' id='word_1_280' title='bbox 2817 4153 2939 4213; x_wconf 88' lang='lat' dir='ltr'><strong>sub</strong></span> <span class='ocrx_word' id='word_1_281' title='bbox 2972 4152 3217 4213; x_wconf 87' lang='lat' dir='ltr'><strong>eisdem</strong></span> <span class='ocrx_word' id='word_1_282' title='bbox 3258 4155 3447 4212; x_wconf 91' lang='lat' dir='ltr'><strong>metis</strong></span> 
     </span>
     <span class='ocr_line' id='line_1_32' title="bbox 726 4263 3443 4346; baseline 0 -23"><span class='ocrx_word' id='word_1_283' title='bbox 726 4277 790 4324; x_wconf 87' lang='lat' dir='ltr'><strong>et</strong></span> <span class='ocrx_word' id='word_1_284' title='bbox 836 4265 1136 4337; x_wconf 78' lang='lat' dir='ltr'><strong>termini5‚</strong></span> <span class='ocrx_word' id='word_1_285' title='bbox 1184 4264 1413 4341; x_wconf 87' lang='lat' dir='ltr'><strong>quibus</strong></span> <span class='ocrx_word' id='word_1_286' title='bbox 1459 4264 1665 4324; x_wconf 90' lang='lat' dir='ltr'><strong>dictus</strong></span> <span class='ocrx_word' id='word_1_287' title='bbox 1713 4264 2050 4324; x_wconf 83' lang='lat' dir='ltr'><strong>Pridizlaus</strong></span> <span class='ocrx_word' id='word_1_288' title='bbox 2096 4275 2160 4325; x_wconf 92' lang='lat' dir='ltr'><strong>et</strong></span> <span class='ocrx_word' id='word_1_289' title='bbox 2204 4263 2645 4346; x_wconf 88' lang='lat' dir='ltr'><strong>Ludiganus(!)</strong></span> <span class='ocrx_word' id='word_1_290' title='bbox 2694 4266 2969 4326; x_wconf 88' lang='lat' dir='ltr'><strong>eandem</strong></span> <span class='ocrx_word' id='word_1_291' title='bbox 3020 4265 3443 4326; x_wconf 85' lang='lat' dir='ltr'><strong>dinoscuntur</strong></span> 
     </span>
     <span class='ocr_line' id='line_1_33' title="bbox 727 4376 3445 4457; baseline 0.001 -21"><span class='ocrx_word' id='word_1_292' title='bbox 727 4376 1104 4456; x_wconf 83' lang='lat' dir='ltr'><strong>possedisse.</strong></span> <span class='ocrx_word' id='word_1_293' title='bbox 1141 4376 1228 4438; x_wconf 88' lang='lat' dir='ltr'><strong>Ut</strong></span> <span class='ocrx_word' id='word_1_294' title='bbox 1258 4377 1445 4456; x_wconf 88' lang='lat' dir='ltr'><strong>igitur</strong></span> <span class='ocrx_word' id='word_1_295' title='bbox 1477 4377 1594 4436; x_wconf 87' lang='lat' dir='ltr'><strong>hec</strong></span> <span class='ocrx_word' id='word_1_296' title='bbox 1626 4387 1842 4436; x_wconf 87' lang='lat' dir='ltr'><strong>nostra</strong></span> <span class='ocrx_word' id='word_1_297' title='bbox 1874 4377 2148 4437; x_wconf 89' lang='lat' dir='ltr'><strong>donacio</strong></span> <span class='ocrx_word' id='word_1_298' title='bbox 2180 4378 2372 4437; x_wconf 90' lang='lat' dir='ltr'><strong>robur</strong></span> <span class='ocrx_word' id='word_1_299' title='bbox 2416 4389 2725 4457; x_wconf 87' lang='lat' dir='ltr'><strong>perpetue</strong></span> <span class='ocrx_word' id='word_1_300' title='bbox 2772 4379 3061 4439; x_wconf 86' lang='lat' dir='ltr'><strong>obtineat</strong></span> <span class='ocrx_word' id='word_1_301' title='bbox 3109 4377 3445 4450; x_wconf 83' lang='lat' dir='ltr'><strong>firmitatiS‚</strong></span> 
     </span>
     <span class='ocr_line' id='line_1_34' title="bbox 727 4489 3447 4572; baseline 0.002 -24"><span class='ocrx_word' id='word_1_302' title='bbox 727 4498 1054 4567; x_wconf 87' lang='lat' dir='ltr'><strong>presentes</strong></span> <span class='ocrx_word' id='word_1_303' title='bbox 1099 4489 1336 4549; x_wconf 89' lang='lat' dir='ltr'><strong>litteras</strong></span> <span class='ocrx_word' id='word_1_304' title='bbox 1376 4491 1436 4549; x_wconf 88' lang='lat' dir='ltr'><strong>in</strong></span> <span class='ocrx_word' id='word_1_305' title='bbox 1472 4491 1907 4550; x_wconf 87' lang='lat' dir='ltr'><strong>testimonium</strong></span> <span class='ocrx_word' id='word_1_306' title='bbox 1955 4490 2091 4551; x_wconf 88' lang='lat' dir='ltr'><strong>dari</strong></span> <span class='ocrx_word' id='word_1_307' title='bbox 2136 4491 2403 4551; x_wconf 85' lang='lat' dir='ltr'><strong>fecimus</strong></span> <span class='ocrx_word' id='word_1_308' title='bbox 2448 4491 2627 4572; x_wconf 88' lang='lat' dir='ltr'><strong>sigilli</strong></span> <span class='ocrx_word' id='word_1_309' title='bbox 2678 4495 2872 4552; x_wconf 86' lang='lat' dir='ltr'><strong>nostri</strong></span> <span class='ocrx_word' id='word_1_310' title='bbox 2926 4492 3284 4552; x_wconf 89' lang='lat' dir='ltr'><strong>munimine</strong></span> <span class='ocrx_word' id='word_1_311' title='bbox 3331 4491 3447 4553; x_wconf 89' lang='lat' dir='ltr'><strong>du-</strong></span> 
     </span>
     <span class='ocr_line' id='line_1_35' title="bbox 725 4599 3447 4686; baseline 0.001 -26"><span class='ocrx_word' id='word_1_312' title='bbox 725 4601 904 4680; x_wconf 89' lang='lat' dir='ltr'><strong>plicis</strong></span> <span class='ocrx_word' id='word_1_313' title='bbox 950 4601 1298 4662; x_wconf 62' lang='lat' dir='ltr'><strong>roboratas</strong></span> <span class='ocrx_word' id='word_1_314' title='bbox 1345 4599 1544 4661; x_wconf 86' lang='lat' dir='ltr'><strong>Anno</strong></span> <span class='ocrx_word' id='word_1_315' title='bbox 1577 4603 1660 4661; x_wconf 86' lang='lat' dir='ltr'><strong>ab</strong></span> <span class='ocrx_word' id='word_1_316' title='bbox 1693 4603 2138 4663; x_wconf 88' lang='lat' dir='ltr'><strong>incarnacione</strong></span> <span class='ocrx_word' id='word_1_317' title='bbox 2171 4603 2413 4663; x_wconf 90' lang='lat' dir='ltr'><strong>domini</strong></span> <span class='ocrx_word' id='word_1_318' title='bbox 2465 4602 2649 4668; x_wconf 88' lang='lat' dir='ltr'><strong>MCC</strong></span> <span class='ocrx_word' id='word_1_319' title='bbox 2683 4600 3164 4686; x_wconf 82' lang='lat' dir='ltr'><strong>(sexagesimo),</strong></span> <span class='ocrx_word' id='word_1_320' title='bbox 3213 4614 3447 4684; x_wconf 90' lang='lat' dir='ltr'><strong>quarto</strong></span> 
     </span>
     <span class='ocr_line' id='line_1_36' title="bbox 727 4713 2507 4794; baseline 0.002 -20"><span class='ocrx_word' id='word_1_321' title='bbox 727 4713 1036 4776; x_wconf 87' lang='lat' dir='ltr'><strong>kalendas</strong></span> <span class='ocrx_word' id='word_1_322' title='bbox 1082 4717 1314 4786; x_wconf 88' lang='lat' dir='ltr'><strong>marcii,</strong></span> <span class='ocrx_word' id='word_1_323' title='bbox 1365 4715 1540 4794; x_wconf 87' lang='lat' dir='ltr'><strong>regni</strong></span> <span class='ocrx_word' id='word_1_324' title='bbox 1587 4725 1801 4774; x_wconf 87' lang='lat' dir='ltr'><strong>autem</strong></span> <span class='ocrx_word' id='word_1_325' title='bbox 1849 4718 2044 4775; x_wconf 87' lang='lat' dir='ltr'><strong>nostri</strong></span> <span class='ocrx_word' id='word_1_326' title='bbox 2094 4717 2217 4776; x_wconf 89' lang='lat' dir='ltr'><strong>XX</strong></span> <span class='ocrx_word' id='word_1_327' title='bbox 2263 4718 2507 4794; x_wconf 87' lang='lat' dir='ltr'><strong>quint0.</strong></span> 
     </span>
    </p>
   </div>
   <div class='ocr_carea' id='block_1_8' title="bbox 724 4889 3440 5172">
    <p class='ocr_par' dir='ltr' id='par_1_8' title="bbox 724 4889 3440 5172">
     <span class='ocr_line' id='line_1_37' title="bbox 901 4889 2984 4967; baseline 0.002 -22"><span class='ocrx_word' id='word_1_328' title='bbox 901 4891 1250 4964; x_wconf 55' lang='lat' dir='ltr'><strong>Privilz‘gw&#39;a</strong></span> <span class='ocrx_word' id='word_1_329' title='bbox 1297 4891 1661 4945; x_wconf 78' lang='lat' dir='ltr'><strong>monasterii</strong></span> <span class='ocrx_word' id='word_1_330' title='bbox 1703 4889 1758 4948; x_wconf 88' lang='lat' dir='ltr'><strong>b.</strong></span> <span class='ocrx_word' id='word_1_331' title='bbox 1805 4910 1861 4949; x_wconf 79' lang='lat' dir='ltr'><strong>v.</strong></span> <span class='ocrx_word' id='word_1_332' title='bbox 1912 4891 2123 4947; x_wconf 65' lang='lat' dir='ltr'><strong>Asarie</strong></span> <span class='ocrx_word' id='word_1_333' title='bbox 2170 4892 2246 4947; x_wconf 85' lang='lat' dir='ltr'><strong>dc</strong></span> <span class='ocrx_word' id='word_1_334' title='bbox 2301 4893 2545 4967; x_wconf 78' lang='lat' dir='ltr'><strong>Toplica</strong></span> <span class='ocrx_word' id='word_1_335' title='bbox 2594 4913 2687 4950; x_wconf 84' lang='lat' dir='ltr'><strong>no.</strong></span> <span class='ocrx_word' id='word_1_336' title='bbox 2739 4891 2984 4950; x_wconf 88' lang='lat' dir='ltr'><em>XVIII.</em></span> 
     </span>
     <span class='ocr_line' id='line_1_38' title="bbox 909 4993 3440 5073; baseline 0.002 -23"><span class='ocrx_word' id='word_1_337' title='bbox 909 4993 1162 5050; x_wconf 71' lang='lat' dir='ltr'><strong>skalc&#39;ic!</strong></span> <span class='ocrx_word' id='word_1_338' title='bbox 1200 4993 1370 5049; x_wconf 81' lang='lat' dir='ltr'><strong>Mon.</strong></span> <span class='ocrx_word' id='word_1_339' title='bbox 1423 4995 1603 5068; x_wconf 81' lang='lat' dir='ltr'><strong>episc.</strong></span> <span class='ocrx_word' id='word_1_340' title='bbox 1654 4993 1922 5067; x_wconf 82' lang='lat' dir='ltr'><strong>Zagrab.</strong></span> <span class='ocrx_word' id='word_1_341' title='bbox 1971 4994 2019 5051; x_wconf 93' lang='lat' dir='ltr'><strong>I.</strong></span> <span class='ocrx_word' id='word_1_342' title='bbox 2072 4997 2399 5051; x_wconf 77' lang='lat'><strong><em>124—125.</em></strong></span> <span class='ocrx_word' id='word_1_343' title='bbox 2451 5031 2536 5038; x_wconf 89' lang='lat'><strong>—-</strong></span> <span class='ocrx_word' id='word_1_344' title='bbox 2599 4997 2843 5054; x_wconf 74' lang='lat' dir='ltr'><strong>IVenzel</strong></span> <span class='ocrx_word' id='word_1_345' title='bbox 2892 4997 3034 5055; x_wconf 78' lang='lat' dir='ltr'><strong>cod.</strong></span> <span class='ocrx_word' id='word_1_346' title='bbox 3090 4997 3240 5073; x_wconf 79' lang='lat' dir='ltr'><strong>dipl.</strong></span> <span class='ocrx_word' id='word_1_347' title='bbox 3289 4997 3440 5072; x_wconf 82' lang='lat' dir='ltr'><strong>Arp.</strong></span> 
     </span>
     <span class='ocr_line' id='line_1_39' title="bbox 724 5098 2539 5172; baseline 0.003 -19"><span class='ocrx_word' id='word_1_348' title='bbox 724 5105 875 5154; x_wconf 85' lang='lat' dir='ltr'><strong>cont.</strong></span> <span class='ocrx_word' id='word_1_349' title='bbox 933 5098 1045 5156; x_wconf 76' lang='lat' dir='ltr'><strong>XI.</strong></span> <span class='ocrx_word' id='word_1_350' title='bbox 1102 5102 1452 5156; x_wconf 72' lang='lat'><em>478—4?9.</em></span> <span class='ocrx_word' id='word_1_351' title='bbox 1501 5133 1583 5139; x_wconf 86' lang='lat'><strong>—-</strong></span> <span class='ocrx_word' id='word_1_352' title='bbox 1631 5098 2009 5172; x_wconf 74' lang='lat' dir='ltr'><strong>Kukuljevic&#39;</strong></span> <span class='ocrx_word' id='word_1_353' title='bbox 2054 5101 2204 5172; x_wconf 80' lang='lat' dir='ltr'><strong>Reg.</strong></span> <span class='ocrx_word' id='word_1_354' title='bbox 2254 5119 2348 5156; x_wconf 73' lang='lat' dir='ltr'><strong>na.</strong></span> <span class='ocrx_word' id='word_1_355' title='bbox 2408 5104 2539 5158; x_wconf 83' lang='lat'><em>788.</em></span> 
     </span>
    </p>
   </div>
  </div>
 </body>
</html>
