3797 5795
1599 361 2002 423 -303—

440 547 775 608 lestatores
822 549 1181 610 huiusmodi
1230 561 1347 610 etc.
1398 549 1638 612 Datum
1687 551 1859 631 apud
1913 552 2154 614 L'rbem
2189 563 2468 614 veterem
2505 553 2710 614 idibus
2758 554 2899 628 iulii,
2947 559 3154 634 ponti-

440 659 665 722 ficatus
711 664 909 722 nostri
954 681 1127 723 anno
1176 664 1376 724 tertio.

628 873 891 930 Theiner
942 875 1112 932 Alon-
1174 875 1389 948 Hung.
1440 875 1491 932 l.
1543 895 1639 931 no.
1692 879 1830 931 495.
1878 885 1989 933 str.
2039 881 2182 932 272.
2232 879 2298 936 [ε
2344 898 2470 953 reg.
2518 879 2673 952 oreg.
2732 898 2833 936 an.
2885 879 3008 938 Jll.
3057 890 3148 956 ep.

440 980 603 1032 1812.
677 978 837 1034 Tom.
897 978 1019 1036 III.
1064 979 1195 1056 fol.
1272 979 1414 1034 336.
1468 1011 1543 1020 —-
1592 979 1830 1056 Ripolli
1884 981 2125 1038 Bullar.
2181 983 2464 1058 praedic.
2528 983 2580 1040 I.
2643 987 2774 1040 144.
2835 1015 2918 1023 —
2965 984 3156 1058 Fejje‘r

447 1083 594 1141 Cod.
657 1083 808 1159 dipl.
867 1084 912 1140 J
917 1084 978 1141 V.
1031 1087 1086 1152 3,
1136 1086 1280 1139 237.
1332 1117 1409 1126 —-
1460 1084 1744 1141 Pottlcast
1788 1087 1940 1159 Reg.
1996 1095 2163 1162 pont.
2214 1107 2310 1143 no.
2363 1091 2445 1142 18.
2459 1091 2536 1140 97
2542 1091 2597 1142 9.
2645 1119 2730 1128 —-
2777 1085 3152 1162 Kukuljer‘ic‘

440 1189 592 1260 Reg.
642 1207 735 1244 no,
789 1191 927 1244 866.

1693 1479 1882 1559 799.

436 1654 643 1729 1264,
692 1655 800 1720 19.
838 1654 1020 1737 jula.
1069 1657 1121 1722 U
1168 1653 1631 1722 cittaveehii.

446 1845 679 1908 Urbem
729 1845 774 1906 l
786 1846 809 1906 l
823 1845 856 1906 ⁷.
900 1852 1079 1929 papa
1127 1867 1164 1907 0
1210 1844 1548 1929 bz'skupzji
1602 1845 1982 1930 besens-kas,
2034 1847 2120 1908 da
2185 1845 2256 1908 bc·
2293 1867 2364 1909 se
2411 1845 2717 1931 pokort'li
2772 1847 2983 1908 meula
3033 1849 3140 1909 ka-

1400 1957 1620 2041 loa‘koj
1660 1957 2153 2044 nadbz'skupzjz'.

618 2150 915 2212 Urbanus
951 2197 1329 2210 .......
1378 2150 1625 2211 dilectis
1668 2149 1851 2210 filiis.
1905 2198 1918 2209 .
1968 2198 1979 2208 .
2029 2199 2040 2209 .
2094 2199 2104 2209 .
2155 2199 2165 2209 .
2219 2199 2230 2209 .
2276 2151 2490 2212 abbati
2540 2152 2738 2211 sancti
2772 2150 3027 2212 Martini
3061 2152 3143 2212 de

430 2281 617 2323 sacro
665 2274 885 2323 monte
936 2263 1263 2324 Pannonie
1296 2311 1551 2323 .....
1600 2263 1848 2324 decano
1898 2311 1910 2322 .
1961 2312 1971 2322 .
2021 2311 2032 2322 .
2083 2311 2093 2322 .
2142 2275 2204 2324 et
2251 2263 2638 2325 thesaurario
2685 2264 2949 2325 ecclesie
2983 2265 3145 2326 Ves-

432 2378 791 2455 primiensis
822 2390 885 2436 et
910 2375 1249 2456 jauriensis
1282 2376 1569 2436 dioceses
1610 2376 1877 2436 salutem
1913 2387 1977 2436 et
2007 2377 2426 2454 apostolicam
2461 2377 2989 2438 benrdictionem.
3037 2377 3138 2438 Ex

434 2499 613 2568 parte
676 2489 1047 2550 venerabilis
1120 2488 1323 2549 fratris
1384 2491 1577 2549 nostri
1626 2537 1637 2548 .
1687 2537 1699 2548 .
1748 2537 1759 2548 .
1822 2492 2102 2568 episcopi
2155 2489 2494 2550 Bosnensis
2561 2491 2676 2550 fuit
2729 2493 3126 2569 propositum

426 2621 649 2664 coram
698 2603 901 2675 nobis,
946 2602 1143 2682 quod,
1190 2621 1387 2680 quum
1436 2603 1677 2664 dudum
1730 2602 1998 2663 ecclesia
2047 2603 2349 2664 Bosnensi
2399 2613 2684 2676 vacante,
2715 2605 2908 2664 etiam
2957 2601 3136 2682 lapsa

430 2729 585 2788 erat,
643 2717 923 2794 peccatis
992 2717 1394 2798 exigentibus
1463 2719 1525 2776 in
1595 2716 1940 2776 hereticam
2008 2717 2403 2794 pravitatem,
2464 2717 2871 2796 Ragusiensis
2935 2716 3136 2778 archi-

426 2831 771 2909 episcopus
836 2849 917 2890 eo
988 2840 1277 2908 tempore
1360 2830 1624 2890 ecclesie
1694 2828 2230 2909 metropolitanus
2299 2828 2536 2889 ibidem
2607 2828 2954 2909 quemdam
3030 2828 3134 2889 he·

430 2945 695 3004 reticum
760 2946 821 3004 in
884 2947 1258 3022 episcopum
1320 2942 1703 3022 prefecisset,
1750 2943 1987 3003 ibidem
2053 2946 2116 3003 in
2177 2943 2408 3003 eodem
2461 2943 2722 3003 crimine
2768 2942 2851 3002 ad
2899 2942 3130 3003 eodem

426 3059 803 3135 pervenerit,
872 3056 1049 3135 quod
1118 3068 1249 3117 tam
1334 3060 1467 3135 ipse
1535 3076 1727 3135 quam
1798 3060 1934 3117 eius
2003 3057 2236 3117 subditi
2307 3056 2669 3116 huiusmodi
2741 3066 2921 3115 erant
2991 3054 3134 3115 labe

428 3172 713 3249 respersi,
760 3170 1066 3249 quodque
1126 3172 1187 3229 in
1251 3170 1531 3229 ecclesiis
1588 3171 1857 3230 civitatis
1903 3180 1967 3229 ct
2013 3169 2285 3229 diocesis
2331 3168 2674 3229 Boznensis
2742 3166 2954 3227 officia
3001 3185 3130 3227 non

426 3281 917 3343 celebrabantur
960 3283 1191 3356 divina,
1236 3284 1505 3344 scienter
1553 3282 1902 3354 tolerasset,
1947 3284 2226 3344 eundem
2274 3282 2444 3343 bone
2507 3284 2816 3342 memorie
2855 3280 3133 3361 Jacobus

430 3396 836 3456 Prenestinus
918 3398 1255 3475 episcopus
1324 3408 1475 3457 tunc
1544 3398 1605 3455 in
1676 3396 1795 3456 illis
1861 3397 2148 3474 partibus
2215 3396 2566 3475 apostolice
2634 3394 2802 3453 sedis
2869 3393 3132 3473 legatus,

424 3510 690 3590 cognito
752 3509 1031 3589 legitime
1076 3508 1159 3569 de
1204 3520 1382 3569 tante
1444 3512 1635 3589 ipsius
1696 3510 2152 3588 archiepiscopi
2225 3510 2594 3569 temeritatis
2639 3526 2928 3581 excessu,
2991 3524 3130 3584 pre-

428 3621 625 3682 fatam
676 3620 1067 3681 Bosnensem
1117 3622 1451 3683 ecclesiam
1514 3622 1880 3703 Ragusiensi
1946 3622 2227 3694 ecclesie,
2273 3624 2450 3683 cuius
2495 3631 2629 3682 erat
2675 3620 3130 3701 suffraganeuS,

422 3736 726 3817 exigente
792 3736 1041 3809 iustitia,
1086 3735 1479 3803 subtrahens.
1540 3738 1744 3814 ipsam
1806 3736 1890 3795 ab
1950 3737 2084 3796 eius
2143 3736 2536 3796 subiectione
2581 3753 2656 3793 ac
2704 3732 3130 3795 iurisdictione

422 3866 683 3926 prorsus
728 3850 985 3908 exemit.
1036 3848 1459 3909 Postmodum
1508 3868 1659 3909 vero
1706 3849 1877 3908 bone
1927 3850 2235 3910 memorie
2281 3848 2694 3926 predecessor
2755 3844 3130 3907 venerabilis

419 3961 613 4021 frater
676 3971 889 4021 noster
948 3960 1461 4041 archiepiscopus
1526 3959 1895 4023 Colocensis
1957 3964 2165 4041 primo
2228 3980 2304 4022 ac
2365 3960 2625 4020 demum
2691 3958 2862 4018 idem
2933 3956 3130 4017 archi-

418 4076 761 4153 episcopus
828 4073 1189 4133 huiusmodi
1261 4077 1599 4153 negocium
1645 4094 1730 4135 ex
1775 4076 1994 4135 animo
2062 4092 2407 4146 assumens,
2483 4092 2680 4153 quum
2759 4070 3130 4134 Colocensis

418 4186 689 4247 ecclesia
737 4189 797 4247 in
845 4189 1099 4247 civitate
1131 4199 1194 4247 et
1227 4186 1455 4247 diecesi
1500 4186 1809 4249 Bosnensi
1856 4188 2354 4248 iurisdictionem
2407 4186 2638 4246 habeat
2685 4182 3129 4262 temporalem,

420 4300 505 4360 ad
552 4299 1001 4377 extirpandam
1064 4299 1301 4361 exinde
1362 4303 1737 4378 pravitatem
1788 4300 2162 4380 predictam,
2208 4318 2354 4360 cum
2402 4299 2616 4359 m‘ultis
2662 4297 2922 4358 diversis
2969 4306 3128 4355 tem-

417 4412 681 4492 poribus
728 4414 1111 4474 exercitibus
1172 4413 1605 4475 construendo
1653 4426 1716 4475 et
1764 4413 2109 4474 reficiendo
2158 4416 2218 4473 in
2267 4413 2422 4472 locis
2467 4410 2713 4471 idoneis
2759 4418 2962 4469 castra
3011 4428 3127 4487 pro

416 4524 795 4585 defensione
860 4526 1051 4603 ipsius
1114 4526 1454 4587 Bosnensis
1501 4526 1765 4587 ecclesie
1812 4528 2080 4587 tuitione
2128 4525 2274 4586 fidei
2324 4536 2385 4585 et
2435 4524 2858 4583 hereticorum
2907 4524 3126 4581 exstir—

408 4640 696 4729 patione,
742 4657 873 4699 non
922 4641 1057 4699 sine
1106 4658 1343 4720 magno
1404 4658 1835 4719 expensarum
1898 4659 2091 4701 onere
2138 4650 2200 4699 et
2249 4655 2662 4717 personarum
2713 4634 2996 4715 periculo
3044 4634 3128 4693 la-

418 4752 739 4813 borarunt.
796 4751 981 4813 Unde
1028 4770 1229 4830 quum
1276 4753 1506 4813 eadem
1554 4765 1719 4813 terra
1765 4755 2018 4834 purgari
2065 4773 2102 4813 a
2149 4753 2460 4831 pravitate
2520 4749 2806 4829 predicta
2852 4759 3130 4825 nequeat

416 4866 551 4925 sine
599 4882 839 4945 magno
884 4866 1123 4926 auxilio
1184 4867 1451 4927 ecclesie
1522 4864 1889 4929 Colocensis
1936 4876 2001 4926 et
2049 4864 2454 4945 Ragusiensis
2499 4863 2765 4923 ecclesia
2811 4863 2872 4921 in
2921 4860 3129 4921 huius·

418 4977 593 5038 modi
668 4977 877 5039 labem
952 4979 1127 5057 lapsa
1195 4978 1457 5050 dicatur,
1522 4980 1803 5058 prefatus
1872 4981 2212 5058 episcopus
2273 4988 2336 5037 et
2397 4978 2590 5037 etiam
2660 4975 3020 5035 carissimus
3067 4974 3126 5032 in

420 5089 677 5153 Christo
745 5090 907 5152 filius
968 5103 1183 5153 noster
1230 5091 1433 5173 (Bela)
1495 5113 1607 5153 rex
1672 5092 2000 5174 Hungarie
2055 5091 2306 5153 illustris
2363 5089 2552 5149 nobis
2619 5106 2766 5149 cum
2834 5088 3129 5147 instantia
