3797 5795
1573 351 1941 414 *75-

395 545 527 596 tam
581 555 697 617 per
740 537 934 599 valles
989 558 1185 615 quam
1231 559 1345 620 per
1390 543 1586 603 colles
1647 561 1850 621 usque
1894 543 1979 604 ad
2024 537 2323 604 arborem
2386 543 2747 617 burcolcha,
2808 543 2929 603 sub
2975 560 3105 622 qua

395 660 492 711 est
551 661 726 712 meta
779 662 841 712 et
906 640 1142 714 abinde
1203 653 1535 716 descendit
1578 674 1694 735 per
1740 654 2027 716 medium
2087 657 2417 716 vinearum
2461 655 2546 716 ad
2589 655 2908 729 arborem,
2976 672 3108 734 que

395 762 559 842 zylsa
605 774 882 838 vocatur,
926 765 1046 826 sub
1087 785 1214 844 qua
1259 777 1356 828 est
1402 778 1592 842 meta,
1635 768 1870 830 abhinc
1915 767 2249 830 descendit
2288 768 2373 830 ad
2419 769 2715 831 arborem
2762 767 3112 841 ceresnasa,

397 875 508 938 ubi
551 886 648 938 est
695 887 898 952 meta;
956 878 1108 940 inde
1162 891 1296 940 tam
1342 899 1457 960 per
1501 881 1694 943 valles
1753 899 1951 962 quam
2009 900 2125 961 per
2186 881 2385 942 colles
2442 883 2691 943 venitur
2734 880 2820 942 ad
2868 863 3114 942 metam

397 991 517 1051 sub
591 991 824 1052 arbore
891 990 1239 1053 berekuesa
1327 1004 1392 1054 et
1467 994 1618 1056 inde
1677 994 1761 1056 ad
1821 995 2014 1056 aliam
2078 1004 2319 1056 metam
2380 995 2502 1055 sub
2558 993 2788 1054 arbore
2858 1011 3116 1068 nucum,

399 1102 550 1164 inde
611 1103 943 1166 descendit
988 1105 1074 1166 ad
1119 1105 1390 1168 rivulum
1461 1105 1746 1168 Katinna
1791 1109 1855 1168 in
1902 1118 2077 1168 meta
2138 1106 2259 1168 sub
2318 1106 2547 1168 arbore
2610 1105 2981 1168 cheresnefa
3048 1115 3113 1166 et

401 1216 793 1278 transeundo
840 1216 1194 1279 Katinnam
1235 1221 1297 1279 in
1347 1219 1507 1280 valle
1551 1219 1838 1281 ascendit
1883 1219 1969 1280 ad
2015 1229 2307 1281 montem
2354 1219 2438 1280 ad
2486 1228 2725 1280 metam
2760 1220 3113 1296 antiquam,

401 1329 642 1390 exinde
687 1329 1024 1390 descendit
1069 1331 1152 1392 ad
1199 1332 1468 1394 rivulum
1516 1333 1624 1411 qui
1673 1331 1892 1412 Lysna
1940 1342 2205 1394 vocatur
2262 1343 2328 1394 et
2388 1335 2453 1392 in
2499 1351 2579 1392 eo
2624 1349 2851 1412 parum
2898 1331 3117 1392 eundo

402 1444 536 1503 exit
581 1441 664 1503 ad
710 1442 901 1504 aliam
963 1443 1213 1518 vallem,
1275 1463 1400 1523 que
1446 1443 1620 1506 ducit
1667 1445 1750 1506 ad
1799 1456 2091 1507 montem
2152 1445 2235 1506 ad
2300 1457 2539 1506 metam
2604 1455 2875 1506 terream
2938 1445 3118 1504 iuxta

403 1557 592 1630 viam,
658 1556 808 1617 inde
869 1576 983 1636 per
1052 1559 1220 1618 viam
1287 1557 1690 1619 descendens
1755 1558 1925 1619 cadit
1994 1560 2057 1618 in
2144 1558 2541 1631 Waratnam,
2606 1558 2715 1618 ubi
2782 1556 3117 1618 descendit

405 1667 692 1729 Katinna
736 1670 800 1729 in
861 1670 1095 1742 eund0,
1159 1671 1376 1750 ibique
1436 1681 1533 1732 est
1593 1681 1768 1732 meta
1851 1681 1916 1731 et
1975 1690 2091 1751 per
2155 1671 2533 1732 Waratnam
2594 1669 2767 1732 vadit
2828 1671 3119 1749 superius

405 1800 611 1862 usque
670 1780 754 1842 ad
814 1782 1048 1858 locum,
1108 1783 1215 1843 ubi
1262 1785 1396 1844 exit
1443 1783 1527 1847 ad
1575 1795 1812 1845 metam
1877 1795 2152 1845 terream
2216 1785 2394 1845 iuxta
2454 1782 2704 1857 vallem,
2759 1800 2885 1861 que
2946 1780 3121 1843 vadit

405 1896 693 1972 superius
739 1894 822 1956 ad
868 1906 1129 1969 metam,
1158 1895 1308 1958 inde
1354 1915 1468 1976 per
1499 1906 1792 1958 montem
1839 1896 1923 1957 ad
1970 1907 2213 1958 metam
2268 1895 2389 1956 sub
2418 1895 2647 1956 arbore
2693 1895 3122 1966 cherasorum,

407 2007 558 2068 inde
602 2007 818 2068 eundo
878 2008 1210 2070 descendit
1256 2012 1318 2070 in
1366 2010 1653 2083 rivulum,
1716 2011 1826 2090 qui
1873 2008 2290 2071 Bursonouch
2352 2018 2615 2070 vocatur
2660 2010 2723 2069 in
2770 2017 2943 2068 meta
3000 2007 3123 2068 sub

405 2121 635 2181 arbore
705 2119 882 2199 yarfa
964 2131 1028 2181 et
1095 2141 1209 2201 per
1283 2121 1552 2184 rivulum
1623 2121 1796 2182 vadit
1863 2124 2150 2201 superius
2216 2121 2301 2182 ad
2378 2131 2616 2182 metam
2685 2120 2806 2180 sub
2888 2121 3121 2180 arbore

405 2231 771 2308 berekuefa‚
831 2234 980 2295 inde
1026 2234 1359 2296 descendit
1404 2237 1468 2295 in
1516 2233 1869 2316 Zeregnam
1916 2245 1979 2295 et
2026 2253 2140 2314 per
2170 2252 2320 2295 eum
2366 2233 2539 2294 vadit
2582 2233 2871 2312 superius
2916 2249 3119 2310 usque

405 2347 490 2406 ad
551 2356 745 2426 caput
804 2347 1092 2409 eiusdem
1153 2360 1215 2409 et
1280 2346 1430 2409 inde
1503 2347 1590 2408 ad
1651 2359 1943 2408 montem
2012 2347 2097 2408 ad
2159 2358 2403 2408 metam
2468 2345 2590 2406 sub
2650 2345 2881 2406 arbore
2944 2343 3127 2418 tulfa‚

407 2460 558 2521 inde
621 2459 951 2521 descendit
999 2462 1059 2521 in
1107 2460 1406 2524 Scemeta
1451 2472 1516 2522 et
1561 2480 1675 2540 per
1721 2479 1869 2523 eum
1918 2459 2089 2522 vadit
2150 2461 2439 2538 superius
2498 2477 2703 2537 usque
2749 2457 2833 2518 ad
2881 2466 3123 2518 metam

409 2571 530 2632 sub
575 2572 803 2634 arbore
873 2572 1302 2648 cherasorum,
1361 2573 1509 2634 inde
1575 2593 1690 2653 per
1757 2574 1923 2634 viam
1985 2572 2318 2634 descendit
2378 2571 2463 2632 ad
2522 2573 2800 2650 priorem
2856 2579 3122 2644 metam,

413 2686 520 2746 ubi
568 2684 679 2745 suit
742 2687 994 2765 incepta
1056 2686 1267 2763 ibique
1328 2688 1717 2746 terminatur.
1777 2685 1866 2748 Ut
1911 2688 2097 2767 igitur
2154 2687 2463 2764 premissa
2526 2683 2721 2745 robur
2788 2685 3123 2762 optineant

414 2807 720 2877 perpetue
789 2797 1116 2872 firmitatis,
1196 2809 1523 2878 presentes
1597 2798 1809 2860 eidem
1877 2800 2093 2859 comiti
2162 2797 2443 2860 Martino
2511 2795 2809 2858 dedimus
2886 2795 3127 2857 litteras

413 2910 728 2991 dupplicis
771 2912 954 2993 sigilli
1001 2914 1200 2974 nostri
1261 2914 1614 2973 munimine
1673 2914 2122 2973 communitas.
2184 2910 2429 2973 Datum
2473 2930 2589 2991 per
2636 2928 2869 2971 manus
2915 2909 3129 2971 dilecti

409 3023 616 3085 fidelis
682 3028 876 3085 nostri
949 3027 1231 3107 magistri
1299 3024 1636 3107 Smaragdi
1703 3023 2011 3087 Albensis
2076 3025 2399 3105 prepositi,
2468 3024 2613 3085 aule
2674 3034 2891 3084 nostre
2967 3026 3131 3083 vice·

415 3137 790 3211 cancellarii,
833 3156 1008 3199 anno
1053 3138 1298 3199 domini
1361 3138 1700 3200 millesimo
1745 3138 2190 3200 ducentesimo
2250 3138 2786 3219 quinquagesimo
2832 3138 3132 3215 septimo,

417 3252 594 3331 regni
638 3260 854 3311 autem
904 3252 1101 3311 nostri
1147 3269 1320 3311 anno
1366 3254 1669 3313 vicesimo
1715 3251 2023 3313 secundo,

609 3442 915 3517 Ortginal
954 3464 994 3500 u
1038 3443 1128 3500 kr.
1195 3464 1298 3518 ug.
1363 3446 1486 3502 dri.
1553 3444 1775 3501 arkivu
1837 3464 1877 3501 u
1940 3444 2253 3501 Budimu:
2314 3443 2401 3500 M.
2472 3443 2541 3501 O.
2598 3442 2679 3500 D.
2727 3442 2797 3499 L.
2848 3462 2943 3498 no.
2992 3444 3130 3499 458.

425 3548 646 3619 (Stura
691 3549 848 3621 sign.
899 3548 984 3607 N.
1019 3550 1092 3605 R.
1139 3548 1208 3607 O.
1239 3551 1416 3626 fasc.
1468 3551 1626 3605 1531.
1677 3568 1770 3605 κο.
1819 3550 1971 3620 20).
2033 3548 2176 3606 Vidi
2215 3568 2281 3605 se
2327 3548 2491 3621 frag,
2531 3547 2683 3621 gafje
2726 3547 2883 3603 visio
2922 3550 3125 3622 pedat.

428 3650 534 3709 Na
579 3650 762 3727 hrptu
807 3656 975 3709 nes'to
1011 3653 1260 3728 pozng'ja
1306 3650 1564 3727 biljes‘ka
1589 3673 1608 3708 .·
1652 3652 1928 3709 Martini
1969 3652 2224 3709 comitis.

601 3756 793 3832 Feje'r
848 3756 895 3813 J
898 3756 956 3814 V.
1023 3760 1100 3824 2.,
1167 3760 1292 3811 447
1353 3758 1736 3829 (extractus.)
1799 3788 1884 3797 —
1964 3756 2207 3813 Wenzel
2271 3756 2411 3813 Cod.
2480 3756 2631 3831 dipl.
2696 3760 2915 3831 arpaa‘.
2999 3753 3132 3811 Vll.
3199 3774 3208 3783 ·

437 3864 779 3916 453—455.
837 3896 913 3903 —-
966 3860 1339 3936 Kukuljevid
1377 3863 1528 3934 Reg.
1579 3881 1673 3917 no,
1731 3864 1870 3920 743.

1692 4326 1888 4410 593.

435 4520 640 4598 1257,
685 4520 878 4603 prije
922 4518 1024 4584 13.
1071 4518 1402 4586 oktobra.

443 4710 616 4773 Bela
677 4710 866 4793 kralj
930 4707 1218 4795 ugarskt'
1258 4709 1291 4773 ι’
1328 4710 1636 4774 krvatskz
1691 4708 2091 4794 potvrajuje
2164 4708 2363 4773 Uzmt‘
2421 4706 2653 4791 zemlje
2720 4726 2767 4767 u
2829 4702 3143 4788 §upam'jt

1555 4820 2015 4908 gareffm‘c‘koj.

615 5016 766 5078 Bela
797 5016 898 5077 dei
931 5018 1140 5097 gracia
1185 5015 1529 5098 Hungarie,
1574 5014 1925 5089 Dalmacie‚
1971 5012 2253 5088 Croacie,
2300 5014 2521 5086 Rame,
2576 5011 2813 5086 Seruie‚
2859 5008 3148 5085 Gallicie,

448 5129 850 5205 Lodomerie,
933 5126 1371 5209 Cumanieque
1445 5148 1560 5189 rex
1638 5127 1940 5188 omnibus
2014 5126 2245 5205 quibus
2317 5134 2645 5205 presentes
2720 5122 3147 5185 ostenduntur
