3797 5795
1911 440 1994 446 ---
2058 404 2141 467 74
2204 441 2283 447 -

731 591 999 653 salutem
1050 595 1113 652 in
1161 595 1452 652 omnium
1520 593 1850 655 salvatore.
1914 591 2125 656 Officii
2190 598 2384 656 nostri
2454 596 2745 658 debitum
2808 595 3108 656 remediis
3172 594 3469 674 invigilat

733 704 1186 778 subiectorum,
1249 707 1398 783 quia
1459 704 1616 766 dum
1663 706 2098 782 concedimus,
2159 708 2337 786 quod
2382 709 2711 788 postulant
2772 708 2928 770 dum
2980 707 3469 801 confirmamus,

727 816 905 896 quod
969 816 1332 899 optinente)
1395 836 1514 880 nos
1560 821 1623 879 in
1671 821 1952 898 ipsorum
2010 823 2225 901 quiete
2271 823 2656 902 quiescimus
2700 831 2763 882 et
2810 822 3109 883 fovemur
3154 823 3219 880 in
3274 838 3463 899 pace.

731 930 1004 991 Proinde
1065 930 1149 992 ad
1214 931 1650 993 universorum
1715 934 2019 994 noticiam
2079 934 2373 995 volumus
2439 937 2787 1013 pervenire,
2857 934 3037 1013 quod
3108 951 3259 993 cum
3306 941 3463 1011 post

729 1061 1056 1105 recessum
1102 1045 1516 1106 Tartarorum
1551 1045 1634 1106 ad
1667 1045 1988 1124 quoslibet
2035 1049 2377 1108 comitatus
2406 1066 2525 1128 pro
2556 1047 2932 1108 revocandis
2980 1047 3221 1107 iuribus
3266 1045 3464 1106 castri

734 1159 1020 1219 indebite
1081 1161 1429 1239 occupatiS,
1490 1158 1772 1219 diversos
1835 1159 2078 1220 iudices
2140 1161 2545 1233 misissemuS‚
2607 1162 2768 1220 inter
2828 1170 3041 1221 cetera
3110 1158 3196 1219 ad
3257 1159 3465 1218 comi-

733 1283 942 1332 tatum
974 1270 1057 1332 de
1090 1269 1458 1333 Gerzenche
1492 1271 1749 1332 fidelem
1797 1283 2087 1333 nostrum
2134 1274 2509 1354 magistrum
2544 1271 2728 1335 Chak
2757 1272 3102 1333 ensiferum
3151 1272 3466 1332 duximus

729 1385 1294 1446 transmittendum
1343 1385 1572 1445 dantes
1617 1385 1733 1444 sibi
1767 1385 1828 1445 in
1863 1385 2201 1458 mandatiS,
2247 1397 2316 1445 ut
2354 1396 2417 1446 et
2450 1395 2667 1460 terraS,
2711 1404 2786 1446 ac
2832 1387 2955 1452 alia
3000 1387 3135 1447 iura
3182 1383 3461 1463 predicti

730 1501 915 1558 castri
985 1498 1269 1559 indebite
1331 1507 1644 1577 occupata
1705 1511 2079 1559 revocarent
2139 1509 2201 1559 et
2264 1500 2679 1580 iobagionum
2748 1500 2935 1560 castri
3002 1512 3219 1571 terraS,
3266 1515 3465 1576 super

731 1612 962 1690 quibus
1023 1630 1154 1672 non
1213 1623 1307 1671 est
1353 1613 1695 1672 contencio
1743 1623 1806 1671 et
1855 1631 2014 1689 quas
2060 1632 2097 1672 a
2143 1622 2351 1672 castro
2409 1611 2715 1674 hactenus
2781 1611 3049 1691 pacifice
3110 1621 3465 1671 tenuerunt

729 1744 766 1783 a
829 1726 1007 1785 terris
1066 1726 1484 1784 castrensium
1549 1724 2023 1784 reambularent
2082 1735 2147 1785 et
2208 1725 2449 1786 eisdem
2510 1726 2959 1806 iobagionibus
3018 1726 3207 1785 castri
3270 1723 3461 1785 relin-

732 1849 1017 1916 querent,
1064 1856 1262 1898 novas
1310 1847 1515 1897 metas
1544 1837 1724 1898 iuxta
1771 1847 2016 1898 veteres
2062 1837 2393 1912 elevando,
2424 1856 2505 1898 ne
2538 1838 2619 1898 de
2650 1849 2866 1899 cetero
2914 1840 3167 1917 questio
3214 1837 3461 1897 moveri

729 1953 928 2029 possit
977 1950 1380 2028 aliquatenus
1427 1949 1510 2009 de
1555 1949 1816 2010 eisdem.
1866 1950 2060 2030 Igitur
2105 1953 2265 2011 sicut
2312 1950 2485 2011 idem
2545 1953 2844 2032 magister
2910 1949 3096 2014 Chak
3141 1961 3293 2030 post
3338 1949 3463 2010 hec

731 2063 815 2124 ad
880 2083 1000 2124 nos
1060 2062 1314 2124 rediens
1374 2064 1604 2136 retulit,
1666 2074 1863 2123 terras
1925 2061 2264 2137 Desnicbe,
2327 2063 2717 2134 Bursonoch‚
2786 2064 3002 2124 Pukur
3046 2074 3112 2124 et
3160 2062 3463 2124 Lunheta

733 2187 1138 2256 nuncupatas
1183 2178 1420 2236 invenit
1453 2195 1568 2255 per
1601 2176 1949 2237 Martinum
1996 2180 2301 2237 comitem
2349 2176 2546 2238 filiurn
2594 2177 2792 2250 Tusk‚
2839 2178 3253 2258 iobagionem
3304 2176 3461 2236 dicti

734 2292 943 2365 castri,
973 2291 1059 2350 ab
1090 2291 1359 2368 antiquo
1405 2289 1670 2367 pacifice
1717 2289 2045 2367 possideri,
2105 2308 2293 2368 super
2340 2309 2515 2369 quaS,
2546 2301 2737 2369 prout
2784 2290 3165 2351 mandatum
3200 2311 3239 2350 a
3272 2289 3463 2350 nobis

737 2402 1066 2475 habuerat,
1113 2421 1314 2463 novas
1361 2413 1565 2462 metas
1596 2402 1741 2463 fecit
1774 2403 2003 2464 elevari
2038 2404 2215 2463 iuxta
2247 2413 2506 2464 veteres.
2555 2402 2843 2482 Quarum
2893 2406 3099 2464 eciam
3146 2413 3460 2464 terrarum

735 2525 922 2589 mete,
967 2527 1159 2594 prout
1207 2515 1376 2576 idem
1447 2517 1749 2596 magister
1811 2513 1991 2578 Chak
2039 2515 2159 2576 sub
2205 2517 2409 2598 sigillo
2477 2514 2887 2580 Chasmensis
2946 2517 3207 2596 capituli
3270 2517 3461 2576 nobis

738 2631 802 2688 in
851 2631 1098 2707 scriptis
1144 2631 1550 2708 presentavit,
1597 2628 1720 2688 hoc
1767 2629 1993 2690 ordine
2038 2630 2484 2712 distinguntur.
2536 2630 2763 2709 Incipit
2809 2633 2980 2690 enim
3027 2631 3237 2708 prima
3286 2638 3461 2690 meta

734 2752 901 2802 terre
947 2739 1273 2802 Desnicha
1306 2745 1369 2801 in
1402 2743 1611 2821 capite
1659 2743 1834 2803 rivuli
1886 2743 2142 2821 Prybin‚
2207 2743 2356 2803 inde
2403 2742 2690 2803 ascendit
2736 2743 2820 2803 ad
2866 2745 3035 2802 viam
3084 2741 3169 2802 ad
3216 2751 3461 2802 metam

734 2855 854 2916 sub
902 2855 1104 2916 tribus
1147 2855 1482 2916 arboribus
1528 2855 1834 2937 gertanfa,
1906 2864 1968 2917 et
2015 2875 2128 2936 per
2174 2876 2318 2917 earn
2379 2859 2546 2919 viam
2607 2859 2784 2917 iuxta
2845 2865 3081 2917 terram
3144 2851 3460 2935 Gordms)

733 2968 906 3029 vadit
955 2987 1170 3030 versus
1216 2970 1530 3029 orientem
1577 2987 1779 3048 usque
1825 2969 1906 3030 ad
1957 2979 2195 3031 metam
2244 2982 2537 3043 terream,
2598 2970 2749 3030 inde
2796 2970 3127 3031 declinans
3174 2968 3347 3029 cadit
3394 2970 3460 3028 in

731 3082 984 3155 vallem,
1044 3100 1170 3160 que
1217 3080 1389 3141 ducit
1437 3082 1706 3141 rivulum
1771 3079 2093 3142 Desnicha
2140 3084 2201 3142 in
2250 3093 2421 3144 meta
2481 3092 2685 3143 terrea
2744 3084 2923 3143 iuxta
2985 3100 3246 3161 aquam,
3310 3080 3461 3140 inde

734 3214 847 3273 per
894 3194 1170 3254 eandem
1217 3212 1453 3274 aquam
1501 3196 1702 3275 vergit
1747 3194 2005 3255 inferius
2051 3214 2252 3274 usque
2283 3195 2367 3256 ad
2400 3196 2631 3267 locum,
2678 3195 2786 3255 ubi
2835 3196 2966 3255 exit
3015 3194 3101 3254 ad
3150 3211 3460 3275 magnam

737 3309 902 3367 viam
967 3310 1029 3367 in
1079 3317 1268 3379 meta,
1329 3326 1442 3386 per
1499 3308 1702 3385 ipsam
1772 3318 1985 3367 autem
2050 3308 2235 3381 viam,
2295 3327 2421 3386 que
2482 3308 2781 3368 discernit
2844 3308 3074 3368 limites
3137 3305 3337 3388 Gai-ig
3396 3316 3461 3366 et

671 3396 681 3405 ⁸
737 3418 1160 3480 Gressenicha
1206 3418 1380 3478 vadit
1427 3418 1511 3479 ad
1546 3427 1834 3479 montem
1866 3418 1951 3479 ad
1984 3431 2224 3480 metam
2270 3421 2390 3481 sub
2435 3422 2662 3481 arbore
2695 3420 2869 3494 tulsa,
2924 3420 3077 3480 inde
3124 3418 3463 3480 descendit

736 3534 801 3591 in
849 3542 1042 3611 caput
1103 3532 1281 3591 rivuli
1344 3531 1570 3610 Ripan‚
1631 3532 1738 3591 ubi
1786 3542 1882 3592 est
1929 3544 2102 3594 meta
2148 3553 2231 3593 ex
2278 3544 2457 3612 parte
2520 3532 2933 3605 meridionali,
2999 3552 3115 3611 per
3176 3531 3461 3593 eundem

737 3643 1005 3705 rivulum
1068 3644 1402 3704 descendit
1463 3662 1676 3704 versus
1739 3644 2145 3706 occidentem
2187 3658 2250 3706 et
2298 3645 2467 3707 vadit
2516 3665 2718 3725 usque
2764 3645 2849 3706 ad
2895 3646 3114 3706 locum
3163 3645 3275 3706 ubi
3322 3648 3461 3706 exit

739 3756 824 3817 ad
869 3759 1103 3817 siccam
1153 3756 1404 3830 vallem,
1451 3775 1578 3835 que
1626 3756 1799 3817 ducit
1844 3757 1927 3817 ad
1974 3769 2267 3818 montem
2314 3758 2397 3819 ad
2444 3769 2686 3819 metam
2732 3770 3027 3831 terream,
3088 3759 3173 3819 de
3238 3767 3465 3819 monte

742 3868 1076 3931 descendit
1121 3887 1236 3947 per
1283 3887 1480 3929 unam
1540 3869 1772 3929 vallem
1821 3870 1883 3928 in
1932 3870 2201 3930 rivulum
2264 3870 2494 3943 Pribin,
2555 3890 2669 3949 per
2739 3889 2933 3949 quem
2995 3874 3335 3932 revertitur
3378 3870 3465 3932 ad

738 3991 930 4059 caput
978 3980 1286 4055 eiusdem,
1347 3982 1454 4041 ubi
1503 3984 1707 4060 prima
1779 3992 1951 4042 meta
2014 3983 2127 4043 fuit
2190 3981 2504 4057 inchoata,
2565 3984 2779 4062 ibique
2842 3987 3237 4045 terminatur.
3302 3986 3461 4045 Item

736 4095 942 4172 prima
990 4104 1160 4156 meta
1209 4103 1374 4154 terre
1423 4092 1634 4155 Pukur
1679 4096 1898 4173 incipit
1945 4114 2133 4174 super
2178 4097 2381 4171 ripam
2425 4095 2699 4157 fluminis
2746 4080 3123 4175 Zoploncha
3168 4100 3234 4158 in
3285 4096 3465 4157 valle,

739 4226 868 4285 que
936 4206 1110 4267 ducit
1172 4210 1233 4267 in
1282 4205 1452 4267 aliud
1514 4206 1753 4267 flumen
1817 4210 2076 4269 nomine
2148 4206 2359 4269 Pukur
2427 4219 2490 4268 et
2551 4228 2664 4286 per
2724 4208 2902 4270 illum
2963 4210 3139 4270 vadit
3204 4210 3465 4270 inferius

737 4338 940 4400 usque
1000 4320 1084 4381 ad
1145 4320 1378 4391 locum,
1444 4320 1551 4378 ubi
1611 4318 1897 4397 predicta
1957 4340 2121 4397 aqua
2169 4318 2591 4402 Zopuncha(!)
2641 4320 2813 4382 cadit
2862 4324 2924 4381 in
2977 4320 3195 4382 Pukur
3240 4332 3307 4383 et
3352 4339 3469 4401 per

743 4432 1158 4512 Zopuneham
1205 4434 1536 4493 revertitur
1583 4434 1647 4492 in
1695 4432 2046 4511 predictam
2095 4431 2347 4507 vallem,
2409 4434 2515 4493 ubi
2563 4434 2769 4511 prima
2819 4445 2993 4494 meta
3042 4434 3161 4495 suit
3210 4436 3468 4513 incepta

741 4565 825 4606 ex
871 4556 1052 4625 parte
1097 4556 1262 4605 terre
1311 4543 1654 4605 Michaelis,
1704 4544 1865 4604 Item
1912 4548 2117 4623 prima
2150 4552 2323 4605 meta
2368 4544 2698 4606 cuiusdam
2746 4547 3058 4625 particule
3104 4556 3295 4621 terre,
3342 4564 3468 4627 que

744 4656 1073 4740 Lonatu(!)
1151 4667 1433 4731 vocatur,
1509 4658 1724 4735 incipit
1794 4676 1909 4735 per
1973 4657 2300 4736 quendam
2371 4677 2623 4719 cursum
2680 4678 2866 4737 aque,
2913 4661 3021 4737 qui
3070 4658 3157 4720 de
3206 4658 3470 4721 flumine

743 4770 975 4831 Lunha
1035 4773 1167 4831 exit
1213 4781 1278 4831 et
1326 4779 1576 4847 separat
1624 4790 1661 4830 a
1707 4771 2130 4847 piscatoribus
2174 4772 2359 4830 castri
2407 4768 2919 4853 Gresseniche(!),
2966 4774 3075 4851 qui
3126 4785 3191 4833 et
3240 4790 3471 4852 parum

739 4898 904 4947 terre
963 4886 1180 4944 circuit
1227 4884 1290 4942 in
1338 4899 1571 4960 campo
1633 4900 1751 4960 pro
1797 4884 2077 4943 sessione
2136 4884 2524 4961 piscatorum
2571 4903 2833 4945 suorum
2879 4896 2943 4945 et
2991 4887 3173 4946 iuxta
3242 4886 3471 4947 silvam

742 5000 1071 5059 revertitur
1123 4998 1188 5056 in
1245 4993 1506 5054 fluvium
1569 4993 2017 5072 supradictum.
2090 4994 2247 5055 Item
2310 4997 2513 5073 prima
2578 5008 2749 5058 meta
2810 5008 2975 5059 terre
3043 4998 3472 5060 Bursonouch

741 5111 960 5189 incipit
993 5112 1054 5169 in
1090 5117 1313 5169 monte
1360 5104 1556 5187 Garig
1602 5108 1666 5165 in
1713 5125 1837 5167 una
1884 5118 2057 5167 meta
2088 5108 2206 5167 sub
2252 5108 2478 5169 arbore
2524 5110 2677 5169 tulfa
2726 5120 2788 5170 et
2839 5109 3083 5171 deinde
3132 5110 3472 5173 descendit
