3797 5795
1633 362 1957 424 -9-

439 553 600 610 inter
646 549 804 611 alios
851 549 1070 612 fideles
1116 554 1312 612 nostri
1364 552 1652 634 Babonig
1713 565 1776 614 et
1840 552 2218 632 Stephanus
2277 556 2546 614 comites
2591 554 2674 615 ad
2719 565 3004 615 nostram
3048 575 3151 616 ac-

435 662 730 724 cedendo
775 667 1160 743 presentiam
1207 684 1396 744 super
1456 677 1618 726 terra
1671 666 2078 744 Wodychan‚
2124 669 2183 726 in
2235 685 2361 744 qua
2408 667 2781 748 iobagiones
2828 671 3012 728 castri
3058 668 3143 728 de

434 774 752 854 Dobycha
797 788 995 838 terras
1040 777 1310 838 duarum
1359 779 1662 852 villarum,
1725 781 1972 840 ratione
2018 790 2181 840 terre
2226 782 2411 840 castri
2461 779 2695 861 Bezdig
2740 790 2803 840 et
2856 779 3142 860 Mekuyn

437 900 836 968 nuncupatas
904 892 1326 969 requirebant,
1393 893 1790 973 privilegium
1859 893 2112 954 illustris
2180 894 2343 974 regis
2400 891 2640 954 Herrici
2692 896 2898 972 patrui
2947 897 3147 955 nostri

439 1001 606 1062 clare
654 1006 962 1065 memorie
1006 1006 1124 1064 sub
1170 1023 1360 1066 aurea
1408 1005 1578 1066 bulla
1625 1014 1688 1066 et
1735 1016 2027 1066 nostrum
2073 1005 2358 1066 similiter
2414 1023 2603 1084 super
2648 1006 2935 1066 eiusdem
2984 1016 3150 1067 terre

439 1114 926 1176 confirmatione
973 1136 1350 1178 concessum
1420 1129 1882 1196 presentarunt,
1944 1118 2175 1196 quibus
2235 1120 2535 1195 inspectis
2598 1119 2833 1179 dictam
2906 1129 3144 1180 terram

439 1228 707 1288 duarum
757 1229 1042 1291 villarum
1087 1240 1152 1290 et
1198 1242 1428 1292 terram
1469 1231 1898 1310 Wodycham,
1948 1241 2137 1310 prout
2186 1233 2371 1292 metis
2417 1231 2861 1304 circumdatur,
2906 1233 3147 1293 eisdem

440 1361 556 1419 pro
604 1342 898 1403 fidelibus
958 1346 1236 1419 servitiis,
1299 1363 1424 1423 que
1485 1345 1672 1405 nobis
1733 1344 2192 1418 exihibuerant,
2258 1355 2571 1422 perpetuo
2618 1345 2921 1406 duximus
2965 1346 3149 1407 relin-

445 1455 788 1532 quendam.
837 1454 1031 1518 Cuius
1056 1457 1316 1536 quidem
1340 1468 1504 1518 terre
1529 1467 1719 1532 mete,
1735 1468 1928 1536 prout
1959 1459 2021 1517 in
2055 1476 2248 1517 aureo
2280 1457 2608 1538 privilegio
2642 1459 2765 1518 iam
2800 1457 2950 1519 dicti
2982 1461 3152 1540 regis

445 1567 686 1628 Herrici
733 1568 1007 1630 vidimus
1051 1571 1378 1643 contineri,
1425 1570 1546 1630 hoc
1592 1570 1815 1631 ordine
1863 1570 2321 1651 distinguntur:
2372 1572 2587 1648 incipit
2634 1573 2803 1630 enim
2852 1591 2889 1630 a
2937 1573 3147 1650 capite

445 1680 624 1741 rivuli
672 1683 780 1760 qui
828 1693 1086 1744 vocatur
1147 1683 1410 1745 Zuonna
1457 1695 1519 1744 et
1566 1703 1680 1762 per
1727 1683 2005 1744 eundem
2052 1685 2245 1743 currit
2291 1683 2548 1744 inferius
2595 1702 2815 1762 usque,
2862 1683 3032 1744 cadit
3083 1687 3147 1743 in

450 1792 709 1855 fluvium
760 1795 948 1869 Zana‚
992 1815 1105 1875 per
1150 1796 1426 1858 eundem
1489 1796 1750 1858 fluvium
1809 1796 2099 1874 procedit
2168 1815 2369 1871 usque
2413 1795 2571 1856 dum
2617 1795 2787 1857 cadit
2834 1798 2896 1856 in
2946 1796 3141 1857 alium

451 1906 710 1968 fluvium
760 1909 867 1988 qui
915 1911 1278 1970 nominatur
1325 1909 1493 1984 Vna,
1539 1929 1652 1988 per
1685 1928 1878 1988 quem
1914 1909 2196 1990 dirigitur
2240 1908 2495 1970 inferius
2540 1919 2603 1968 et
2650 1910 2781 1970 exit
2828 1909 2910 1970 de
2958 1909 3149 1970 fluvio

453 2019 560 2080 Vn
607 2041 720 2100 per
763 2023 1050 2095 rivulum,
1083 2026 1190 2100 qui
1223 2025 1587 2084 nominatur
1617 2021 1963 2104 Strigomla
1994 2033 2057 2082 et
2091 2041 2204 2100 per
2234 2022 2511 2083 eundem
2545 2021 2816 2083 rivulum
2866 2021 3152 2082 ascendit

450 2136 734 2212 superius
763 2135 848 2196 ad
878 2135 1070 2197 alium
1111 2137 1396 2211 rivulum,
1429 2139 1534 2215 qui
1567 2137 1794 2198 dicitur
1827 2135 2089 2216 Mequin
2122 2147 2187 2196 et
2217 2135 2387 2196 cadit
2420 2138 2483 2195 in
2515 2133 2832 2214 prefatum
2878 2134 3149 2195 rivulum

450 2245 811 2328 Strigomla‚
857 2248 1090 2309 deinde
1135 2269 1286 2310 vero
1333 2249 1622 2328 procedit
1652 2269 1766 2328 per
1799 2249 2126 2325 quandam
2158 2251 2450 2309 semitam
2484 2247 2839 2308 ascendens
2883 2247 2969 2308 ad
3016 2265 3149 2307 ver-

440 2362 658 2433 ticem,
704 2380 816 2439 per
861 2379 1056 2441 quam
1101 2365 1432 2423 revertitur
1491 2362 1574 2422 ad
1631 2373 1872 2423 metam
1922 2364 2215 2440 priorem,
2262 2361 2556 2422 videlicet
2601 2361 2685 2421 ad
2730 2370 2925 2438 caput
2970 2359 3148 2420 rivuli

454 2473 734 2535 Zuonna.
783 2475 856 2535 In
888 2478 1064 2536 cuius
1096 2477 1182 2536 rei
1215 2478 1593 2536 memoriam
1640 2486 1704 2536 et
1749 2485 2125 2554 perpetuam
2160 2473 2523 2534 firmitatem
2572 2483 2899 2551 presentes
2944 2473 3155 2532 literas

458 2586 751 2648 dedimus
796 2587 1066 2667 duplicis
1125 2588 1304 2670 sigilli
1367 2590 1562 2649 nostri
1635 2589 1989 2648 munimine
2056 2588 2403 2647 roboratas,
2473 2585 2713 2646 Datum
2760 2603 2875 2662 par
2925 2602 3153 2645 manus

455 2699 662 2760 dilecti
713 2712 777 2761 et
823 2700 1027 2762 fidelis
1072 2704 1268 2762 nostri
1319 2702 1598 2782 magistri
1643 2699 1980 2782 Smaragdi
2027 2698 2327 2761 Albensis
2380 2699 2701 2778 prepositi,
2746 2697 2889 2758 aule
2937 2706 3152 2757 nostre

456 2816 591 2874 vice
621 2815 997 2888 cancellarii,
1026 2833 1199 2875 anno
1231 2815 1477 2876 domini
1511 2813 1848 2875 millesimo
1880 2813 2322 2874 ducentesimo
2370 2811 2901 2891 quinquagesimo
2947 2818 3153 2882 sext0‚

457 2940 684 3005 quarto
729 2927 1038 2990 kalendas
1081 2929 1310 3007 apriliS,
1356 2931 1532 3011 regni
1579 2939 1796 2989 autem
1843 2930 2040 2988 nostri
2085 2944 2269 2991 anno,
2306 2927 2607 2986 vicesimo
2654 2925 2879 3002 primo.

639 3120 1272 3195 leallo'cap-Harabas
1341 3124 1483 3180 Cod.
1555 3122 1726 3195 Blag.
1795 3124 2025 3175 14-15
2085 3120 2171 3175 br.
2230 3122 2279 3175 7.
2343 3119 2463 3191 (Po
2500 3118 2806 3193 prijepisu
2861 3117 3158 3192 Stjepana

458 3224 622 3282 bana
668 3228 754 3283 od
781 3247 845 3300 g.
893 3226 1096 3305 1352.)
1147 3262 1222 3268 —
1273 3228 1463 3303 Feje'r
1520 3227 1648 3285 Vll.
1701 3231 1754 3281 4.
1807 3228 2117 3280 117-118,

629 3330 1006 3406 Kukuijevic'
1047 3332 1189 3405 Reg.
1222 3331 1307 3386 br.
1351 3334 1488 3391 697.
1524 3332 1649 3387 ima
1682 3350 1797 3387 ουκ
1844 3328 2076 3405 opazku
2096 3350 2116 3384 .·
2164 3328 2224 3384 E
2249 3336 2629 3403 transumpto
2665 3325 2967 3401 Stephani
3008 3323 3161 3381 bani

461 3436 642 3492 totius
704 3435 1038 3492 Slavoniae
1097 3444 1159 3491 et
1209 3436 1496 3494 Croatiae
1555 3436 1631 3491 de
1676 3436 1818 3492 dato
1867 3432 2218 3507 Zagrabiae
2272 3436 2354 3490 14.
2402 3451 2534 3488 nov.
2572 3432 2740 3485 1352.
2792 3430 2856 3486 in
2905 3446 3152 3502 congre-

454 3542 708 3614 gatione
743 3541 1036 3614 generali
1079 3542 1501 3597 universorum
1549 3539 1844 3596 nobilium
1878 3547 1941 3595 et
1967 3538 2241 3595 cuiusvis
2286 3536 2655 3592 conditionis
2702 3543 2763 3591 et
2804 3542 3003 3591 status
3046 3532 3149 3589 ho-

463 3647 694 3703 minum
742 3648 806 3703 in
856 3666 1043 3718 regno
1078 3646 1413 3703 Slavoniae
1457 3645 1847 3701 existentium
1896 3641 2229 3709 celebrata,
2265 3645 2352 3697 ad
2371 3640 2725 3716 petitionem
2762 3638 2995 3711 Duymi
3016 3637 3163 3712 filii

461 3752 764 3808 Radoslai
785 3751 932 3826 filii
979 3750 1262 3808 Babonek
1309 3754 1600 3826 conjecto,
1648 3748 1722 3805 In
1773 3747 2022 3805 archivo
2076 3746 2359 3803 comitum
2408 3744 2637 3818 Blagaj
2678 3762 2771 3799 no,
2813 3744 2891 3797 32
2922 3762 2963 3798 a
2992 3742 3155 3801 Rad.

463 3856 742 3932 Lopas'ic‘.

1667 4122 1678 4133 ’
1701 4248 1705 4250 ,
1725 4161 1917 4239 544.

474 4358 668 4439 1256,
713 4360 779 4424 9.
827 4357 1086 4441 aprile..

469 4550 810 4614 Abraham
843 4556 1056 4634 iupan
1093 4545 1472 4611 moravecfki
1496 4544 1816 4629 ureczsy'uje
1837 4552 2085 4628 raspru
2113 4540 2276 4605 radi
2302 4540 2532 4624 zemlje
2558 4537 2847 4621 z'zmedju
2872 4538 3161 4601 knezova

1492 4658 1732 4722 Mz'rka
1778 4660 1806 4720 ι’
1859 4657 2145 4740 Jakova.

641 4856 780 4917 Nos
825 4855 1113 4918 Abraam
1152 4854 1256 4915 dei
1287 4856 1498 4935 gracia
1538 4870 1758 4912 comes
1790 4851 1871 4911 de
1906 4847 2250 4909 Moraucha
2282 4855 2508 4906 notum
2556 4843 2821 4904 facimus
2866 4841 3165 4901 omnibus

471 4970 594 5032 hoc
637 4988 900 5050 presens
944 4972 1248 5048 scriptum
1297 4966 1668 5045 inspecturis
1719 4964 1950 5043 quibus
2009 4969 2335 5039 presentes
2380 4957 2558 5017 litere
2602 4956 2937 5035 patuerint,
2985 4953 3161 5031 quod

475 5103 618 5145 cum
666 5084 980 5146 accedens
1024 5082 1108 5144 ad
1155 5094 1438 5141 nostram
1485 5078 1880 5157 presenciam
1930 5074 2131 5135 Mirco
2177 5087 2396 5131 comes
2442 5090 2528 5131 ex
2572 5089 2699 5132 una
2745 5076 2926 5147 parte
2970 5077 3035 5127 et
3078 5084 3163 5125 ex
