3797 5795
1877 396 2287 457 —612—

728 582 811 645 ad
887 584 1263 644 instanciam
1338 587 1622 663 parcium
1694 584 2085 646 contulimus
2149 585 2329 667 sigilli
2401 588 2597 646 nostri
2665 586 3017 647 munimine
3085 588 3440 648 roboratas,

728 695 969 757 Datum
1016 698 1235 772 quinta
1266 695 1415 757 feria
1445 708 1592 776 post
1624 697 1855 759 festum
1887 701 2176 760 omnium
2209 709 2595 773 sanctorum,
2639 717 2812 759 anno
2856 700 2940 760 ab
2987 702 3439 763 incarnacione

729 809 971 870 domini
1021 808 1238 874 MCC⁰
1280 814 1753 892 septuagesimo
1800 813 2028 891 primo.

912 1002 1210 1076 Orzginal
1250 1022 1289 1059 u
1336 1002 1559 1060 arkivu
1606 1002 2041 1081 nadbiskupije
2087 1024 2128 1061 u
2175 1003 2460 1077 Zagrebu
2523 1004 2826 1070 Juridica
2871 1025 2928 1063 a.
2976 1009 3052 1061 12
3063 1010 3144 1064 71.
3191 1040 3278 1049 —
3327 1009 3438 1065 [Va

726 1108 929 1165 listim'
995 1108 1211 1165 nalazt'
1265 1128 1332 1165 se
1392 1117 1551 1181 trag,
1592 1109 1743 1183 gafie
1785 1110 1862 1183 je
1908 1129 1941 1166 0
1985 1110 2162 1166 vrvcz'
2219 1110 2376 1166 visio
2426 1113 2630 1185 pedat.
2677 1141 2764 1151 -
2821 1110 3072 1169 Listina
3099 1113 3177 1187 je
3223 1132 3306 1169 na
3353 1115 3442 1170 tri

725 1215 942 1288 mjesta
986 1211 1189 1287 krnja.
1222 1244 1307 1253 -—
1337 1212 1444 1269 Na
1490 1211 1672 1289 lzrptu
1706 1212 1918 1269 rukom
1969 1214 2137 1271 XIV.
2187 1212 2395 1287 vz'jeka
2414 1234 2435 1269 .·
2489 1223 2712 1289 »super
2749 1216 3134 1289 possessione
3179 1218 3442 1275 Vinodol

714 1326 905 1393 prope
950 1316 1445 1374 Hrazteniczam.

2011 1643 2142 1721 59.

725 1818 923 1885 1271.

722 2025 1009 2111 Stjepan
1044 2025 1237 2107 kralj
1262 2022 1553 2109 ugarskz'
1577 2021 1611 2085 i
1633 2023 1951 2087 lzrvatskz'
1969 2023 2361 2108 polvm'juje
2395 2024 2740 2103 Guz‘dona,
2773 2028 2981 2090 kneza
3015 2031 3430 2116 modruskog

1456 2136 1487 2199 ι’
1526 2136 1770 2221 krc‘kog
1812 2158 1887 2199 za
1935 2136 2295 2199 nadelm'ka
2340 2138 2674 2223 senyskog.

892 2329 1259 2409 Stephanus
1318 2330 1420 2391 dei
1481 2332 1689 2411 gracia
1754 2329 2099 2410 Hungarie,
2161 2328 2511 2404 Dalmacie,
2573 2328 2855 2406 Croacie,
2917 2332 3142 2406 Rame,
3187 2332 3432 2410 Seruie,

718 2441 1000 2518 Gallicie‚
1048 2444 1455 2517 Lodomerie,
1500 2440 1828 2515 Cumanie‚
1876 2440 2296 2523 Bulgarieque
2340 2462 2457 2503 rex
2500 2444 2800 2505 omnibus
2847 2441 3076 2507 Christi
3121 2444 3426 2509 fidelibus

716 2569 1043 2637 presentes
1101 2556 1340 2617 litteras
1400 2556 1773 2634 inspecturis
1833 2554 2099 2615 salutem
2165 2556 2227 2613 in
2288 2558 2580 2615 omnium
2645 2556 2978 2619 saluatore.
3025 2556 3136 2619 Ad
3183 2563 3432 2621 vniuer-

716 2689 933 2732 sorum
980 2671 1284 2731 noticiam
1330 2668 1551 2730 harum
1586 2669 1744 2729 serie
1776 2668 2073 2728 uolumus
2117 2670 2469 2747 peruenire,
2517 2669 2694 2746 quod
2735 2688 2957 2731 comes
2996 2668 3225 2733 Gahan
3259 2673 3428 2735 filius

713 2784 1015 2862 Vydonis
1060 2784 1336 2843 comitis¹
1390 2782 1468 2842 de
1518 2780 1765 2863 Wegla,
1813 2781 1896 2841 de
1945 2780 2277 2858 VVynodol
2342 2793 2405 2841 et
2470 2782 2552 2842 de
2600 2782 2868 2843 Modrus
2912 2803 3032 2862 pro
3078 2803 3146 2844 se
3193 2796 3257 2845 et
3303 2805 3424 2865 pro

711 2899 1002 2978 predicto
1046 2908 1227 2977 patre
1272 2915 1389 2957 suo
1435 2895 1519 2957 ad
1566 2906 1852 2956 nostram
1915 2896 2174 2955 veniens
2234 2896 2630 2974 presenciam
2677 2895 2908 2975 optulit
2956 2899 3140 2958 nobis
3187 2899 3428 2960 litteras

710 3013 1189 3072 communitatis
1235 3007 1631 3072 Sceniensis²
1675 3027 1863 3088 super
1896 3006 2201 3068 concordi
2251 3007 2573 3069 eleccione
2617 3012 2962 3087 potestarie
3009 3009 3292 3089 predicte
3342 3015 3428 3072 ci-

709 3127 921 3186 uitatis
967 3124 1049 3184 de
1094 3142 1367 3202 persona
1400 3124 1593 3201 patris
1624 3123 1717 3182 sui
1753 3121 2072 3181 celebrata
2104 3120 2450 3194 confectaS,
2495 3120 2815 3200 suplicans
2860 3124 3047 3183 nobis
3091 3127 3430 3196 attenciuS,

720 3249 787 3298 vt
833 3241 1037 3317 ipsam
1085 3236 1476 3298 eleccionem
1521 3237 1868 3315 potestarie
1915 3237 2107 3313 ipsius
2153 3236 2423 3295 ciuitatis
2469 3233 2550 3295 de
2595 3253 2870 3314 persona
2916 3236 3065 3298 dicti
3104 3238 3432 3316 Wydonis

722 3352 973 3413 comitis
1020 3350 1405 3411 celebratam
1454 3359 1789 3427 acceptare
1822 3359 1885 3408 et
1917 3346 2224 3408 ratificare
2269 3366 2345 3407 ac
2377 3358 2596 3408 nostro
2643 3348 3052 3430 dignaremur
3095 3351 3432 3434 priuilegio

726 3461 1154 3525 confirmare.⁸
1199 3461 1488 3542 Quarum
1536 3461 1796 3540 quidem
1845 3461 2193 3521 litterarum
2244 3471 2426 3521 tenor
2471 3462 2612 3521 talis
2657 3474 2786 3522 est:

899 3606 1158 3680 (Slijedi
1200 3604 1415 3660 listina
1463 3605 1548 3660 od
1576 3623 1643 3676 g.
1692 3605 1855 3658 1:271.
1910 3605 2006 3658 20.
2041 3604 2211 3678 juna
2260 3622 2300 3659 u
2353 3603 2596 3676 Senju).

900 3743 1036 3805 Nos
1096 3745 1311 3821 itaque
1371 3740 1777 3802 attendentes
1838 3739 2174 3802 fidelitates
2219 3749 2282 3800 et
2329 3741 2652 3800 meritoria
2712 3741 3021 3818 obsequia
3083 3743 3278 3820 ipsius
3325 3762 3428 3803 oo-

726 3859 893 3918 mitis
942 3856 1262 3935 Wydonis
1306 3864 1369 3915 et
1417 3853 1645 3915 Gahan
1692 3872 1767 3914 ac
1812 3852 2086 3914 filiorum
2131 3870 2410 3924 suorum,
2457 3871 2582 3930 que
2628 3853 2814 3914 nobis
2859 3863 2922 3914 et
2969 3873 3208 3916 corone
3254 3857 3428 3937 regie

722 3969 1123 4031 laudabiliter
1192 3967 1564 4046 impendere
1632 3966 2028 4038 studuerunt,
2075 3975 2337 4044 propter
2406 3984 2530 4043 que
2597 3966 2886 4028 volentes
2943 3970 3036 4028 eis
3097 3987 3430 4030 occurrere

722 4086 899 4163 regio
965 4101 1113 4142 cum
1183 4080 1401 4143 fauore
1460 4091 1524 4140 et
1584 4079 1833 4140 utilitati
1901 4079 2188 4139 eiusdem
2242 4078 2513 4140 ciuitatis
2579 4079 2927 4152 consulere,
2997 4093 3424 4142 memoratam

722 4193 1111 4258 eleccionem
1182 4194 1527 4273 potestarie
1573 4192 1656 4253 de
1701 4194 1840 4271 ipso
1910 4193 2147 4252 comite
2211 4191 2518 4269 Wydone
2562 4201 2625 4252 et
2670 4191 2811 4253 filiis
2854 4193 2981 4254 suis
3027 4193 3433 4256 concorditer

722 4308 1131 4382 celebratam,
1196 4309 1574 4369 auctoritate
1642 4307 2042 4384 presencium
2119 4302 2574 4366 confirmamus
2641 4306 2705 4364 in
2766 4307 2960 4384 ipsius
3019 4317 3084 4367 et
3151 4305 3430 4368 filiorum

722 4439 981 4484 suorum
1031 4430 1349 4501 potestate
1393 4421 1823 4498 perempniter
1869 4418 2254 4479 duraturam.
2333 4418 2406 4478 In
2453 4421 2630 4480 cuius
2673 4420 2762 4479 rei
2807 4421 3188 4480 memoriam
3234 4419 3430 4481 firmi-

722 4544 1053 4613 tatemque
1099 4543 1475 4614 perpetuam
1522 4542 1847 4611 presentes
1894 4531 2190 4593 dedimus
2236 4531 2476 4592 litteras
2521 4531 2788 4610 duplicis
2831 4531 3012 4614 sigilli
3061 4534 3260 4601 nostri
3289 4553 3430 4594 mu·

725 4649 965 4708 nimine
1010 4649 1358 4708 roboratas
1406 4645 1646 4707 Datum
1696 4664 1804 4730 per
1851 4663 2080 4705 manus
2129 4647 2406 4725 magistri
2455 4644 2782 4706 Benedicti
2825 4647 3130 4723 prepositi
3161 4645 3430 4706 ecclesie

730 4785 874 4795 ᾖ,

908 4856 921 4886 ¹
960 4857 1151 4926 Druga
1210 4855 1453 4924 potvrda
1502 4855 1640 4906 ima:
1692 4852 1837 4904 filius
1885 4852 2115 4904 comitis
2165 4850 2448 4903 widonis,
2505 4879 2567 4888 -
2617 4852 2638 4884 ⁸
2675 4849 3054 4904 Comunitatis
3089 4850 3164 4902 de
3199 4851 3436 4902 ciuitate

728 4943 999 4996 Seniensi.
1037 4973 1107 4982 —-
1146 4945 1165 4976 ³
1201 4945 1289 4996 De
1324 4957 1572 5010 persona
1603 4942 1739 4994 dicti
1767 4940 1994 4994 comitis
2031 4938 2308 5008 Wydonis
2343 4937 2834 5003 celebratam)
2874 4943 3171 5004 acceptare
3207 4943 3266 4988 et
3303 4937 3434 4990 rati·

728 5029 892 5082 ficare
928 5045 993 5082 ac
1031 5039 1230 5084 nostro
1268 5031 1628 5098 dignaremur
1666 5028 1968 5097 priuilegio
2005 5025 2354 5079 confirmare.
