3797 5795
1917 423 1994 433 —
2054 391 2181 454 242
2245 428 2330 434 -·

767 576 961 638 Belch
1006 587 1070 638 et
1118 579 1405 640 Petrozlo
1451 583 1585 642 iure
1629 591 1942 660 perpetuo
1990 582 2358 660 reliquimus
2401 581 2822 660 possidendas
2867 593 2930 643 et
2976 582 3061 644 ad
3109 583 3482 644 ulteriorem

765 699 830 750 et
874 688 1219 751 firmiorem
1268 691 1585 754 cautelam
1630 693 2032 772 presentibus
2077 693 2618 756 confirmauimus.
2665 693 2864 756 Anno
2907 698 3118 776 gracie
3167 695 3290 756 Μ’).
3319 691 3478 758 CC‘.

768 805 1172 884 sexagesimo
1218 804 1521 865 secundo,

948 1022 1245 1097 Orzginal
1284 1043 1325 1082 u
1388 1023 1478 1080 kr.
1530 1043 1631 1099 ug.
1680 1026 1807 1083 dri.
1872 1025 2098 1083 arkivu
2161 1045 2202 1084 u
2261 1027 2438 1084 Perti
2478 1027 2567 1084 M.
2625 1027 2692 1085 0.
2739 1027 2819 1085 D.
2863 1027 2935 1084 L.
2991 1029 3222 1084 3.3.918.
3281 1027 3478 1084 Stura

762 1127 1095 1200 signatura
1141 1127 1222 1185 N.
1270 1129 1344 1185 R.
1392 1129 1464 1185 A.
1496 1131 1675 1206 fasc.
1726 1131 1885 1185 1531.
1929 1149 2024 1188 no.
2057 1133 2158 1184 27.
2205 1164 2288 1172 —-
2335 1131 2444 1189 Na
2490 1132 2696 1188 listina·
2735 1132 2862 1189 visi
2899 1136 3302 1190 auto-ervena
3353 1132 3478 1188 svi—

763 1229 907 1286 lena
937 1250 1126 1289 vrvca
1158 1231 1261 1288 bez
1280 1236 1527 1308 pelata.
1562 1267 1646 1274 —-
1678 1233 1785 1291 Na
1816 1233 1998 1310 hrptu
2031 1233 2290 1310 bz'gjeska
2339 1236 2581 1294 XVIII.
2629 1235 2832 1310 vq‘jeka
2851 1257 2873 1292 .·
2926 1237 3474 1293 »adiudicatoriae

761 1345 951 1410 super
972 1336 1159 1392 terris
1214 1336 1563 1408 Oryavicha
1614 1346 1676 1393 et
1719 1337 1964 1395 Sceltha
2025 1339 2259 1395 vocatis
2292 1349 2411 1414 pro
2456 1339 2727 1412 Bylothe,
2792 1339 2982 1397 Belclt
3027 1348 3090 1397 et
3129 1340 3466 1397 Petrizloc.

935 1440 1125 1515 Feje‘r
1177 1440 1321 1499 cod.
1369 1441 1517 1518 dipl.
1567 1442 1780 1516 Hung.
1828 1442 1938 1500 IV.
1993 1445 2066 1511 3.,
2107 1446 2201 1498 65.
2250 1446 2638 1517 (extractus).
2688 1479 2771 1485 -—
2834 1445 3078 1502 Wenzel
3126 1444 3268 1503 cod.
3317 1444 3471 1518 dipl.

761 1543 992 1620 Arpad.
1039 1553 1192 1602 cont.
1243 1546 1353 1604 XI.
1403 1547 1758 1603 521.—522.
1806 1579 1891 1588 ——
1937 1545 2315 1622 Kukuljevic‘
2352 1548 2500 1622 Reg.
2547 1567 2640 1605 κο.
2690 1550 2827 1604 834.

2023 1941 2216 2021 746.

767 2124 953 2186 1262.
1000 2123 1061 2189 U
1106 2122 1463 2207 Zaqrebu.

762 2313 1182 2398 Zagrebacsz'
1234 2314 1469 2397 kaptol
1520 2313 1835 2398 svjedoc‘i,
1886 2314 1976 2377 da
2019 2336 2104 2376 su
2171 2313 2426 2399 Vukoje
2473 2313 2506 2377 i
2545 2313 2825 2420 ny'qgovz'
2880 2313 3152 2399 roasjacz'
3189 2315 3280 2376 od
3315 2315 3456 2399 ple-

762 2448 957 2490 mena
1003 2427 1286 2490 Druien
1328 2425 1610 2507 prodalz'
1645 2427 1885 2512 possed
1914 2427 2306 2490 Kamensko
2341 2427 2550 2490 Petra
2578 2433 2896 2512 prepos‘tu
2939 2428 3458 2490 Cazmcmskomu

1590 2539 1623 2602 ι’
1660 2541 1855 2603 bratu
1907 2540 2255 2625 nse-gevam
2302 2538 2620 2624 Andrz‘jt‘.

936 2730 1297 2812 Capitulum
1347 2733 1783 2814 Zagrabiensis
1814 2732 2079 2794 ecclesie
2110 2732 2408 2793 omnibus
2440 2751 2702 2811 presens
2733 2735 3038 2810 scriptum
3084 2733 3456 2810 inspecturis

758 2847 1026 2907 salutem
1076 2849 1137 2907 in
1186 2846 1470 2907 dominc.
1518 2844 1627 2907 Ad
1673 2847 2110 2907 vniuersorum
2160 2847 2464 2907 noticiam
2509 2845 2734 2906 harum
2782 2846 2940 2907 serie
2990 2845 3282 2905 volumus
3319 2864 3452 2925 per—

755 2962 987 3034 uenire,
1018 2960 1195 3039 quod
1226 2960 1605 3020 accedentes
1636 2959 1719 3019 ad
1753 2970 2036 3020 nostram
2066 2962 2461 3038 presenciam
2494 2960 2577 3020 de
2607 2978 2840 3041 genere
2885 2958 3156 3031 Drusen‚
3191 2958 3451 3035 Wlkoy,

756 3072 1041 3153 Dragota
1086 3072 1249 3132 filius
1293 3071 1490 3145 Dezk,
1537 3070 1902 3150 Descywoy
1947 3091 2064 3150 pro
2110 3091 2178 3132 se
2224 3084 2288 3132 et
2334 3072 2630 3133 fratribus
2675 3075 2802 3133 suis
2849 3071 3124 3144 Zobech,
3164 3072 3354 3132 Wlxa
3385 3084 3450 3131 et

756 3185 1129 3257 Dethmar0‚
1198 3185 1518 3266 Boguzlov
1588 3203 1706 3263 pro
1769 3204 1837 3244 se
1900 3194 1962 3245 et
2024 3185 2214 3245 fratre
2281 3205 2398 3245 suo
2467 3185 2758 3259 Doclesa,
2829 3184 3046 3245 Ruzka
3115 3203 3234 3263 pro
3279 3204 3346 3245 se
3387 3200 3452 3245 et

756 3298 945 3358 fratre
1005 3317 1121 3358 suo
1184 3296 1459 3371 Mlachk,
1518 3296 1891 3379 Dragonyg,
1953 3297 2253 3372 Zlawosa,
2319 3298 2568 3371 Petrisa,
2635 3297 2939 3359 Raducha
3001 3308 3064 3358 et
3129 3296 3455 3371 Gurduna,

756 3424 1003 3471 astante
1049 3410 1131 3470 ab
1176 3410 1371 3471 altera
1418 3420 1597 3490 parte
1644 3413 1947 3491 magistro
1996 3412 2184 3470 Petro
2231 3412 2559 3489 preposito
2616 3409 2990 3473 Chazmensi
3037 3422 3456 3482 asseruerunt,

757 3524 932 3601 quod
978 3542 1121 3583 cum
1174 3524 1285 3602 ipsi
1334 3534 1568 3584 terram
1614 3526 1875 3583 nomine
1927 3496 2353 3603 Kame(n)zka
2401 3523 2574 3583 dicto
2611 3525 2911 3605 magistro
2959 3524 3149 3585 Petro
3181 3536 3246 3584 et
3279 3525 3446 3583 fratri

754 3656 870 3695 suo
918 3638 1131 3696 comiti
1196 3634 1458 3696 Andree
1520 3636 1968 3708 vendidissent,
2029 3638 2190 3696 sicut
2236 3638 2299 3696 in
2345 3636 2482 3697 aliis
2526 3637 2746 3697 litteris
2793 3637 3022 3697 nostris
3089 3638 3451 3697 continetur

757 3795 1015 3808 .....
1061 3751 1143 3809 sis
1188 3749 1519 3830 Dragotha
1563 3750 1799 3809 scilicet
1844 3748 2243 3827 supradictus
2291 3751 2627 3809 insurrexit
2677 3749 3004 3810 mouendo
3047 3752 3450 3828 questionem

754 3881 941 3940 super
990 3862 1361 3922 vendicione
1410 3857 1619 3945 t[erre]
1668 3862 1955 3940 predicte
2001 3864 2303 3942 magistro
2335 3862 2525 3922 Petro
2556 3864 2883 3941 preposito
2928 3863 3314 3940 supradict0,
3345 3864 3448 3941 qui

752 3974 1083 4057 Dragotha
1127 3975 1392 4035 tandem
1438 3993 1506 4034 se
1551 3992 2020 4055 recognoscens
2065 3993 2262 4047 reum,
2309 3993 2378 4034 se
2426 3974 2702 4034 reddidit
2747 3984 2880 4035 tam
2929 3977 3236 4056 magistro
3270 3975 3452 4035 Petro

751 4090 1096 4167 preposite,
1128 4106 1322 4167 quam
1354 4090 1556 4147 eciam
1588 4088 1723 4147 aliis
1753 4089 2242 4168 consanguineis
2271 4090 2397 4148 suis
2426 4106 2544 4166 pro
2577 4086 3009 4165 tranquilitate
3053 4087 3446 4149 vendicionis

752 4210 1079 4273 temerata,
1124 4202 1522 4279 obtentoque
1567 4200 1743 4260 dono
1790 4201 1973 4260 venie
2020 4200 2196 4277 quod
2241 4200 2502 4278 petebat
2549 4200 2754 4261 taliter
2799 4219 2868 4260 se
2913 4199 3242 4281 obligauit,
3273 4200 3446 4280 quod

750 4316 800 4374 si
862 4313 1163 4392 deinceps
1223 4332 1506 4392 unquam
1578 4315 1926 4395 insurgeret
1993 4323 2216 4373 contra
2285 4315 2656 4394 magistrum
2727 4314 2984 4374 Petrum
3051 4325 3117 4374 et
3187 4314 3444 4375 fratrem

747 4445 932 4488 suum
1002 4436 1109 4486 aut
1176 4445 1569 4487 successores
1636 4446 1860 4487 eorum
1925 4428 2262 4487 occasione
2322 4436 2486 4486 terre
2548 4435 2916 4499 memorate,
2979 4428 3438 4508 quinquaginta

746 4557 979 4617 pensas
1044 4550 1193 4599 ante
1266 4557 1527 4599 omnem
1588 4538 1709 4600 litis
1769 4541 2122 4619 ingressum
2193 4538 2440 4599 soluere
2507 4549 2815 4612 teneatur,
2873 4539 3054 4599 saluo
3101 4559 3201 4614 e0,
3271 4540 3444 4619 quod

748 4650 1003 4730 insuper
1062 4651 1313 4712 uidetur
1373 4652 1559 4712 iudici
1621 4651 2118 4726 decernendum,
2165 4651 2609 4733 obligauerunt
2653 4654 2857 4713 eciam
2903 4670 2971 4713 se
3017 4654 3440 4730 prenominati

746 4764 829 4825 de
874 4782 1107 4845 genere
1153 4764 1403 4826 Drusen
1450 4764 1535 4824 ad
1581 4762 2086 4825 deffendendum
2149 4766 2520 4846 magistrum
2592 4764 2848 4827 Petrum
2893 4774 2958 4825 et
3004 4765 3267 4827 fratrem
3311 4768 3441 4827 eius

744 4877 1140 4939 antedictum
1185 4877 1270 4937 ab
1314 4878 1495 4938 omni
1543 4880 1889 4956 questione,
1938 4895 2131 4956 quam
2197 4879 2360 4938 orire
2405 4879 2805 4959 contingeret
2850 4891 3071 4955 qontra
3120 4896 3236 4939 eos
3281 4888 3443 4939 terre

744 4990 1003 5052 vendite
1062 4992 1334 5063 racione,
1380 4990 1848 5071 obligacionem
1910 5008 2092 5051 suam
2155 4990 2464 5052 vallantes
2508 4993 2572 5051 in
2619 4990 2790 5052 hunc
2836 4990 3125 5065 modum,
3173 4992 3350 5069 quod
3393 4993 3440 5051 si

746 5106 891 5182 quis
932 5122 1018 5164 ex
1062 5104 1211 5182 ipsis
1256 5122 1325 5164 se
1370 5102 1716 5164 retraheret
1758 5102 1843 5163 ab
1888 5102 2250 5164 huiusmodi
2298 5103 2698 5185 obligacione
2745 5114 2810 5164 et
2855 5122 2988 5165 non
3033 5112 3272 5165 astaret
3314 5124 3442 5165 ma-
