3797 5795
1809 392 2197 457 —168—

649 582 948 646 Damiani
1017 584 1101 645 ad
1169 585 1532 645 Romanam
1601 583 1937 645 ecclesiam
2003 582 2180 644 nullo
2248 580 2464 643 medio
2530 582 2905 661 pertinentis
2972 578 3251 641 salutern
3298 588 3372 639 et

649 696 1071 776 apostolicam
1116 696 1654 758 benedictionem.
1721 695 1822 757 Ne
1867 694 1951 757 de
1994 696 2313 757 solutione
2372 712 2603 755 census
2648 696 2835 755 unius
2878 693 3037 755 libre
3084 710 3247 765 cere,
3296 694 3369 752 in

649 828 782 890 quo
827 812 1011 871 annis
1054 808 1314 891 singulis
1358 809 1624 871 ecclesie
1668 808 1965 871 Romane
2003 808 2326 881 tenemini,
2358 808 2561 886 possit
2590 808 2655 867 in
2688 817 3019 887 posteram
3064 805 3370 877 dubitari,

649 942 770 983 nos
813 940 1079 984 censum
1126 924 1336 1003 ipsum
1382 940 1584 1003 usque
1642 921 1727 983 ad
1787 921 2209 1003 quadraginta
2261 939 2469 981 annos
2512 920 2790 981 fatemur
2836 920 3023 982 nobis
3068 938 3207 981 esse
3254 938 3365 979 so-

648 1035 876 1115 lutum,
921 1037 985 1096 in
1031 1034 1395 1096 huiusmodi
1441 1036 1530 1095 rei
1576 1036 2013 1097 testimonium
2043 1034 2230 1095 uobis
2259 1043 2587 1113 presentes
2620 1032 2860 1095 litteras
2904 1032 3367 1094 concedentes.

649 1146 894 1210 Datum
937 1147 1237 1231 Anagnie
1283 1147 1422 1209 XII.
1469 1146 1776 1209 kalendas
1821 1148 1949 1209 iulii
1996 1144 2401 1229 pontificatus
2448 1147 2647 1206 nostri
2692 1164 2866 1207 anno
2913 1156 3118 1206 sexto,

833 1342 1134 1417 Ortjginal
1172 1361 1214 1399 u
1263 1341 1528 1417 gubern.
1582 1338 1808 1397 arkivu
1855 1360 1896 1397 u
1942 1340 2177 1409 Zadru‚
2244 1341 2383 1398 odio
2450 1346 2809 1398 samostana
2851 1357 2939 1396 sv.
2989 1338 3217 1397 lVikole
3270 1339 3367 1398 br.

653 1448 752 1503 23.
800 1447 1035 1504 Pec‘ata
1080 1465 1278 1504 nemu.

1914 1838 2103 1919 675.

649 2016 854 2097 1260,
899 2015 1010 2081 20.
1047 2014 1255 2098 juna.
1304 2013 1364 2079 u
1406 2012 1722 2095 anagni.

647 2205 1091 2270 Aleksandar
1117 2204 1168 2267 I
1176 2204 1247 2267 V.
1282 2203 1518 2266 nalaie
1541 2200 2029 2287 prom'ncijalu,
2064 2200 2314 2266 vz'karu
2344 2202 2381 2266 ι’
2393 2203 2827 2289 gvardijanu
2861 2202 3365 2267 Malobrao‘ana

647 2316 1028 2395 zadarskz'lz‚
1078 2316 1169 2379 da
1214 2315 1459 2397 odrede
1505 2312 1709 2379 deliri
1745 2314 1956 2388 brata,
1982 2313 2135 2401 koji
2171 2321 2243 2379 be
2284 2314 2494 2380 vrfiti
2534 2314 2971 2403 duhovm'cf‘ku
3014 2316 3253 2379 sluibu
3306 2338 3357 2379 u

1237 2434 1638 2493 samos-lanu
1687 2428 1923 2529 duvnrt
1965 2448 2061 2491 sv.
2109 2428 2366 2491 Nz'kole
2409 2450 2456 2491 u
2504 2428 2762 2493 Zadru.

822 2620 1193 2684 Alexander
1239 2624 1578 2701 episcopus
1629 2639 1849 2682 seruus
1901 2640 2233 2681 seruorum
2280 2621 2383 2681 dei
2432 2620 2677 2681 dilectis
2722 2620 2907 2683 filiis.
2943 2669 2954 2680 .
2992 2670 3003 2680 .
3058 2624 3357 2682 ministro

649 2736 1018 2816 prouinciali
1051 2746 1114 2796 et
1147 2784 1158 2794 .
1301 2738 1434 2796 eius
1465 2736 1697 2795 vicario
1743 2744 1807 2795 et
1839 2781 1852 2792 .
1887 2781 1898 2791 .
1935 2780 1948 2791 .
1997 2733 2349 2815 guardiano
2390 2732 2710 2813 Jadrensis
2751 2734 2992 2795 ordinis
3026 2734 3355 2797 Minorum

649 2848 954 2913 Slauo'nie
999 2849 1266 2910 salutem
1315 2859 1379 2910 et
1425 2849 1844 2928 apostolicam
1876 2847 2415 2910 benedictionem.
2463 2844 2629 2926 Quia
2674 2864 2983 2926 personas
3026 2848 3360 2930 religiosas

650 2981 732 3023 eo
763 2963 984 3024 maiori
1015 2964 1316 3042 prosequi
1347 2961 1566 3022 fauore
1597 2962 1925 3035 debemus,
1978 2981 2109 3040 quo
2142 2961 2455 3025 deuotiori
2486 2958 2741 3039 placere
2778 2961 3037 3022 student
3082 2961 3357 3022 domino

651 3075 977 3150 famulatu,
1022 3075 1289 3136 libenter
1334 3074 1438 3135 illa
1483 3087 1749 3153 paterna
1794 3074 2218 3136 sollicitudine
2262 3093 2695 3153 procuramu8‚
2739 3093 2853 3153 per
2898 3092 3025 3154 que
3070 3076 3356 3152 ipsarum

647 3188 867 3269 religio
912 3187 1232 3248 laudabile
1276 3189 1596 3266 suscipere
1639 3188 1848 3248 ualeat
1894 3198 2155 3248 auctore
2188 3186 2454 3247 domino
2500 3189 2965 3247 incrementum
3010 3197 3077 3247 et
3121 3187 3355 3250 eedem

647 3301 1004 3361 animarum
1051 3300 1339 3374 salutem,
1385 3319 1502 3378 pro
1549 3318 1675 3378 qua
1724 3300 1947 3361 mundi
1980 3301 2329 3360 uanitatem
2361 3301 2615 3377 penitus
2646 3300 3051 3378 reliquerunt,
3088 3300 3357 3360 liberius

651 3422 1137 3491 consequantur.
1209 3412 1378 3473 Hinc
1446 3425 1559 3485 est,
1636 3413 1811 3491 quod
1879 3431 2025 3474 cum
2098 3415 2256 3472 sicut
2327 3411 2556 3472 dilecte
2625 3415 2688 3472 in
2764 3411 3017 3476 Christo
3086 3411 3257 3473 filie.
3294 3461 3307 3472 .
3342 3461 3355 3472 .

649 3525 969 3585 abbatissa
1032 3537 1096 3585 et
1155 3535 1513 3585 conuentus
1561 3525 1931 3585 monialium
1977 3524 2359 3585 inclusarum
2408 3525 2773 3585 monasterii
2802 3520 3023 3585 'sancti
3072 3525 3351 3603 Nicolay

647 3635 979 3716 Jadrensis,
1045 3637 1285 3697 ordinis
1351 3639 1547 3698 sancti
1597 3636 1895 3698 Damiani
1942 3637 2026 3697 ad
2076 3638 2435 3698 Romanam
2497 3623 2829 3698 ecclesiam
2895 3638 3071 3698 nullo
3134 3633 3359 3698 medio

647 3751 1037 3829 pertinentiS,
1097 3751 1284 3810 nobis
1344 3769 1670 3828 exponere
1716 3761 2091 3810 curauerant
2152 3750 2466 3829 aliquibus
2520 3730 2813 3810 fratribus
2860 3751 3052 3811 uestri
3114 3751 3359 3812 ordinis

648 3851 992 3944 indigeant,
1038 3863 1143 3941 qui
1193 3865 1282 3922 eis'
1327 3861 1544 3922 diuina
1590 3861 1797 3922 officia
1829 3863 2153 3923 celebrent
2185 3871 2249 3922 et
2282 3837 2631 3924 exhibeant
2676 3863 3103 3925 ecclesiastica
3149 3864 3358 3924 sacrass

649 3985 886 4044 menta,
958 3975 1320 4059 discretioni
1390 3987 1598 4036 uestre
1667 3995 1780 4054 pcr
1847 3976 2199 4055 apostolica
2239 3957 2494 4054 ¹scripta
2562 3950 2645 4036 in⁴
2696 3969 2929 4048 uirtute
2975 3958 3363 4038 obediencie

647 4087 926 4148 districte
956 4088 1370 4167 precipiendo
1405 4085 1803 4160 mandamuS,
1853 4091 2149 4166 quatinus
2194 4073 2496 4167 predictis
2542 4086 2862 4150 abbatisse
2894 4088 2957 4150 et'
3006 4077 3355 4151 conuehuii

647 4211 922 4279 quatuor
967 4201 1050 4260 de
1095 4201 1390 4262 fratribus
1452 4203 1640 4261 uestri
1705 4202 1943 4261 ordinis
2001 4202 2309 4281 prouidos
2369 4214 2431 4262 et
2494 4203 2801 4263 discretos
2870 4214 3080 4263 uestre
3125 4205 3349 4263 amini·

645 4316 963 4374 strationis
1009 4333 1124 4393 pro
1173 4314 1570 4374 celebrandis
1616 4315 1844 4374 diuinis
1890 4315 2113 4404 officiis
2145 4325 2207 4375 et
2240 4315 2617 4376 exhibendis
2662 4315 3103 4377 ecclesiasticis
3148 4334 3355 4376 sacra-

645 4429 880 4488 mentis
945 4428 1191 4506 absque
1259 4426 1629 4488 difficultate
1700 4427 1981 4506 qualibet
2016 4403 2018 4405 ,
2049 4428 2417 4488 concedatis
2485 4430 2546 4488 in
2615 4430 2897 4507 ipsarum
2961 4431 3351 4489 monasterio

645 4559 1112 4618 permansurOS,
1157 4560 1286 4600 non
1321 4541 1723 4600 obstantibus
1770 4543 2225 4601 constitutione
2258 4543 2445 4601 uestri
2479 4540 2717 4601 ordinis
2764 4558 2876 4602 seu
2924 4541 3133 4620 aliqua
3182 4540 3352 4602 sedis

643 4653 996 4731 apostolice
1043 4654 1434 4736 indulgentia
1484 4654 1685 4712 ordini
1737 4665 1948 4713 uestro
1981 4673 2285 4730 concessa
2332 4656 2786 4734 cuiuscumque
2817 4657 3057 4716 tenoris
3104 4658 3351 4728 existat,

644 4783 760 4844 per
808 4784 998 4842 quam
1051 4766 1410 4826 huiusmodi
1447 4769 1726 4846 precepti
1761 4769 1955 4825 nostri
2005 4769 2302 4827 executio
2347 4749 2641 4846 impediri
2690 4767 2901 4829 ualeat
2948 4768 3050 4828 uel
3098 4768 3349 4828 disserti.

645 4877 845 4956 Quod
890 4882 935 4938 si
988 4898 1116 4939 non
1165 4859 1391 4940 omnes
1437 4878 1552 4939 hiis
1597 4880 1994 4956 exequendis
2039 4881 2368 4957 potueritis
2427 4863 2746 4954 interesse,
2791 4881 3017 4962 singuli
3065 4859 3345 4942 uestrum

647 5010 724 5051 ea
771 4991 1216 5051 nichilominus
1261 5002 1674 5066 exequantur.
1722 4990 1961 5052 Datum
2010 4989 2375 5074 Agnanie(!)
2412 4993 2800 5054 duodecimo
2848 4992 3159 5054 kalendas
3204 4995 3347 5064 iulii,

647 5103 1057 5182 pontificatus
1104 5105 1298 5164 nostri
1347 5123 1519 5163 anno
1565 5121 1768 5164 sexto,
