3797 5795
480 560 627 602 cum
675 541 814 602 filiis
861 541 1131 620 Berivoy
1178 550 1241 600 et
1287 559 1400 618 per
1445 541 1714 602 rivulum
1764 540 1936 601 vadit
1981 542 2268 620 superius
2312 557 2540 618 parum
2585 549 2650 600 et
2695 539 2830 600 exit
2875 537 2960 598 ad
2992 555 3190 599 unam

480 657 710 714 siccam
760 653 1009 727 vallem,
1040 671 1167 731 que
1198 653 1372 714 ducit
1403 653 1487 714 ad
1519 652 1678 714 duas
1726 660 1948 726 metas,
1995 671 2266 731 quarum
2305 670 2432 712 una
2466 660 2560 712 est
2597 651 2868 713 filiorum
2917 649 3189 728 Berivoy

479 767 565 827 ab
595 768 843 828 oriente
875 777 939 827 et
972 767 1169 828 altera
1202 765 1477 828 filiorum
1512 763 1902 848 Beryzwal(!)
1935 766 2020 828 ab
2051 764 2402 827 occidente.
2438 764 2595 826 Inde
2627 763 2996 826 transiendo
3021 765 3189 824 viam

478 880 649 941 cadit
695 882 759 939 in
804 880 1035 940 vallem
1098 882 1359 940 nomine
1420 878 1681 941 Graboa
1728 891 1790 940 et
1838 899 1952 958 per
2017 897 2158 940 eam
2224 877 2622 940 descendens
2668 879 2801 938 exit
2849 877 2932 938 de
2979 895 3056 938 ea
3103 875 3188 936 ad

477 995 712 1054 siccam
760 992 991 1054 vallem
1038 995 1101 1053 in
1148 1012 1274 1054 una
1323 1003 1492 1053 meta
1540 993 1660 1054 sub
1704 993 1934 1053 arbore
1979 991 2210 1064 bicksa,
2258 991 2472 1069 ibique
2517 1002 2845 1068 separatur
2889 989 2972 1050 ad
3023 1000 3186 1050 terra

477 1105 753 1168 filiorum
820 1106 1118 1185 Beryvoy
1164 1117 1227 1166 et
1274 1108 1444 1166 venit
1512 1107 1797 1184 superius
1865 1108 2028 1166 intra
2096 1116 2328 1166 terram
2390 1105 2574 1164 castri
2637 1123 2752 1182 per
2797 1103 3052 1164 frutices
3123 1103 3184 1162 in

478 1218 673 1279 berch
749 1221 813 1279 in
880 1218 1050 1279 illam
1122 1218 1372 1292 vallem,
1442 1237 1567 1296 que
1627 1218 1801 1279 ducit
1872 1220 1934 1278 in
2003 1235 2305 1299 magnam
2368 1218 2597 1279 vallem
2674 1227 2736 1277 et
2804 1217 2888 1276 ibi
2966 1215 3185 1276 relicto

477 1343 686 1392 castro
748 1333 965 1410 incipit
1027 1341 1247 1392 tenere
1292 1343 1533 1392 metam
1580 1350 1729 1392 cum
1777 1331 2115 1392 Mortunus
2159 1330 2289 1391 filio
2339 1328 2565 1394 Chenk
2609 1341 2674 1390 et
2719 1331 3010 1410 cognatis
3055 1328 3184 1388 suis

477 1455 541 1504 et
586 1464 701 1524 per
748 1444 918 1505 illam
967 1463 1269 1525 magnam
1318 1445 1547 1506 vallem
1596 1445 1769 1505 vadit
1814 1447 2100 1524 superius
2145 1463 2362 1504 versus
2407 1445 2934 1522 septemtrionem
2981 1459 3184 1519 usque

476 1557 560 1618 ad
608 1558 839 1632 locum,
886 1558 994 1618 ubi
1042 1559 1176 1618 exit
1222 1559 1305 1618 de
1351 1578 1427 1619 ea
1471 1558 1554 1620 ad
1602 1576 1797 1619 unam
1846 1558 2074 1620 vallem
2121 1557 2204 1618 ad
2251 1567 2490 1618 metam
2537 1556 2621 1618 ad
2667 1557 2962 1616 arborem
3009 1555 3184 1618 tulfa.

481 1671 640 1731 Item
690 1673 859 1732 venit
904 1673 1191 1750 superius
1236 1670 1318 1732 ad
1366 1671 1525 1732 duas
1558 1682 1778 1746 metaS,
1824 1690 2094 1750 quarum
2143 1688 2270 1732 una
2316 1681 2412 1731 est
2459 1669 2716 1732 Gordos
2761 1683 2824 1730 et
2869 1655 3067 1730 altera
3114 1669 3184 1730 fi-

478 1784 707 1844 liorum
741 1781 1062 1861 Brezvalssl
1099 1787 1160 1845 in
1193 1785 1526 1846 arboribus
1572 1784 1745 1846 tulfa.
1794 1783 1954 1846 Inde
2001 1785 2171 1846 cadit
2218 1785 2280 1844 in
2327 1784 2556 1844 vallem
2599 1783 2827 1863 Jelsua‚
2859 1802 2984 1862 que
3017 1782 3190 1843 ducit

475 1895 747 1968 inferius
793 1898 898 1957 ubi
948 1905 1043 1957 est
1088 1898 1209 1958 sub
1253 1897 1481 1958 arbore
1526 1898 1813 1978 gestansa
1878 1906 1940 1958 et
2003 1899 2135 1958 exit
2182 1897 2264 1956 ad
2312 1915 2506 1958 unam
2563 1895 2810 1971 vallem,
2856 1914 2983 1976 que
3015 1895 3188 1956 ducit

475 2009 559 2070 ad
608 2019 843 2069 metam
904 2009 1025 2069 sub
1088 2007 1315 2070 arbore
1378 2008 1647 2070 kurtelfa
1708 2021 1771 2070 et
1819 2010 1900 2069 ibi
1951 2012 2011 2069 in
2059 2029 2186 2070 una
2232 2011 2396 2070 sicca
2460 2009 2622 2070 valle
2679 2011 2810 2070 exit
2863 2008 2948 2069 ad
2993 2007 3189 2068 berch

474 2140 678 2201 usque
724 2122 808 2182 ad
857 2125 1023 2182 viam
1072 2122 1155 2183 ad
1203 2133 1440 2184 metam
1490 2123 1609 2183 sub
1655 2123 1884 2183 arbore
1931 2123 2166 2184 almafa
2211 2134 2274 2183 et
2322 2123 2560 2184 ibidem
2610 2123 2778 2183 cadit
2827 2126 2890 2182 in
2939 2121 3186 2196 vallem,

474 2253 601 2312 que
666 2237 843 2296 iuxta
906 2235 1175 2296 domum
1242 2236 1539 2296 chhete
1584 2235 1760 2296 ducit
1805 2237 1869 2296 in
1916 2235 2186 2297 rivulum
2233 2234 2505 2310 Desche‚
2551 2237 2657 2297 ubi
2705 2245 2798 2296 est
2849 2245 3019 2296 meta
3067 2236 3186 2294 sub

475 2349 702 2409 arbore
748 2347 1065 2409 kurtuelsa
1115 2360 1179 2409 et
1223 2368 1337 2428 per
1384 2349 1559 2410 illum
1598 2349 1869 2410 rivulum
1917 2349 2330 2431 progrediens
2377 2350 2632 2410 inferius
2678 2351 2813 2410 exit
2859 2349 2942 2410 ad
2989 2367 3185 2409 unam
3245 2369 3250 2374 ’

475 2462 707 2522 siccam
778 2460 1008 2523 vallem
1058 2463 1120 2521 in
1167 2462 1333 2536 loc0‚
1378 2461 1487 2523 ubi
1533 2473 1629 2522 est
1678 2471 1849 2523 meta
1894 2462 2016 2522 sub
2070 2463 2298 2522 arbore
2367 2462 2542 2536 tulfa,
2609 2462 2782 2523 unde
2851 2461 3026 2522 vadit
3072 2481 3187 2540 pcr

473 2576 678 2652 ipsam
740 2574 970 2635 vallem
1031 2577 1317 2654 superius
1373 2594 1577 2653 usque
1622 2573 1707 2636 ad
1755 2576 1986 2648 locum,
2035 2575 2138 2635 ubi
2188 2577 2322 2636 exit
2367 2578 2430 2636 in
2479 2595 2605 2636 una
2652 2595 2846 2654 parva
2892 2574 3054 2636 valle
3101 2574 3186 2634 ad

474 2689 727 2748 vineam
788 2688 1135 2750 sacerdotis
1197 2690 1259 2749 in
1324 2699 1614 2748 montem
1678 2689 1893 2766 ibique
1957 2688 2128 2749 cadit
2191 2689 2273 2748 ad
2337 2699 2636 2770 magnam
2686 2689 2854 2749 viam
2903 2690 2964 2749 in
3012 2699 3184 2748 meta

476 2812 678 2862 terrea
726 2812 787 2861 et
834 2819 948 2880 per
993 2799 1165 2861 illam
1213 2801 1295 2861 ad
1342 2804 1508 2863 viam
1550 2805 1611 2862 in
1645 2802 1840 2863 berch
1886 2802 2060 2862 vadit
2106 2801 2344 2862 directe
2389 2821 2504 2880 per
2548 2804 2834 2880 spacium
2875 2819 3184 2882 magnum

476 2933 693 2974 versus
739 2918 1051 2976 orientem
1100 2925 1162 2975 et
1210 2918 1431 2975 transit
1478 2917 1644 2976 viam
1691 2918 1755 2976 in
1804 2915 2074 2977 modum
2123 2918 2323 2977 crucis
2357 2928 2419 2975 et
2451 2916 2690 2977 ibidem
2741 2916 2802 2975 in
2851 2934 2979 2976 una
3010 2925 3184 2975 meta

476 3027 595 3086 sub
639 3027 867 3088 arbore
900 3027 1053 3088 tulfa
1086 3028 1257 3088 cadit
1289 3030 1353 3089 in
1384 3028 1613 3090 vallem
1654 3032 1918 3090 nomine
1966 3028 2336 3091 Kremenna
2370 3039 2433 3090 et
2465 3049 2579 3108 per
2609 3048 2753 3089 eam
2786 3026 3186 3089 descendens

476 3142 609 3201 exit
656 3141 739 3201 ad
786 3151 1026 3203 metam
1074 3142 1193 3201 sub
1241 3142 1469 3201 arbore
1528 3143 1815 3224 gertanfa
1878 3153 1944 3203 et
2003 3144 2214 3203 veniet
2261 3143 2345 3202 ad
2393 3160 2696 3223 magnam
2745 3143 2910 3201 viam
2958 3140 3043 3202 ad
3089 3160 3183 3201 ar-

476 3254 703 3315 borem
750 3254 907 3315 tulfa
952 3256 1476 3335 crucesignatam‚
1508 3255 1628 3315 sub
1661 3273 1787 3332 qua
1819 3265 1916 3316 est
1950 3265 2120 3316 meta
2170 3264 2387 3316 terrea.
2436 3254 2594 3316 Inde
2625 3275 2740 3333 per
2769 3256 2937 3315 viam
2969 3272 3186 3315 versus

480 3367 812 3429 meridiem
876 3387 989 3445 per
1050 3369 1381 3445 antiquam
1444 3370 1610 3428 viam
1673 3368 2074 3429 descendens
2139 3369 2311 3429 ducit
2357 3370 2422 3429 in
2468 3369 2734 3430 rivulum
2803 3366 3071 3428 Bobuch
3119 3371 3181 3427 in

478 3492 649 3541 meta
696 3480 816 3542 sub
862 3481 1090 3540 arbore
1136 3481 1523 3541 monoroufa
1568 3492 1631 3541 et
1678 3500 1791 3559 per
1836 3481 2115 3541 eundem
2161 3481 2334 3541 vadit
2381 3484 2558 3542 iuxta
2603 3493 2836 3542 terram
2882 3483 3065 3541 castri
3099 3480 3182 3541 ad

479 3594 754 3671 priorem
790 3602 1049 3665 metam,
1080 3593 1188 3653 ubi
1219 3592 1421 3653 fuerat
1452 3596 1707 3655 incoata
1737 3595 1953 3673 ibique
1985 3596 2374 3656 terminatur.
2412 3595 2573 3655 Item
2593 3592 2873 3658 Chuntfil
2907 3597 3182 3655 serviens

478 3705 762 3767 eiusdem
828 3705 1089 3767 Mortun
1152 3724 1368 3767 coram
1418 3707 1604 3767 nobis
1649 3708 2066 3785 pcrsonaliter
2133 3710 2514 3769 constitutus
2559 3719 2792 3769 terram
2840 3726 3020 3768 suam
3069 3726 3181 3766 no-

476 3819 647 3878 mine
693 3816 1020 3889 Dedecha‚
1066 3837 1263 3897 quam
1324 3819 1495 3880 idem
1559 3819 1821 3881 Mortun
1867 3841 1987 3900 pro
2031 3824 2304 3882 serviciis
2351 3824 2478 3883 suis
2523 3822 2638 3882 sibi
2687 3823 2918 3882 nostris
2961 3821 3182 3880 litteris

474 3932 846 4004 contulerat,
899 3932 1252 3993 voluntarie
1314 3933 1716 4011 presentibus
1776 3944 1839 3994 et
1903 3936 2448 3996 consentientibus
2506 3936 2725 3996 vicinis
2770 3937 2988 3995 comiti
3037 3932 3181 3994 Ruh

473 4043 693 4104 vendit
740 4063 857 4123 pro
905 4045 1105 4105 tribus
1150 4048 1378 4106 marcis
1438 4064 1656 4107 coram
1726 4046 1914 4107 nobis
1959 4048 2310 4126 persolutis,
2358 4046 2550 4111 Cuius
2595 4059 2758 4108 terre
2804 4060 2975 4109 mete
3021 4051 3180 4109 sicut

474 4159 870 4236 inspeximus
917 4160 979 4218 in
1026 4157 1273 4219 hisdem
1336 4160 1650 4237 prioribus
1709 4160 1929 4221 litteris
1989 4164 2219 4222 nostris
2263 4162 2424 4223 tales
2469 4174 2642 4222 sunt:
2693 4160 2918 4239 Incipit
2963 4172 3177 4221 autem

471 4272 675 4350 prima
723 4282 894 4331 meta
927 4292 964 4331 a
995 4282 1175 4349 parte
1220 4271 1601 4333 occidentali
1634 4275 1695 4332 in
1728 4274 1955 4334 arbore
1987 4274 2214 4349 harast‚
2260 4275 2379 4335 sub
2427 4294 2552 4353 qua
2600 4284 2696 4335 est
2740 4284 2912 4335 meta
2959 4286 3178 4335 terrea.

474 4382 633 4443 Inde
678 4382 854 4444 vadit
898 4402 1013 4461 per
1057 4386 1226 4445 viam
1273 4384 1357 4444 ad
1402 4388 1715 4445 orientem
1763 4396 1825 4446 et
1872 4388 2095 4448 exiens
2142 4388 2224 4447 de
2271 4391 2405 4468 ipsa
2452 4390 2552 4448 via
2598 4390 2789 4447 intrat
2836 4390 2900 4447 in
2948 4388 3177 4448 vallem

470 4514 665 4556 unam
729 4515 857 4575 que
918 4496 1147 4575 Lypva
1204 4508 1483 4572 vocatur,
1545 4500 1607 4558 in
1669 4499 1897 4559 eadem
1961 4511 2174 4562 autem
2236 4501 2399 4562 valle
2457 4501 2746 4581 procedit
2792 4501 3050 4562 inferius
3093 4501 3178 4562 ad

472 4617 719 4685 partem
785 4609 1264 4671 meridionalem
1316 4622 1379 4671 et
1424 4611 1594 4672 cadit
1641 4615 1705 4672 in
1753 4613 1981 4673 vallem
2030 4633 2223 4675 unam
2273 4634 2397 4692 que
2445 4614 2742 4696 Noguelg
2805 4625 3068 4676 vocatur
3114 4626 3176 4676 et

471 4724 533 4781 in
581 4722 812 4783 eadem
876 4722 1037 4783 valle
1099 4724 1304 4784 tendit
1365 4728 1650 4803 superius
1695 4736 1759 4787 et
1805 4728 1938 4787 exit
2000 4727 2083 4787 ad
2143 4746 2338 4787 unam
2401 4730 2633 4789 siccam
2686 4727 2912 4788 vallem
2965 4729 3178 4808 ibique

470 4844 566 4895 est
612 4835 801 4896 arbor
862 4834 998 4913 byk
1059 4847 1230 4897 meta
1291 4848 1494 4898 terrea
1554 4839 1932 4899 circumfusa
1979 4849 2041 4900 et
2091 4842 2151 4900 in
2198 4840 2427 4901 eadem
2472 4840 2634 4901 valle
2680 4841 3037 4920 procedens
3081 4860 3176 4901 re·

469 4950 732 5008 vertitur
777 4949 860 5009 ad
909 4958 1145 5009 metam
1211 4952 1501 5028 primitus
1562 4955 1956 5013 nominatam
2004 4963 2069 5014 et
2117 4954 2199 5014 ibi
2247 4956 2634 5014 terminatur.
2696 4955 3176 5015 Renunciarunt

469 5064 671 5122 eciam
738 5062 1039 5123 omnibus
1097 5062 1530 5124 instrumentis
1574 5065 1767 5126 iidem
1814 5066 2193 5136 venditoreS,
2240 5084 2513 5144 quorum
2559 5070 2934 5129 auctoritate
2979 5078 3176 5129 terras
