3797 5795
1562 378 1975 447 -549-

421 566 645 635 lesimo
685 564 1131 635 ducentesimo
1190 567 1680 651 septuagesimo,
1745 568 1965 635 Idibus
2010 570 2163 635 iunii
2206 573 2383 653 regni
2428 580 2644 638 autem
2705 573 2902 637 nostri
2948 590 3124 635 anno

422 699 645 761 primo.

598 874 659 931 Iz
710 872 915 932 Codex
975 892 1183 931 rerum
1244 873 1460 949 Hung.
1508 874 1592 932 N.
1639 874 1944 953 lstvanffy
2011 894 2052 932 u
2093 876 2222 958 fol.
2290 876 2458 949 (mss.
2520 876 2694 939 XVI.
2753 877 3034 956 stogjec‘a)
3086 896 3127 933 u

428 978 757 1035 narodnom
826 979 1067 1053 muzeju
1128 997 1169 1035 u
1230 978 1624 1055 Budimpeffti
1688 980 1830 1053 (sag.
1898 982 2024 1033 :227
2029 983 2079 1036 5.
2132 980 2264 1057 sol.
2327 980 2466 1054 lat.)
2534 983 2864 1039 416—421.
2929 1012 3008 1025 -
3077 981 3130 1039 O

428 1081 643 1158 Matzji
679 1082 922 1157 vojvodi
963 1080 1329 1157 erdeljkkom
1373 1102 1449 1139 sa
1493 1091 1707 1140 strane
1752 1082 2013 1159 bz'ljeska
2060 1084 2477 1154 Istvanfi'yeva
2498 1106 2518 1142 .·
2586 1085 2749 1143 »Iste
2810 1086 2992 1144 credo
3030 1093 3134 1143 est

430 1185 715 1245 Matheus
770 1187 849 1243 de
914 1186 1301 1256 Trencltim'o,
1375 1186 1655 1245 Claudus
1703 1196 1925 1265 postea
1959 1188 2309 1265 palatinus,
2371 1190 2484 1265 qui
2524 1209 2662 1247 cum
2718 1189 2939 1249 Carolo
2986 1206 3164 1266 rege·

434 1289 651 1349 bellum
684 1292 887 1366 gessit
923 1290 1113 1351 herus
1156 1292 1476 1351 Feliciani
1518 1290 1607 1351 Ib.
1663 1294 1801 1351 420.
1817 1316 1842 1345 «

602 1396 784 1475 Έςίέν
834 1395 975 1459 Cod.
1027 1396 1175 1473 dipl.
1221 1397 1439 1471 Hung.
1502 1396 1633 1459 Vll.
1680 1400 1735 1454 2.
1785 1398 1937 1451 12—-
1954 1400 2006 1453 6.
2056 1431 2142 1441 -—
2187 1397 2562 1474 Kukuty'evic‘
2599 1401 2754 1475 Reg.
2803 1419 2897 1459 no.
2951 1404 3126 1457 1006.

442 1879 633 1957 1270,
677 1879 783 1945 18.
819 1878 1003 1962 jula.
1049 1878 1109 1945 U
1152 1878 1453 1948 Pinna.

446 2066 593 2137 Mir
607 2022 648 2135 ἰ’
659 2068 1123 2160 przjatelyktvo
1171 2068 1465 2153 z'zmeaJu
1516 2068 1575 2133 S
1557 2069 1781 2155 pb'eta
1812 2068 1847 2133 τ’
1878 2069 2142 2137 Pz'rana
2172 2093 2244 2140 se
2273 2072 2658 2159 obnovljuje
2689 2078 2816 2149 (na
2849 2075 3129 2161 temeh'u

1189 2180 1429 2249 lz'stine
1472 2183 1566 2247 od
1594 2203 1665 2269 g.
1715 2187 1907 2249 1192.
1956 2188 2064 2249 27.
2113 2184 2394 2271 aprz'la.)

606 2372 672 2433 In
717 2375 981 2439 nomine
1027 2373 1129 2435 dei
1176 2376 1376 2435 eterni
1436 2394 1644 2436 amen.
1692 2348 1891 2436 Anno
1940 2378 2391 2439 incarnationis
2451 2378 2737 2439 eiusdem
2786 2378 3128 2441 millesimo

450 2484 869 2547 ducentesimo
928 2488 1418 2571 septuagesimO,
1476 2489 1826 2550 indictione
1870 2492 2064 2551 tercia
2111 2489 2379 2565 decima,
2441 2502 2668 2570 quarto
2725 2491 2980 2554 decimo
3029 2493 3133 2555 die

451 2612 705 2663 exeunte
736 2600 905 2675 iulio,
935 2610 1244 2685 regnante
1276 2600 1545 2663 domino
1577 2610 1797 2663 nostro
1837 2601 2172 2682 Stephano
2217 2606 2620 2665 serenissimo
2650 2584 2801 2687 rege
2835 2605 3132 2689 Ungarie,

452 2715 824 2793 temporibus
890 2713 1137 2775 domini
1189 2712 1499 2794 Johannis
1557 2716 1936 2777 venerabilis
1979 2715 2372 2796 Spalatensis
2416 2718 2892 2799 archiepiscopi,
2939 2720 3134 2781 incliti

452 2827 551 2886 viri
592 2828 734 2890 bani
780 2828 1024 2890 Herrici
1072 2829 1341 2903 comitiS,
1394 2827 1619 2910 Julane
1665 2828 1879 2913 Srege,
1947 2831 2112 2892 Petri
2159 2830 2501 2908 Leonardi,
2545 2831 2867 2893 Privoslai.
2892 2830 3136 2893 Dabral

452 2939 723 3002 iudicum.
771 2941 911 3004 Nos
966 2942 1231 3022 predicti
1292 2942 1535 3004 iudices
1596 2962 1723 3004 una
1786 2962 1932 3004 cum
2003 2946 2232 3004 nostris
2292 2944 2660 3006 consiliariis
2720 2955 2784 3006 et
2843 2946 3133 3007 universa

453 3056 823 3116 comunitate
868 3057 933 3115 in
976 3058 1194 3138 aringa
1238 3056 1520 3138 generali
1580 3055 2080 3136 approbavimus
2125 3068 2190 3118 et
2235 3056 2754 3120 confirmavimus
2814 3061 3135 3138 composi-

453 3164 673 3228 tionem
739 3179 805 3229 et
871 3172 1355 3230 renovationem
1423 3171 1600 3248 pacis
1664 3189 1781 3249 per
1844 3169 2248 3248 prenobilem
2317 3179 2607 3231 nostrum
2675 3172 3009 3232 concivem
3069 3182 3134 3233 et

451 3279 735 3340 nuncium
782 3279 1098 3342 Marinum
1148 3279 1383 3344 Sacidii
1430 3284 1593 3342 inter
1637 3300 1759 3342 nos
1802 3291 1868 3342 et
1913 3283 2083 3342 cives
2129 3281 2334 3344 Pirani
2380 3282 2673 3344 ordinate
2717 3295 2912 3364 atque
2955 3303 3132 3346 corn-

448 3391 654 3467 posite,
715 3396 992 3455 iurantes
1052 3413 1174 3455 nos
1232 3394 1471 3455 iudices
1531 3396 1749 3455 omnia
1810 3395 2150 3456 observare
2197 3413 2323 3474 que
2367 3397 2434 3456 in
2479 3415 2704 3458 eorum
2772 3401 3134 3460 continetur

448 3500 851 3569 instrumento
897 3526 1092 3568 manu
1130 3506 1439 3587 Johannis
1468 3510 1564 3568 sui
1596 3509 1819 3570 notarii
1868 3507 2167 3569 confecto
2198 3518 2261 3570 et
2293 3508 2358 3569 id
2389 3509 2726 3571 observare
2773 3513 3133 3573 iuraverunt

446 3614 677 3679 nobiles
720 3621 831 3680 viri
874 3639 993 3700 pro
1038 3639 1108 3682 se
1154 3630 1218 3682 et
1262 3621 1552 3681 universa
1597 3624 2020 3683 comunitate:
2076 3621 2290 3703 Judex
2338 3621 2550 3683 Micha
2597 3623 2813 3698 Madii,
2856 3621 3130 3686 Duimus

442 3723 689 3809 Sirgrot,
736 3730 1006 3808 Iacobus
1051 3731 1225 3808 Sare,
1263 3733 1589 3814 Johannes
1636 3732 1872 3808 Cindri‚
1934 3735 2144 3797 Lucas
2203 3735 2395 3811 Dese,
2451 3735 2736 3818 Julianus
2803 3737 3130 3816 Stephani,

438 3835 620 3918 Joseb
666 3845 849 3922 Petri,
910 3845 1212 3908 Mai-anus
1260 3845 1597 3921 SimeoniS,
1658 3846 1831 3909 Desa
1874 3845 2159 3925 Andree,
2213 3849 2495 3931 Joannes
2539 3847 2788 3926 Dusize‚
2837 3850 3131 3912 Vulcane

435 3949 641 4032 Jancii,
679 3957 1006 4038 Johannes
1049 3958 1307 4021 Dabral.
1355 3959 1606 4023 Omnes
1652 3963 1749 4021 isti
1796 3963 2157 4023 iuraverunt
2201 3981 2320 4043 pro
2365 3964 2656 4024 universa
2703 3965 3130 4024 comunitate:

444 4065 769 4137 observare
813 4075 1137 4154 perpetuis
1174 4073 1577 4157 temporibus
1607 4072 1857 4136 firmam
1890 4093 2121 4157 pacem
2155 4071 2352 4160 (cum)
2387 4075 2754 4138 hominibus
2786 4075 2868 4136 de
2901 4075 3131 4137 Pirano

444 4185 787 4246 secundum
854 4187 1186 4270 antiquam
1254 4187 1629 4266 paccionem
1695 4189 1757 4248 in
1818 4187 2109 4271 predicto
2156 4190 2580 4250 instrumento
2627 4199 3003 4252 contentam
3067 4199 3131 4252 et

444 4297 607 4371 quod
637 4298 846 4360 taliter
890 4301 1203 4360 continet:
1252 4299 1324 4359 In
1357 4303 1620 4360 nomine
1658 4299 1922 4360 domini.
1968 4299 2168 4363 Anno
2200 4300 2490 4367 eiusdem
2521 4302 2860 4370 millesimo
2893 4301 3132 4368 ducen-

440 4409 658 4472 tesimo
703 4414 1194 4492 septuagesimO,
1238 4411 1585 4473 indictione
1631 4414 1815 4474 tertia
1862 4412 2130 4475 decima.
2177 4411 2418 4475 Actum
2467 4414 2670 4475 Pirani
2717 4417 2780 4475 in
2827 4425 3015 4495 porta
3051 4415 3134 4477 de

438 4537 679 4603 campo,
722 4527 788 4585 in
834 4525 1149 4585 concione
1183 4526 1384 4587 Pit-ani
1433 4538 1821 4608 congregata
1869 4526 1974 4588 die
2018 4525 2300 4588 secunda
2332 4528 2570 4588 mensis
2601 4528 2828 4606 aprilis,
2873 4546 3133 4606 presen-

440 4633 597 4698 tibus
641 4636 921 4698 dominis
978 4637 1313 4721 Almerigo
1359 4640 1616 4715 Veneri,
1678 4638 1974 4720 Johanne
2021 4639 2363 4714 Mazar010,
2425 4641 2709 4702 Henrico
2753 4635 3137 4723 TaglacoZO,

440 4743 777 4832 Adalgerio
810 4750 1115 4828 Odorlici,
1146 4752 1207 4814 N
1211 4754 1393 4815 icolai
1424 4755 1652 4814 notarii
1682 4763 1747 4814 et
1779 4753 1916 4814 aliis
1947 4754 2230 4833 pluribus
2260 4754 2529 4815 testibus
2559 4755 2811 4836 rogatis.
2844 4755 3134 4816 Veniens

443 4861 659 4925 nobilis
688 4866 783 4926 vir
813 4863 1117 4927 dominus
1157 4867 1438 4928 Marinus
1468 4865 1703 4927 Sacidii
1735 4868 1889 4928 civis
1920 4865 2327 4945 SpalatensiS‚
2361 4868 2746 4928 ambaxator
2775 4877 2838 4928 et
2871 4869 3138 4928 nuncius

442 4980 723 5040 comunis
768 4977 1043 5058 Spalacii
1092 4998 1307 5041 coram
1356 4979 1624 5040 domino
1672 4980 1950 5060 Eppone
1997 4978 2240 5042 Azonis
2285 4979 2368 5040 de
2415 4981 2738 5043 Bonsante
2798 4983 3137 5060 capitaneo

442 5085 635 5154 Pirani
666 5111 819 5156 curn
852 5093 1043 5156 literis
1089 5093 1370 5176 sigillatis
1414 5093 1619 5175 sigillo
1667 5096 1962 5156 comunis
2009 5093 2284 5174 Spalacii
2315 5094 2634 5175 suplicans
2663 5107 2859 5176 atque
2902 5110 3138 5176 rogans
