3797 5795
1847 332 2205 394 ..43-

2296 407 2317 440 l

679 523 872 580 nostri
923 523 1276 581 munimine
1323 523 1670 582 roboratas,
1717 520 1959 582 Datum
2006 541 2119 600 per
2158 539 2387 582 manus
2419 523 2695 602 magistri
2746 520 3073 582 Michaelis
3119 521 3373 580 lectoris

678 633 941 694 ecclesie
988 643 1220 703 nostre,
1267 653 1439 694 anno
1487 635 1732 694 domini
1785 631 2133 697 M⁰CC⁰L⁰
2176 645 2381 694 sexto.

865 773 1162 847 Original
1200 793 1284 830 na
1321 775 1690 850 pergameni
1743 775 1876 831 vrlo
1922 775 2104 850 lg'jepo
2140 776 2350 850 pisan,
2412 794 2451 830 u
2498 775 2591 830 dr.
2644 795 2741 847 ug.
2792 774 2922 830 ark.
2972 795 3011 830 u
3062 773 3327 830 Budimu
3356 795 3377 828 .·

681 880 766 935 M.
828 879 898 938 O.
947 879 1011 935 D
1078 878 1146 936 L.
1197 899 1292 934 no.
1347 883 1486 938 446.
1551 879 1774 948 (Stara
1835 880 1994 952 sign.
2064 879 2141 936 N.
2196 880 2270 937 R.
2320 880 2388 936 A.
2457 882 2619 947 fasc,
2674 884 2802 935 558.
2850 899 2942 935 κο.
2998 877 3080 946 5.)
3132 910 3209 918 -—
3264 878 3371 934 AVa

680 984 882 1040 lt‘stim'
921 983 1105 1039 visio
1136 983 1398 1057 svz'lenoj
1423 985 1602 1039 vrvci
1643 1003 1865 1039 ervene
1912 983 2044 1057 boje
2081 992 2351 1058 potpuno
2396 983 2581 1039 dobro
2628 989 2903 1040 saffuvan
2950 983 3164 1039 ovalnt'
3200 987 3383 1057 pedat

681 1087 926 1164 kaptola
987 1107 1026 1143 u
1094 1087 1364 1144 obic'nom
1431 1086 1618 1144 vosku
1663 1107 1738 1143 sa
1783 1088 2053 1162 stojec'im
2114 1086 2314 1162 kt'pom
2374 1107 2463 1146 sv.
2516 1089 2590 1144 St
2606 1091 2829 1163 'epana.
2902 1121 2983 1128 —
3046 1087 3336 1160 Legenda
3359 1108 3381 1141 .·

683 1192 718 1264 γ’·
769 1192 1120 1266 δίιζξίίίκυι)
1177 1192 1457 1267 Capitulo
1504 1192 2004 1264 Zagrabienssis)
2054 1192 2091 1264 γι
2138 1193 2351 1265 Imago
2399 1193 2666 1255 ssanlcti
2710 1191 3013 1267 Stephani
3059 1193 3237 1264 regis.

873 1296 1114 1353 Wenzel
1163 1296 1302 1353 Coei.
1349 1297 1500 1371 dipl.
1550 1296 1692 1372 Arp.
1757 1297 1886 1353 Vll.
1944 1299 2299 1353 446—447.
2352 1331 2433 1337 —
2476 1295 2850 1370 Kukuljevt'c'
2888 1297 3038 1366 Reg.
3088 1315 3181 1351 nv.
3238 1299 3375 1351 720.

1946 1545 2145 1624 573.

693 1649 888 1714 1256.

801 1820 1100 1904 Adilzajlo
1147 1821 1180 1883 z·
1219 1823 1548 1884 Lankred
1599 1824 1688 1884 od
1733 1823 1897 1884 roda
1946 1824 2317 1885 Buzadova
2362 1822 2773 1907 z‘zmjenjuju
2826 1825 2989 1885 neke
3034 1823 3280 1904 zemlje.

865 1995 1001 2056 Nos
1060 2015 1280 2057 comes
1343 1997 1616 2058 Michael
1673 1997 2102 2078 significamus
2164 1999 2464 2059 omnibus
2524 2013 2852 2077 presentes
2913 1999 3390 2077 inspectoribus,

689 2110 864 2186 quod
911 2127 1058 2169 cum
1104 2109 1436 2170 karissimo
1501 2111 1690 2170 fratre
1753 2123 1973 2170 nostro
2035 2114 2271 2171 comite
2336 2110 2696 2171 Lancereto
2758 2111 2882 2171 tale
2930 2112 3193 2172 fecimus
3240 2129 3389 2169 con-

687 2222 1030 2294 cambium,
1079 2221 1254 2300 quod
1303 2242 1420 2282 nos
1467 2223 1763 2284 dedimus
1807 2224 2020 2284 eidem
2070 2235 2344 2303 quatuor
2390 2235 2586 2284 terras
2639 2221 2880 2286 Comor
2910 2225 3028 2284 sub
3060 2243 3187 2284 una
3222 2235 3390 2283 meta

691 2337 1069 2396 constitutas
1114 2347 1176 2395 et
1224 2335 1383 2396 duas
1432 2347 1628 2395 terras
1677 2335 1973 2414 Welyka,
2020 2340 2223 2397 eciam
2270 2337 2388 2397 sub
2438 2355 2563 2398 una
2611 2348 2781 2398 meta
2828 2340 3189 2404 existentes,
3236 2356 3393 2416 quas

694 2466 921 2508 omnes
965 2469 1002 2508 a
1041 2447 1324 2528 Jurkone
1373 2447 1499 2509 filio
1548 2447 1769 2510 Ochuz
1816 2450 1964 2509 bani
2013 2461 2232 2510 nostro
2290 2468 2528 2530 genero
2596 2452 2797 2510 eciam
2846 2471 2965 2529 pro
3013 2451 3391 2510 concambio

695 2562 1190 2638 optinueramus,
1255 2581 1399 2622 cum
1462 2563 1696 2623 eodem
1759 2562 2084 2644 privilegio
2148 2563 2403 2642 capituli
2450 2563 2903 2644 Zagrabiensis‚
2956 2583 3087 2643 quo
3133 2563 3389 2623 easdem

694 2685 889 2734 terras
949 2675 1326 2734 tenebamus
1376 2689 1438 2735 ct
1485 2689 1717 2735 terram
1767 2676 2124 2753 Pyancove,
2186 2695 2263 2736 ac
2307 2687 2539 2736 terram
2590 2676 2853 2754 Bykenc
2900 2679 3032 2737 iure
3080 2686 3387 2754 perpetuo

697 2786 1132 2864 possidendas
1195 2790 1296 2859 ita,
1364 2800 1432 2847 ut
1493 2788 1667 2848 salvo
1729 2790 1791 2847 in
1855 2765 2019 2848 filios
2086 2787 2357 2849 filiorum
2420 2791 2857 2874 perpetuitatis
2916 2790 3243 2870 privilegio
3311 2789 3393 2848 de

697 2902 875 2959 terris
918 2899 1294 2978 supradictis
1341 2901 1572 2961 debeat
1617 2902 1933 2983 gratulari.
1983 2902 2125 2962 Hac
2156 2904 2359 2962 eciam
2392 2903 2794 2983 obligacione
2827 2905 3171 2976 interiecta,
3217 2904 3393 2983 quod

699 3016 746 3073 si
793 3033 906 3092 per
952 3013 1228 3093 aliquam
1279 3016 1681 3094 questionem
1743 3016 1825 3075 de
1887 3018 2065 3075 terris
2122 3018 2246 3074 iam
2314 3017 2657 3076 nominatis
2716 3019 2919 3077 amitti
2983 3020 3397 3097 contingeret,

700 3137 947 3187 tantum
1016 3127 1097 3187 de
1165 3128 1284 3187 alia
1353 3137 1517 3187 terra
1587 3140 1802 3189 nostra
1873 3129 2236 3207 ubicunque
2306 3148 2390 3189 ex
2459 3131 2577 3189 ista
2644 3140 2824 3208 parte
2885 3129 3116 3191 Drawa
3186 3140 3395 3208 preter

700 3250 904 3300 castra
965 3250 1184 3300 nostra
1261 3240 1656 3315 habebimuS,
1718 3254 2009 3302 tenemur
2077 3242 2287 3302 eidem
2348 3244 2481 3302 sine
2545 3242 2651 3302 lite
2713 3256 3073 3303 restaurare.
3150 3241 3397 3320 Quibus

699 3354 1208 3430 possessionibus
1256 3355 1304 3413 si
1352 3356 1628 3432 peccatis
1675 3355 2079 3435 exigentibus
2140 3375 2354 3416 carere
2418 3356 2748 3424 debemuS,
2809 3356 3257 3416 nichilominus
3317 3355 3399 3414 de

703 3478 867 3526 terra
929 3476 1144 3526 nostra
1198 3468 1472 3544 propria,
1535 3467 1895 3547 ubicunque
1966 3469 2151 3528 nobis
2216 3480 2591 3542 remaneret,
2654 3478 2897 3528 tantam
2960 3478 3021 3529 et
3086 3468 3402 3546 equalem,

703 3581 881 3639 iuxta
929 3582 1320 3639 sentenciam
1373 3581 1825 3641 venerabilium
1873 3584 2169 3655 virorum,
2231 3582 2521 3642 videlicet
2582 3578 2943 3663 abbat(urn)
3006 3581 3088 3641 de
3134 3580 3399 3661 Simigio

703 3703 767 3751 et
811 3692 1084 3765 Zaladia,
1129 3692 1337 3753 eidem
1389 3696 1604 3753 comiti
1673 3692 2083 3775 L(ancereto)
2150 3706 2425 3756 statuere
2490 3696 2866 3768 tenebimur,
2926 3706 3138 3773 preter
3198 3706 3401 3754 castra

707 3814 921 3864 nostra
965 3804 1340 3883 supradicta.
1412 3807 1656 3867 Verum
1704 3809 1925 3879 eciam,
1986 3810 2034 3867 si
2098 3826 2217 3867 nos
2282 3811 2439 3868 mori
2511 3810 2841 3889 contingat
2904 3818 2968 3867 et
3029 3810 3163 3886 ipsa
3212 3826 3401 3868 causa

706 3918 1053 3996 questionis
1085 3928 1374 3996 tempore
1406 3918 1509 3979 filii
1546 3920 1738 3978 nostri
1774 3920 2033 3980 forsitan
2068 3920 2486 3990 suscitabitur,
2534 3924 2668 3998 ipse
2700 3920 2863 3980 filius
2895 3933 3112 3980 noster
3144 3931 3403 3999 propter

707 4029 1043 4089 infanciam
1102 4048 1358 4091 causam
1421 4050 1548 4090 non
1612 4032 1806 4091 debet
1865 4050 2227 4111 prorogare,
2294 4033 2409 4093 sed
2470 4032 2792 4111 subplebit
2851 4034 3399 4111 composicionem

705 4141 1112 4215 antedictam,
1158 4144 1316 4203 sicut
1363 4146 1423 4202 in
1472 4144 1690 4203 litteris
1735 4142 1995 4204 Andree
2044 4154 2195 4204 tunc
2240 4146 2491 4205 comitis
2527 4145 2990 4205 Warasdiensis
3022 4148 3399 4215 continetur,

708 4257 812 4333 qui
860 4257 1023 4316 inter
1086 4274 1202 4315 nos
1261 4276 1346 4315 ex
1407 4257 1659 4335 speciali
1733 4256 2040 4317 mandato
2113 4257 2263 4318 Bele
2332 4256 2577 4317 domini
2650 4259 2845 4319 nostri
2917 4258 3168 4318 illustris
3237 4261 3401 4338 regis

713 4368 986 4449 Ungarie
1030 4387 1220 4447 super
1265 4371 1401 4447 ipso
1462 4372 1842 4431 concambio
1904 4372 2115 4431 extitit
2176 4371 2520 4431 ordinator.
2594 4370 2787 4432 Anno
2852 4371 3093 4430 domini
3156 4368 3403 4433 M⁰CC⁰

709 4484 1236 4563 quinquagesimo
1291 4494 1495 4543 sext0.

893 4622 1188 4695 Ortginal
1225 4644 1310 4680 na
1351 4626 1720 4703 pergameni
1762 4645 1802 4681 u
1848 4625 1941 4683 kr.
1991 4645 2092 4697 ug.
2142 4627 2267 4683 (ι’νὲ.
2314 4625 2447 4683 ark.
2495 4645 2535 4681 u
2586 4626 2893 4683 Budimu:
2940 4625 3026 4681 All.
3085 4624 3152 4681 O.
3207 4624 3282 4679 l).
3322 4623 3388 4679 L.

711 4746 802 4784 no,
853 4732 986 4782 443.
1035 4726 1254 4801 (Siara
1299 4729 1456 4801 sejgn.
1505 4728 1586 4787 N.
1637 4731 1709 4785 R.
1755 4730 1825 4786 A.
1859 4733 2035 4806 fase.
2084 4732 2242 4788 1531.
2292 4751 2387 4789 no.
2439 4733 2585 4803 16.).
2650 4731 2790 4788 Vidi
2831 4750 2896 4786 se
2942 4738 3103 4802 trag,
3144 4730 3293 4803 gaeg'je
3324 4730 3397 4802 je

709 4832 864 4887 visio
901 4836 1101 4907 pedat.

901 4936 1141 4993 Wenzel
1189 4936 1392 4994 Codex
1434 4938 1677 5013 diplom.
1727 4938 1956 5015 Arpad.
2008 4947 2163 4995 cont.
2212 4939 2345 4997 Vll.
2386 4943 2589 4993 447-
2603 4944 2651 4997 8.
2714 4972 2791 4979 -
2840 4937 3213 5011 Kukuljevic'
3249 4938 3398 5009 Reg.

711 5060 806 5097 ne.
865 5042 971 5093 712
1015 5041 1040 5096 i
1089 5044 1218 5095 721.
