3797 5795
1930 358 2350 419 —116—

788 554 988 603 metas
1032 562 1179 605 cum
1226 565 1302 606 ea
1350 557 1412 606 et
1460 548 1543 607 ibi
1590 560 1738 609 sunt
1784 548 1910 609 due
1959 559 2132 608 mete
2180 557 2399 617 terree,
2431 544 2512 605 de
2545 543 2693 604 inde
2739 541 2912 603 uadit
2957 551 3186 601 contra
3233 549 3471 617 septen-

783 660 1055 717 trionem
1124 677 1237 737 per
1306 668 1511 721 metas
1577 671 1814 721 terreas
1873 672 1940 721 et
1985 660 2156 721 cadit
2200 662 2266 719 in
2313 657 2564 730 uallem,
2624 675 2738 734 per
2799 672 2942 715 eam
3013 652 3192 714 uadit
3263 662 3471 711 contra

783 771 1113 844 orientem,
1158 774 1381 832 exiens
1425 791 1579 834 uero
1626 773 1709 835 de
1754 773 1920 835 ualle
1967 774 2144 835 uadit
2191 792 2304 853 per
2374 781 2577 832 metas
2623 780 2859 829 terreas
2903 777 2966 827 et
3015 767 3326 826 transiens
3388 784 3474 823 sc-

782 882 1057 944 cundam
1108 883 1335 945 vallem
1382 888 1672 963 peruenit
1718 886 1802 947 ad
1848 886 2010 949 duas
2056 898 2261 946 metas
2307 896 2542 945 terreas
2603 895 2667 943 et
2713 881 2798 942 ibi
2846 880 3077 940 desinit
3145 888 3310 938 terra
3371 876 3472 937 fili-

780 1014 962 1056 orum
1014 996 1384 1057 Lodomerii
1448 1010 1512 1058 et
1569 999 1821 1080 attingit
1889 1013 2054 1060 terra
2121 994 2462 1077 Atoslau(l)
2510 1006 2574 1057 et
2621 994 2802 1057 uadit,
2844 1012 2955 1072 per
3003 1002 3208 1052 metas
3253 1000 3476 1050 terreas

779 1118 1001 1170 contra
1048 1110 1380 1170 meridiem
1428 1129 1629 1190 usque
1674 1112 1759 1171 ad
1804 1113 1979 1171 uiam
2026 1128 2327 1193 magnam
2361 1120 2426 1171 et
2466 1110 2778 1169 transiens
2823 1105 3100 1167 eandem
3131 1123 3244 1183 per
3279 1112 3470 1163 metas

778 1232 1013 1283 terreas
1057 1222 1233 1283 uadit
1278 1222 1362 1283 ad
1394 1223 1731 1284 fundatam
1778 1226 1968 1297 uiam,
2013 1224 2178 1285 hanc
2223 1224 2533 1284 transiens
2570 1240 2693 1300 per
2739 1232 2942 1281 metas
2971 1228 3209 1279 terreas
3255 1218 3472 1275 iterum

776 1339 998 1396 transit
1044 1338 1215 1397 uiam
1260 1354 1455 1397 unam
1502 1347 1565 1397 et
1614 1336 1846 1398 uallem
1896 1356 2111 1411 unam,
2169 1338 2252 1397 de
2313 1335 2462 1397 inde
2523 1354 2637 1413 per
2698 1344 2902 1394 metas
2961 1343 3200 1393 terreas
3262 1333 3473 1391 transit

776 1468 890 1528 per
936 1448 1205 1509 densam
1249 1449 1477 1510 siluam
1524 1452 1797 1511 mixtam
1846 1452 2043 1529 spinis
2087 1462 2151 1511 et
2197 1450 2487 1530 peruenit
2548 1446 2632 1509 ad
2681 1446 2938 1542 'flumen
2999 1444 3180 1525 quod
3247 1444 3476 1505 Zbelcu

779 1573 1047 1622 uocatur
1092 1574 1153 1622 et
1200 1563 1282 1622 ibi
1331 1565 1740 1623 continentur
1784 1564 1912 1623 due
1968 1578 2139 1624 mete
2210 1573 2412 1623 terree
2460 1571 2524 1622 et
2583 1580 2698 1640 per
2757 1560 3032 1621 eandem
3078 1576 3316 1637 aquarn
3365 1556 3467 1616 de-

780 1674 1028 1735 scendit
1075 1685 1297 1735 eontra
1345 1678 1659 1737 orientem
1705 1689 1767 1736 et
1818 1676 2156 1738 deficiente
2205 1686 2370 1736 terra
2418 1672 2795 1755 Otosclautl)
2851 1684 2947 1734 est
2993 1682 3484 1732 commetaneus

780 1788 1091 1849 Martinus
1160 1788 1324 1849 filius
1387 1788 1603 1851 Sulich
1672 1808 1816 1851 cum
1888 1791 2096 1863 fratre,
2151 1792 2344 1851 etiam
2406 1792 2468 1849 in
2517 1789 2743 1849 eadem
2811 1805 2978 1865 aqua
3023 1787 3254 1846 iterum
3302 1803 3476 1845 com-

784 1913 1115 1961 metaneus
1159 1912 1258 1961 est
1301 1899 1611 1964 Atosclau
1658 1922 1805 1963 cum
1852 1903 2060 1977 fratre,
2092 1902 2173 1963 de
2207 1902 2355 1964 inde
2387 1902 2852 1984 ag('r)ediuntur
2891 1910 3062 1960 mete
3109 1910 3273 1959 terre
3309 1898 3476 1958 Pauli

775 2014 881 2074 filii
932 2015 1138 2075 Pousa
1184 2025 1248 2075 et
1297 2025 1593 2076 tenentur
1640 2035 1753 2095 per
1800 2016 2037 2077 dictam
2086 2035 2323 2095 aquam
2387 2036 2500 2095 per
2564 2016 2826 2095 longum
2872 2014 3178 2092 spacium.
3241 2011 3482 2072 Relicta

773 2128 959 2208 igitur
1005 2140 1170 2189 terra
1219 2128 1389 2189 Pauli
1439 2128 1544 2190 filii
1595 2130 1801 2190 Pousa
1848 2130 2279 2211 adiunguntur
2327 2141 2497 2190 mete
2543 2140 2706 2189 terre
2754 2122 3052 2208 Prouc(h)
3101 2144 3248 2185 cum
3293 2142 3485 2205 gene·

774 2242 1032 2301 racione
1076 2260 1188 2301 sua
1234 2250 1299 2301 et
1343 2243 1549 2322 prima
1596 2254 1768 2303 meta
1812 2254 1978 2303 terre
2027 2262 2252 2304 eorum
2300 2245 2586 2303 continet
2632 2252 2873 2302 metam
2921 2251 3190 2299 terream
3240 2239 3304 2297 in
3342 2236 3483 2297 loco

776 2353 1107 2414 cuiusdam
1176 2356 1406 2415 ueteris
1473 2354 1825 2415 molendini
1893 2366 1958 2415 et
2027 2357 2247 2416 exiens
2317 2356 2400 2416 de
2467 2374 2632 2431 aqua
2701 2354 2988 2433 predicta
3033 2352 3212 2413 uadit
3255 2362 3484 2411 contra

776 2469 1273 2545 septentrionem
1342 2488 1456 2547 per
1508 2469 1769 2529 arbores
1815 2471 1923 2547 qui
1971 2469 2164 2549 uulgo
2225 2479 2535 2530 uocantur
2580 2468 2736 2529 tulsa
2798 2486 2984 2528 cruce
3041 2468 3330 2547 signatas
3375 2484 3484 2543 per

778 2590 981 2639 totam
1030 2579 1253 2641 siluam
1302 2592 1366 2641 et
1412 2584 1635 2643 exiens
1681 2582 1762 2642 de
1809 2581 1966 2643 silua
2013 2583 2190 2643 uadit
2237 2602 2349 2661 per
2396 2593 2630 2643 terreas
2685 2591 2891 2641 metas
2933 2598 3136 2657 usque
3181 2578 3264 2638 ad
3319 2578 3485 2639 uiam

777 2711 905 2771 que
948 2693 1151 2753 tendit
1219 2694 1301 2753 ad
1367 2695 1626 2756 Vorosd
1695 2696 2043 2756 habentem
2116 2706 2354 2756 metam
2425 2707 2695 2755 terream
2743 2705 2805 2755 et
2854 2693 2938 2753 ibi
2985 2692 3271 2753 consistit
3326 2702 3486 2752 terra

777 2804 1041 2881 predicti
1078 2806 1323 2868 Prouch
1355 2806 1438 2868 ad
1470 2808 1893 2880 occidentem,
1941 2818 2104 2869 terra
2153 2828 2304 2869 uero
2351 2808 2621 2869 filiorum
2670 2806 2825 2869 Selk
2857 2808 3019 2868 iacet
3051 2806 3134 2867 ad
3167 2807 3485 2865 orientem

776 2930 839 2978 et
889 2920 1035 2981 inde
1083 2921 1257 2981 uadit
1323 2940 1543 2983 uersus
1606 2925 2134 3001 septemtrionem
2183 2943 2296 3002 per
2343 2935 2545 2983 metas
2589 2936 2842 2994 terreas
2889 2921 2971 2982 de
3017 2920 3166 2981 inde
3212 2923 3488 2981 uertitur

776 3051 813 3090 a
862 3044 1030 3092 meta
1100 3044 1301 3094 terrea
1364 3047 1588 3096 contra
1650 3035 2054 3096 occidentem
2101 3047 2162 3097 et
2211 3036 2386 3096 uadit
2433 3035 2518 3097 ad
2565 3035 3032 3116 longitudinem
3082 3035 3267 3094 unius
3318 3033 3488 3092 diere

776 3158 839 3206 et
888 3147 969 3206 ibi
1018 3157 1112 3206 est
1158 3148 1347 3207 arbor
1392 3149 1596 3209 salicis
1642 3149 1888 3208 habens
1937 3159 2171 3209 metam
2222 3160 2492 3209 terream
2528 3159 2592 3208 et
2623 3149 2706 3208 ibi
2755 3148 2968 3208 deficit
3015 3158 3178 3207 terra
3233 3145 3484 3208 Prouch

773 3270 835 3318 et
884 3271 977 3320 est
1024 3271 1507 3321 commetaneus
1574 3260 1805 3322 Paulus
1872 3260 2035 3322 filius
2103 3262 2326 3334 ponsa,
2381 3265 2556 3322 cuius
2623 3272 2788 3322 terre
2858 3271 3028 3321 mete
3075 3259 3324 3320 uadunt
3374 3279 3486 3339 per

773 3373 1008 3434 uallem
1054 3385 1116 3434 et
1164 3375 1374 3434 ueniet
1442 3373 1525 3434 ad
1593 3383 1863 3434 terream
1937 3387 2176 3435 metam
2225 3386 2286 3434 et
2348 3375 2433 3435 ibi
2497 3376 2718 3452 incipit
2785 3393 2922 3434 esse
2990 3384 3488 3434 commetaneus·

768 3482 1083 3546 Atosclau
1130 3505 1330 3565 usque
1360 3485 1446 3546 ad
1477 3484 1689 3547 locum
1738 3487 2069 3548 cuiusdam
2117 3507 2282 3567 aque
2328 3487 2500 3548 unde
2546 3490 2716 3566 prius
2761 3485 2973 3548 Drava
3018 3485 3380 3547 desfluebat
3427 3501 3488 3546 et

766 3615 887 3674 per
932 3598 1207 3660 eandem
1253 3617 1489 3678 aquam
1536 3598 1742 3659 tendit
1789 3619 2009 3661 uersus
2054 3603 2579 3679 septemtrionem
2628 3601 2874 3661 habens
2919 3611 3128 3660 metas
3174 3602 3238 3660 in
3273 3602 3487 3662 littore

766 3718 834 3768 et
883 3713 1177 3772 arborem
1226 3729 1545 3792 magnam,
1586 3730 1711 3791 que
1744 3714 1938 3794 uulgo
1971 3713 2216 3795 iagnafa
2258 3727 2524 3776 uocatur
2569 3733 2755 3774 cruce
2787 3715 3102 3794 signatam
3137 3723 3202 3774 et
3234 3714 3488 3776 uadens

767 3839 889 3897 per
934 3823 1287 3904 predictam
1348 3843 1583 3902 aquam
1655 3845 1767 3904 per
1827 3827 2093 3906 longum
2141 3829 2428 3905 spacium
2476 3838 2540 3887 et
2585 3829 2807 3888 exiens
2853 3826 2934 3888 de
2981 3846 3150 3905 aqua
3197 3827 3376 3888 cadit
3425 3830 3484 3887 in

768 3935 1005 3998 vallem
1052 3933 1550 4018 aru(n)dinetam
1585 3949 1651 3999 et
1677 3959 1791 4018 per
1830 3940 2130 4000 eamdem
2176 3939 2410 4000 uallem
2457 3940 2632 4001 uadit
2665 3954 2834 4001 recte
2879 3952 3104 4002 contra
3151 3943 3490 4006 orientem.

768 4063 979 4128 usque
1044 4049 1201 4110 dum
1270 4053 1531 4112 ueniens
1576 4051 1748 4112 cadit
1794 4055 1858 4111 in
1907 4051 2190 4114 Drauam
2239 4071 2562 4134 magnam,
2608 4053 2691 4114 de
2737 4073 2862 4132 qua
2909 4056 3132 4115 exiens
3178 4058 3377 4116 intrat
3425 4057 3487 4115 in

768 4159 1004 4222 vallem
1076 4162 1368 4236 lutosam,
1436 4183 1559 4242 que
1629 4165 1823 4245 uulgo
1892 4164 2166 4247 Sotruga
2251 4179 2510 4227 uocatar
2571 4178 2633 4227 et
2697 4167 2780 4226 ibi
2843 4183 2938 4228 est
2986 4179 3487 4228 commetaneus

768 4267 1144 4335 &Vlcosclau
1190 4293 1337 4336 cum
1384 4274 1716 4337 Demetrio
1762 4277 1893 4338 filio
1939 4297 2055 4338 suo
2103 4291 2165 4338 et
2211 4281 2271 4340 in
2321 4279 2533 4340 littore
2579 4280 2866 4341 eiusdem
2915 4283 3278 4341 continetur
3315 4295 3492 4344 meta

764 4391 977 4446 terrea
1024 4397 1085 4446 et
1132 4387 1214 4446 ab
1263 4386 1381 4447 hac
1426 4400 1598 4450 meta
1669 4389 1843 4450 uadit
1914 4402 2139 4451 eontra
2207 4391 2538 4452 meridiem
2606 4411 2720 4470 per
2778 4393 3040 4474 longam
3087 4368 3326 4454 terram
3379 4415 3494 4475 per

764 4509 979 4559 metas
1050 4509 1299 4570 terreas,
1372 4520 1571 4580 usque
1646 4501 1799 4563 dum
1849 4505 2114 4565 ueniens
2175 4501 2536 4586 p(re)t(er)it
2583 4505 2666 4566 ab
2712 4506 3089 4567 occidentali
3154 4519 3342 4586 parte
3392 4529 3492 4570 ec—

761 4607 1029 4673 clesiam
1078 4615 1275 4672 sancti
1344 4612 1774 4675 Bartholomei
1822 4627 1885 4676 et
1933 4617 2246 4678 transiens
2308 4637 2607 4700 magnam
2657 4623 2826 4681 uiam
2872 4619 3076 4681 tendit
3122 4620 3207 4681 ad
3253 4621 3488 4682 siluam

762 4734 831 4779 et
882 4726 1143 4785 ueniens
1188 4725 1271 4785 ad
1320 4725 1545 4788 siluam
1595 4730 1657 4787 in
1704 4731 1909 4806 prima
1977 4731 2206 4791 arbore
2273 4742 2369 4792 est
2436 4751 2594 4792 crux
2661 4736 2868 4811 posita
2914 4744 2978 4794 et
3023 4745 3196 4794 meta
3261 4745 3494 4802 terrea,

762 4849 881 4907 per
926 4837 1199 4898 eandem
1246 4837 1470 4900 siluam
1518 4861 1631 4919 per
1661 4841 1922 4902 arbores
1966 4862 2154 4904 cruce
2199 4846 2476 4926 signatas
2507 4856 2568 4904 et
2603 4855 2805 4906 metas
2849 4855 3084 4907 terreas
3129 4849 3300 4920 sitaS‚
3353 4848 3476 4910 sub

762 4948 1010 5010 eisdem
1046 4951 1220 5011 uadit
1253 4962 1477 5012 contra
1524 4953 1877 5026 meridiem,
1913 4974 2114 5037 usque
2147 4957 2303 5017 dum
2335 4960 2624 5035 peruenit
2655 4958 2738 5018 ad
2770 4977 3002 5038 aquam
3052 4979 3180 5041 que
3219 4972 3494 5022 uocatur

768 5057 1005 5123 Zbelcu
1053 5079 1115 5123 et
1162 5066 1226 5123 in
1274 5066 1408 5142 ripa
1455 5078 1549 5126 est
1598 5079 1769 5128 meta
1838 5079 2040 5130 terrea
2089 5083 2150 5130 et
2199 5073 2420 5130 transit
2481 5070 2716 5131 dictam
2786 5091 3022 5151 aquam
3067 5086 3130 5136 et
3176 5075 3360 5137 uadit
3409 5077 3494 5138 ad
