3797 5795
1773 404 1856 411 —
1914 367 2041 432 288
2106 405 2185 411 —-

617 571 689 619 ut
757 572 953 638 supra
1026 560 1234 619 verbis
1311 570 1718 637 competenter
1791 563 2049 619 mutatis
2125 559 2350 637 usque)
2427 560 2729 622 duximus
2804 560 3349 622 confirmandum.

617 671 936 751 Quocirca
982 672 1385 747 mandamuS‚
1432 683 1748 752 quatenus
1793 672 2037 733 dictum
2083 671 2426 734 Eventium
2472 672 2573 734 vel
2616 683 3097 752 procuratorem
3144 691 3339 735 suum

616 787 750 847 eius
789 789 1050 848 nomine
1094 789 1159 846 in
1206 788 1679 865 possessionem
1725 787 2157 860 canonicatuS,
2200 785 2550 865 prebende,
2596 786 2962 861 domorum,
3006 789 3237 847 iurium
3268 799 3337 848 et

615 901 1138 978 pertinentiarum
1185 902 1491 979 ipsorum,
1551 910 1775 960 amoto
1821 898 2061 960 exinde
2104 899 2395 979 quolibet
2456 899 2813 974 detentore,
2875 919 2991 961 vos
3036 900 3137 960 vel
3182 899 3350 961 alter

617 1021 900 1074 vestrum
941 1030 1057 1092 per
1101 1031 1234 1088 VOS,
1279 1013 1380 1074 vel
1425 1031 1545 1092 per
1589 1012 1784 1074 alium
1829 1023 1939 1074 aut
1985 1012 2161 1086 alios,
2206 1013 2585 1074 auctoritate
2644 1023 2863 1074 nostra
2910 1011 3228 1074 inducatis
3272 1023 3345 1074 et

616 1125 975 1188 defendatis
1017 1126 1371 1200 inductum,
1416 1126 1722 1187 facientes
1766 1144 1917 1186 eum
1967 1127 2031 1186 in
2062 1125 2233 1186 dicta
2278 1125 2546 1186 ecclesia
2590 1127 2655 1186 in
2702 1128 3087 1188 oenonicum
3136 1127 3336 1206 recipi

617 1251 682 1300 et
726 1242 792 1299 in
835 1239 1114 1313 fratrem,
1174 1239 1292 1300 sibi
1351 1239 1538 1300 stallo
1604 1241 1668 1299 in
1724 1239 1925 1300 choro
1970 1249 2035 1299 et
2080 1238 2227 1300 loco
2272 1239 2337 1298 in
2384 1238 2665 1318 capitulo
2726 1257 2877 1300 cum
2938 1219 3345 1318 plenitudine

615 1353 764 1412 iuris
830 1330 1116 1413 canonici
1186 1354 1547 1434 assignatis,
1621 1370 1754 1412 non
1821 1351 2124 1412 obstante
2190 1360 2432 1411 statuto
2493 1350 2575 1412 de
2638 1360 2815 1412 certo
2878 1352 3343 1413 canonicorum

616 1483 909 1540 numero,
953 1467 1313 1527 iuramento
1359 1464 1457 1526 vel
1505 1463 1995 1526 confirmatione
2040 1464 2393 1542 apostolica
2439 1483 2552 1525 seu
2588 1482 2999 1544 quacumque
3042 1463 3349 1526 firmitate

615 1577 870 1652 vallat0,
914 1588 1024 1638 aut
1069 1580 1120 1638 si
1164 1597 1284 1657 pro
1330 1578 1466 1639 aliis
1511 1580 1576 1638 in
1621 1578 1795 1639 dicta
1839 1577 2108 1638 eccl'esia
2154 1577 2507 1638 direximus
2552 1579 2783 1656 scripta
2846 1587 3083 1652 nostra,
3146 1577 3246 1639 vel
3290 1579 3347 1638 si

619 1690 790 1751 sedis
833 1690 1186 1770 apostolice
1231 1691 1332 1752 vel
1379 1690 1736 1773 legatorum
1801 1692 1954 1765 eiuS,
2013 1701 2123 1751 aut
2186 1708 2573 1770 quacunque
2619 1693 2999 1752 auctoritate
3043 1693 3106 1751 in
3153 1710 3230 1752 ea
3276 1692 3345 1752 in

616 1806 965 1865 canonicos
1007 1803 1200 1884 aliqui
1245 1807 1372 1865 sint
1417 1807 1673 1884 recepti,
1719 1804 1818 1865 vel
1865 1815 1935 1864 ut
1979 1805 2378 1881 recipiantur,
2438 1804 2748 1878 insistant,
2794 1803 3027 1883 quibus
3071 1814 3345 1883 propter

617 1915 743 1978 hoc
787 1936 918 1997 quo
965 1917 1048 1978 ad
1096 1919 1565 1979 assecutionem
1628 1917 1896 1978 aliorum
1945 1913 2423 1990 beneficiorum,
2483 1926 2944 1994 personatuum
2990 1917 3089 1978 vel
3134 1917 3343 1998 digni-

616 2039 826 2090 tatum
871 2049 985 2091 seu
1043 2031 1518 2108 prebendarum
1583 2031 1884 2091 nolumus
1939 2027 2358 2108 preiudicium
2420 2031 2725 2110 generari,
2784 2029 2887 2090 vel
2930 2031 2983 2089 si
3024 2029 3345 2110 aliquibus

615 2163 654 2204 a
703 2143 858 2204 sede
902 2144 1256 2223 apostolica
1319 2144 1397 2204 sit
1457 2143 1796 2216 indultum,
1865 2141 2045 2222 quod
2108 2140 2191 2202 ad
2254 2144 2691 2220 receptionem
2752 2141 2853 2203 vel
2907 2145 3343 2221 provisionem

619 2255 886 2317 alicuius
945 2258 1208 2317 minime
1276 2267 1632 2330 teneantur,
1701 2254 2009 2334 quodque
2078 2254 2161 2315 ad
2230 2254 2295 2315 id
2362 2254 2663 2332 compelli
2731 2254 2830 2316 vel
2900 2255 3187 2316 interdici
3233 2269 3345 2316 aut

617 2369 941 2447 suspendi·
969 2387 1081 2430 seu
1126 2369 1674 2430 excommunicari
1723 2387 1855 2428 non
1889 2370 2135 2447 possint
2182 2379 2247 2428 et
2294 2366 2473 2447 quod
2521 2368 2604 2428 de
2651 2367 2997 2443 beneficiiS,
3040 2387 3349 2448 persona-

620 2481 794 2542 tibus
838 2481 940 2542 vel
987 2481 1404 2564 dignitatibus
1448 2499 1560 2543 seu
1605 2481 1953 2561 prebendis
1998 2482 2081 2542 ad
2128 2481 2541 2542 collationem
2575 2483 2859 2561 ipsorum
2907 2483 3353 2561 spectantibus

623 2593 778 2654 nulli
821 2594 1027 2655 valeat
1082 2595 1400 2674 provideri
1445 2614 1560 2675 per
1606 2597 1799 2674 ipsius
1861 2595 2031 2655 sedis
2089 2595 2347 2668 litteras,
2412 2612 2544 2654 non
2604 2594 2911 2656 facientes
2971 2595 3230 2674 plenam
3280 2604 3347 2655 et

622 2726 992 2785 expressam
1038 2708 1121 2769 de
1167 2707 1416 2769 indulto
1449 2707 1811 2768 huiusmodi
1859 2711 2275 2780 mentionem,
2321 2726 2433 2767 seu
2479 2706 2764 2787 qualibet
2795 2707 2916 2768 alia
2949 2707 3349 2789 indulgentia

623 2819 792 2880 sedis
837 2820 1143 2896 eiusdem,
1173 2821 1258 2882 de
1288 2840 1416 2900 qua
1459 2823 1767 2901 cuiusque
1813 2831 1955 2881 toto
1988 2831 2210 2881 tenore
2257 2819 2340 2881 de
2390 2820 2587 2880 verbo
2617 2820 2703 2881 ad
2735 2820 3001 2881 verbum
3050 2829 3349 2901 oporteat

621 2934 689 2992 in
747 2935 978 2996 nostris
1045 2931 1313 3017 (litteris)
1385 2934 1516 2996 fieri
1585 2936 1985 2995 mentionem
2044 2946 2108 2995 et
2166 2953 2282 3013 per
2342 2952 2539 3009 quam
2608 2934 2876 2995 effectus
2944 2936 3352 2995 executionis

619 3046 983 3109 huiusmodi
1059 3047 1349 3126 impediri
1426 3047 1630 3108 valeat
1703 3047 1804 3107 vel
1880 3047 2135 3122 differri,
2209 3056 2319 3107 aut
2393 3048 2443 3107 si
2512 3046 2721 3107 dictus
2795 3047 3107 3126 presbiter
3180 3047 3342 3108 alias

619 3158 1035 3221 beneficiatus
1064 3163 1318 3222 existat.
1355 3158 1876 3224 Contradictores
1916 3168 2057 3232 (etc.
2092 3164 2311 3238 usque)
2344 3159 2845 3237 compescendo.
2893 3159 3136 3221 Datum
3167 3159 3347 3238 apud

625 3272 872 3334 Urbem
918 3284 1200 3334 veterem
1247 3272 1454 3337 XVII.
1501 3272 1622 3333 kal.
1670 3272 1982 3347 februarii,
2030 3271 2439 3352 pontificatus
2486 3274 2685 3332 nostri
2731 3291 2905 3333 anno
2952 3274 3159 3333 terti0.

808 3466 1072 3523 Theiner
1113 3465 1280 3522 Mon.
1331 3466 1544 3539 Hung.
1596 3465 1645 3523 J.
1693 3486 1786 3522 no,
1841 3468 1985 3525 479.
2034 3474 2145 3524 Str.
2195 3466 2538 3521 261—262.
2592 3464 2657 3522 [ε
2704 3470 2831 3539 reg.
2863 3466 3019 3539 ortjgz
3069 3483 3172 3521 an.
3226 3463 3350 3521 Ill.

623 3578 714 3645 ep.
764 3572 864 3627 37.
922 3570 977 3627 T
967 3590 1078 3627 om.
1141 3569 1260 3628 III.
1307 3570 1439 3647 fol.
1490 3572 1586 3626 22.
1639 3604 1722 3611 -—-
1785 3571 2029 3627 Wenzel
2092 3570 2236 3628 cod.
2300 3568 2534 3645 Arpad.
2602 3568 2725 3627 III.
2787 3572 2881 3626 82.
2932 3604 3017 3610 —
3066 3567 3359 3625 Potthast

623 3675 776 3747 Reg.
819 3675 1046 3751 pontif.
1097 3673 1181 3732 II.
1232 3694 1325 3731 n0.
1374 3678 1504 3733 18.?
1509 3678 1603 3732 84.
1659 3706 1734 3716 -—-
1781 3674 2163 3749 Kukuljevic'
2198 3675 2349 3747 Reg.
2398 3692 2490 3729 no.
2548 3676 2682 3729 859.
2735 3708 2821 3714 ——
2879 3673 2934 3730 T
2924 3672 3131 3729 kalc‘ic‘
3170 3672 3353 3731 ilion.

625 3780 741 3836 civ.
792 3778 1059 3852 Zagrab.
1111 3779 1160 3835 I.
1212 3782 1307 3835 36.
1356 3799 1449 3836 no,
1506 3783 1601 3838 45.

1901 4069 2089 4149 783.

629 4241 830 4325 1264,
878 4244 982 4309 18.
1021 4243 1364 4326 januam.
1411 4242 1470 4309 U
1518 4242 1976 4310 Gittaveehii.

641 4431 872 4496 Urban
923 4434 970 4495 I
981 4434 1051 4495 V.
1094 4441 1275 4518 papa
1323 4434 1598 4518 kaptolu
1663 4432 2173 4519 zagrebatfkomu
2239 4434 2416 4495 neka
2461 4454 2531 4495 se
2574 4433 2999 4518 pokoravaju
3068 4452 3363 4495 novomu

1836 4545 2149 4631 bz‘skupu.

811 4739 1110 4801 Urbanus
1164 4742 1502 4819 episcopus
1547 4757 1763 4799 servus
1823 4756 2151 4799 servorum
2199 4737 2303 4799 dei
2354 4737 2604 4799 dilectis
2648 4736 2790 4800 filiis
2837 4786 2847 4797 .
2900 4786 2910 4797 .
2961 4788 2976 4801 .
3024 4740 3363 4817 preposito

626 4857 694 4907 et
740 4852 1020 4931 capitulo
1087 4852 1491 4934 Zagrabiensi
1557 4852 1830 4913 salutem
1898 4864 1963 4913 et
2020 4850 2455 4931 apostolicam
2517 4851 3063 4912 benedictionem.
3132 4848 3362 4912 Gratie

628 4958 844 5026 divine
909 4966 1226 5043 premium
1295 4976 1358 5026 et
1417 4966 1790 5045 preconium
1859 4964 2139 5026 humane
2208 4964 2415 5025 laudis
2483 4967 2845 5044 acquiritur,
2892 4967 2944 5026 si
2988 4962 3361 5025 reverendis

627 5079 918 5153 patribus
961 5098 999 5138 a
1045 5078 1294 5139 devotis
1337 5077 1479 5139 filiis
1523 5076 1856 5157 plenitudo
1904 5078 2310 5158 impendatur
2358 5078 2638 5140 honoris.
2687 5076 2862 5140 Sane
2908 5078 3361 5160 Zagrabiensis
