3797 5795
1539 376 1946 441 -203-

391 572 683 633 debitum
714 570 1132 631 ducentarum
1164 588 1522 649 pensarum,
1568 588 1728 649 quas
1757 570 1933 630 bano
1980 571 2241 629 nomine
2292 569 2559 630 ducatus
2590 571 2759 629 cives
2802 568 3095 630 eiusdem

395 686 590 745 castri
633 685 960 744 annuatim
1005 683 1252 744 solvere
1295 682 1693 757 tenebantur,
1724 685 1788 743 in
1819 692 2131 761 perpetuo
2164 681 2465 743 duximus
2510 680 2911 755 relaxandaS,
2955 682 3099 743 red-

391 798 625 859 dentes
665 795 928 857 eosdem
975 796 1059 857 de
1105 795 1326 857 debito
1389 793 1802 877 (huiusmodi)
1864 796 2207 857 solucionis
2266 797 2536 874 pecunie
2584 805 2938 856 memorate
2984 795 3095 855 ab·

389 910 638 970 solutos
703 907 1112 990 (nostrarum)
1182 908 1535 987 patrocinio
1603 907 1969 969 litterarum.
2041 909 2305 987 Insuper
2376 907 2741 986 plebaniam
2806 907 3089 968 eiusdem

387 1024 578 1083 castri
624 1022 884 1081 liberam
931 1022 1374 1082 constituimus
1404 1031 1468 1082 et
1496 1030 1868 1100 exemptam
1906 1022 1989 1081 ab
2022 1023 2196 1081 omni
2232 1021 2670 1081 iurisdiccione
2716 1022 3095 1100 episcopalis

389 1134 728 1215 dignitatis
795 1133 1075 1212 alioquin
1127 1182 1624 1193 .........
1687 1134 2063 1195 venerabilis
2128 1144 2309 1213 pater
2372 1133 2696 1213 Philippus
2756 1135 3098 1213 episcopus

399 1247 850 1328 ZagrabiensiS,
911 1264 1104 1326 quam
1153 1245 1236 1308 de
1281 1247 1412 1308 iure
1459 1246 1556 1307 vel
1603 1245 1686 1307 de
1733 1247 1903 1307 facto
1964 1246 2260 1320 habebat,
2320 1247 2720 1326 presentibus
2790 1248 3097 1328 magistro

395 1360 644 1421 Thobia
690 1361 1049 1438 preposito;
1110 1360 1414 1440 magistro
1462 1360 1649 1421 Petro
1698 1359 2166 1433 archidiaconO,
2230 1362 2531 1441 magistro
2597 1358 2763 1420 Buza
2814 1370 3093 1431 cantore,

402 1472 722 1533 Prothasio
771 1472 1040 1533 custode
1085 1483 1148 1533 et
1196 1469 1527 1551 Stephano
1572 1471 1822 1533 decano
1869 1473 1989 1533 loci
2036 1475 2464 1551 prenominati
2512 1471 3085 1545 consencientibuS‚

393 1588 776 1645 renunciavit
841 1588 978 1645 viva
1039 1604 1214 1659 voce,
1259 1598 1572 1660 quatenus
1619 1585 1700 1645 de
1759 1583 1987 1668 meis(l)
2036 1588 2183 1646 iuris
2227 1584 2543 1647 beneficio
2603 1597 2666 1645 et
2712 1586 2884 1644 bona
2930 1593 3100 1645 terre

391 1696 848 1759 consvetudine
925 1698 1283 1759 attribuitur
1349 1697 1613 1759 facultas
1682 1700 1748 1757 in
1815 1699 2151 1776 premissis
2218 1699 2303 1761 Ut
2368 1700 2553 1779 igitur
2615 1698 2732 1758 hec
2799 1717 2835 1757 a
2906 1698 3095 1757 nobis

386 1813 841 1889 circumspecte
887 1812 1054 1871 facta
1099 1810 1374 1871 donacio
1421 1810 1614 1871 robur
1657 1820 2037 1889 perpetuum
2087 1809 2399 1871 firmitatis
2430 1810 2716 1871 obtineat
2748 1819 2813 1871 et
2844 1808 3091 1893 i(i)dem

388 1922 558 1983 cives
601 1942 744 1984 mee
795 1923 1236 1984 munificencie
1281 1926 1492 2005 gracia
1543 1926 1604 1983 in
1652 1932 1980 2002 posterum
2027 1924 2439 2005 gratulentur,
2482 1933 2810 2003 presentes
2857 1924 3093 1984 litteras
3180 1986 3195 2004 ,

393 2036 775 2097 contulimus
837 2036 1152 2115 dupplicis
1212 2037 1392 2118 sigilli
1457 2039 1652 2097 nostri
1710 2037 2062 2097 munimine
2108 2036 2457 2097 roboratas
2506 2035 2745 2097 Datum
2791 2054 2963 2096 anno
3009 2036 3095 2096 ab

391 2151 830 2210 incarnacione
877 2149 1120 2210 domini
1171 2149 1512 2211 millesimo
1559 2149 2035 2210 ducentessimo
2082 2151 2485 2230 sexagesimo
2531 2151 2758 2228 primo,

567 2342 630 2400 Is
673 2344 973 2418 prejeptlra
1023 2362 1110 2399 na
1147 2344 1384 2419 papiru
1421 2343 1749 2419 poderanu
1803 2342 1977 2401 XVI.
2031 2341 2237 2417 vijeka
2291 2362 2331 2399 u
2386 2341 2607 2400 arkivu
2620 2342 3107 2417 jugoslavenske

391 2445 738 2522 akademije·
783 2447 876 2503 ad
915 2468 971 2503 a.
1021 2450 1182 2503 1261.
1246 2446 1493 2504 Listina
1538 2448 1850 2521 sumnjiva
1900 2467 1941 2503 u
1986 2466 2155 2504 ovom
2202 2446 2423 2503 obliku.

577 2550 824 2609 Tkalc'ic'
879 2552 1151 2609 sslonum.
1198 2553 1310 2609 civ.
1363 2550 1626 2625 Zagrab.
1675 2552 1723 2609 l.
1775 2554 2030 2608 31—32.
2078 2550 2165 2608 br.
2222 2554 2319 2609 40.
2369 2586 2453 2593 —-—
2500 2552 2879 2627 Kukubevic'
2930 2554 3082 2625 Reg.

389 2655 482 2710 br.
538 2660 658 2710 8151

1648 2877 1838 2959 709.

395 3011 588 3075 1261.
635 3010 692 3076 U
738 3009 1088 3094 Zaqrebu.

401 3199 811 3284 Zagrebadkt'
847 3201 1086 3285 kaptol
1121 3200 1435 3286 svjedocfc',
1484 3202 1574 3264 da
1599 3201 1671 3284 je
1700 3209 1782 3285 po
1829 3201 2085 3286 nalogu
2130 3202 2305 3263 bana
2339 3199 2372 3262 ι’
2396 3199 2622 3284 kralja
2670 3221 2836 3262 uveo
2880 3200 3095 3262 Petra

389 3319 701 3396 prepoffta
769 3313 1252 3399 Cazmanskoga
1297 3313 1332 3376 i
1371 3315 1562 3378 brata
1629 3335 1746 3378 mu
1816 3311 2133 3397 Andrq'ju
2183 3334 2228 3375 u
2270 3313 2514 3396 posjed
2582 3313 3083 3397 Kamenskoga,

1104 3426 1253 3511 kojz'
1271 3425 1355 3510 je
1391 3427 1634 3511 possed
1677 3426 1932 3511 ujcdno
1987 3425 2375 3510 omedjas‘tb.

571 3617 929 3698 Capitulum
980 3617 1415 3700 Zagrabiensis
1444 3619 1710 3680 ecclesie
1743 3619 2041 3679 omnibus
2072 3636 2331 3697 presens
2362 3620 2665 3697 scriptum
2715 3619 3095 3696 inspecturis

397 3731 658 3792 salutem
703 3734 767 3792 in
815 3731 1100 3792 domino,
1146 3730 1254 3794 Ad
1300 3733 1739 3792 vniuersorum
1786 3733 2087 3792 noticiam
2136 3731 2359 3791 harum
2406 3732 2565 3791 serie
2614 3728 2911 3791 uolumus
2950 3749 3089 3810 per-

399 3847 621 3918 uenire,
666 3845 844 3925 quod
890 3863 1039 3905 cum
1086 3845 1336 3905 illustris
1368 3843 1518 3905 Bela
1550 3864 1666 3905 rex
1701 3843 1983 3925 Vngarie
2025 3855 2255 3904 terram
2304 3846 2565 3904 nomine
2616 3843 3091 3922 Kemynuchka

395 3959 462 4016 in
505 3961 805 4019 comitatu
853 3958 934 4019 de
981 3955 1187 4019 Gerce
1244 3959 1656 4018 constitutam
1718 3959 2021 4038 magistro
2086 3956 2273 4018 Petro
2336 3959 2663 4036 preposito
2714 3954 3088 4019 Chazmensi

397 4082 464 4133 et
491 4069 650 4134 fratri
696 4072 984 4133 eiusdem
1031 4069 1295 4133 Andree
1341 4073 1558 4132 comiti
1605 4071 1975 4131 contulisset
2007 4082 2072 4131 et
2106 4069 2435 4132 Rolandus
2468 4081 2619 4130 tunc
2651 4070 2857 4132 banus
2882 4073 3093 4132 tocius

397 4184 726 4248 Sclauonie
758 4188 866 4265 qui
899 4187 1071 4264 ipsos
1101 4204 1186 4246 ex
1219 4183 1528 4245 mandato
1576 4187 1749 4265 regio
1781 4186 1843 4244 in
1875 4186 2345 4263 possessionem
2394 4184 2562 4244 dicte
2611 4196 2773 4244 terre
2806 4184 3087 4245 debebat

395 4299 807 4373 introducere,
867 4308 1155 4359 nostrum
1204 4317 1320 4377 pro
1367 4299 1506 4376 ipso
1553 4297 1722 4358 facto
1784 4299 2219 4358 testimonium
2281 4299 2623 4376 petiuisset‚
2672 4317 2789 4357 nos
2844 4298 3087 4358 domini

393 4415 552 4493 regis
595 4423 658 4474 et
703 4413 852 4472 bani
900 4410 1210 4471 voluntati
1256 4411 1618 4472 satisfacere
1662 4413 2006 4490 cupienteS,
2053 4413 2490 4471 commisimus
2526 4412 2656 4470 viro
2705 4410 2979 4472 discreto
3021 4422 3083 4471 et

395 4525 712 4608 fidedigno
777 4525 1054 4586 Martino
1116 4522 1445 4604 quondam
1508 4524 1754 4585 custodi
1820 4524 2163 4602 Wacyensi
2228 4536 2379 4585 tunc
2439 4523 2751 4585 sacerdoti
2817 4525 3095 4584 diocesis

391 4639 822 4720 Zagrabiensis
883 4636 1146 4698 ecclesie
1205 4647 1422 4698 sancte
1489 4635 1685 4697 Marie
1731 4635 1814 4697 de
1862 4636 2179 4718 Podgoria
2226 4640 2392 4698 vices
2455 4646 2719 4707 nostras
2766 4640 2873 4716 qui
2922 4638 3083 4699 sicut

395 4753 573 4813 nobis
613 4753 928 4830 rescripsit
961 4769 1106 4810 cum
1139 4749 1355 4810 suisset
1401 4769 1590 4829 supra
1636 4752 1837 4828 ipsam
1887 4761 2122 4810 terram
2154 4753 2535 4811 constitutus
2566 4769 2679 4828 per
2710 4750 3085 4830 pristaldum

389 4866 648 4944 predicti
696 4865 846 4925 bani
895 4863 1232 4924 Nicolaum
1281 4864 1543 4923 nomine
1598 4863 1840 4942 prelata
1886 4872 2053 4923 terra
2101 4861 2573 4942 Kemynuchka
2621 4863 2734 4924 fuit
2783 4865 3087 4945 magistro

396 4981 574 5040 Petro
619 4981 946 5060 preposito
995 4973 1367 5039 Chazmensi
1417 4987 1479 5036 et
1527 4975 1695 5036 fratri
1743 4995 1857 5036 suo
1905 4987 2247 5055 prenotato
2292 4977 2411 5036 sub
2457 4978 2641 5037 metis
2679 4978 3091 5055 infrascriptis

389 5095 781 5172 presentibus
827 5103 890 5154 et
937 5089 1492 5153 consencientibus
1538 5093 2001 5150 commetaneis
2047 5090 2346 5150 omnibus
2390 5091 2526 5150 sine
2573 5091 3093 5152 contradiccione
