3797 5795
1835 391 1916 398 —
1980 356 2241 419 636-

1974 650 2105 729 81.

688 793 887 875 1272,
933 797 1044 860 24.
1084 796 1295 877 jana.

690 984 977 1069 Stjepan
1024 986 1215 1071 kralj
1253 986 1547 1071 ugarskz'
1585 987 1620 1050 ι’
1656 986 1976 1051 hrvalskz'
2004 988 2403 1073 potvrdjuje
2446 988 2787 1075 bz'skupz'jz‘
2828 989 3123 1075 m'nskoj
3154 989 3429 1075 posjed

685 1097 1007 1183 z‘upamj'e
1071 1099 1264 1161 Luke
1309 1107 1548 1183 prema
1610 1099 1851 1163 lz'stz'm'
1912 1100 2341 1185 nadbz'skupa
2409 1102 2817 1187 spljetskoga
2881 1103 3005 1177 (od
3046 1108 3148 1167 14.
3190 1102 3421 1187 juna

1939 1218 2163 1291 1272.)

861 1402 1227 1484 Stephanus
1290 1405 1392 1465 dei
1453 1407 1652 1487 gratia
1717 1407 1776 1469 V
1785 1409 2019 1488 ngarie‚
2078 1407 2419 1481 Dalmatie,
2482 1406 2798 1478 Crouatie,
2863 1410 3083 1481 Rame,
3150 1409 3419 1481 Seruie,

686 1514 958 1591 Gallitie,
1005 1518 1412 1591 Lodomerie,
1460 1518 1788 1594 Cumanie,
1835 1520 2253 1602 Bulgarieque
2314 1541 2431 1583 rex
2470 1523 2771 1583 omnibus
2818 1520 3048 1584 Christi
3090 1522 3411 1584 fidelibus

683 1648 946 1709 presens
1007 1633 1312 1709 scriptum
1375 1634 1748 1711 inspecturis
1793 1634 2065 1694 salutem
2112 1637 2173 1695 in
2222 1654 2375 1695 uero
2423 1636 2693 1696 salutari.
2750 1635 2841 1697 Vt
2887 1638 3265 1716 questiones
3318 1634 3414 1694 le—

685 1745 905 1825 gitime
951 1744 1264 1806 discussas
1311 1755 1374 1805 et
1419 1765 1532 1824 per
1578 1744 1844 1827 figuram
1908 1726 2132 1808 iudicii·
2178 1748 2279 1809 uel
2341 1750 2464 1809 litis
2509 1750 3045 1809 renuntiationem
3094 1750 3216 1808 vite
3274 1762 3409 1807 ter-

687 1858 957 1917 minatas
1033 1858 1258 1939 regalis
1332 1861 1584 1937 pietatis
1659 1860 2013 1921 sublimitas
2088 1880 2343 1922 suorum
2424 1862 2939 1943 priuileggiorum
3018 1861 3409 1921 testimonio

684 1972 928 2030 muniat
975 1980 1041 2031 et
1085 1970 1439 2045 confirmet,
1485 1975 1732 2052 equitas
1777 1973 2020 2049 suadet,
2066 1977 2225 2034 ratio
2294 1975 2593 2053 postulat,
2639 1975 2736 2034 ius
2780 1977 3055 2053 requirit,
3100 1993 3251 2034 cum
3308 1976 3407 2033 in-

684 2100 1065 2144 concussum
1099 2094 1490 2163 permaneat,
1536 2086 1713 2165 quod
1759 2088 1935 2169 regio
1981 2089 2335 2166 patrocinio
2381 2090 2760 2148 comunitur.
2810 2086 3085 2148 Proinde
3130 2087 3214 2147 ad
3256 2089 3407 2146 uni-

685 2214 1012 2257 uersorum
1083 2200 1386 2260 noticiam
1456 2210 1681 2260 tenore
1748 2202 2137 2279 presentium
2215 2200 2514 2261 uolumus
2582 2202 2931 2280 peruenire,
2999 2201 3173 2280 quod
3242 2218 3405 2259 cum

683 2312 898 2371 statim
967 2322 1114 2391 post
1185 2316 1670 2373 coronationem
1741 2323 2025 2373 nostram
2097 2316 2260 2373 inter
2331 2313 2764 2374 venerandum
2834 2326 3081 2392 patrem
3132 2314 3403 2372 fratrem

677 2422 996 2503 Joannem
1063 2424 1144 2485 de
1205 2444 1438 2506 genere
1503 2426 1699 2487 Bucat
1762 2426 2313 2505 archiepiscopum
2374 2425 2818 2506 Spalatensem
2880 2428 2965 2486 ab
3026 2445 3151 2487 una
3212 2439 3401 2505 parte

685 2546 748 2597 et
796 2539 958 2598 inter
1017 2537 1414 2617 Stephanum
1476 2540 1850 2619 episcopum
1914 2539 2289 2600 Nonensem
2351 2560 2539 2617 super
2605 2542 2925 2619 prouintia
2971 2540 3052 2600 de
3099 2540 3279 2600 Luca
3332 2551 3400 2599 et

684 2652 818 2711 eius
863 2653 1289 2713 decimatione
1337 2672 1448 2714 seu
1493 2654 1730 2713 iuribus
1763 2672 1844 2713 ex
1893 2654 2089 2714 altera
2136 2654 2351 2714 suisset
2398 2672 2618 2714 coram
2666 2654 2853 2713 nobis
2882 2654 3093 2734 grauis
3124 2654 3393 2713 materia

684 2768 1046 2845 questionis·
1079 2770 1376 2828 suscitata
1423 2778 1486 2827 et
1534 2776 1745 2846 partes
1791 2765 1940 2827 hinc
1986 2767 2134 2827 inde
2180 2766 2573 2845 aliquamdiu
2637 2765 2897 2827 fuissent
2958 2766 3281 2827 laboribus
3328 2777 3395 2827 et

683 2882 984 2961 expensis
1031 2882 1306 2962 fatigate,
1355 2880 1617 2942 tandem
1668 2880 1840 2942 idem
1887 2880 2288 2942 venerandus
2335 2894 2515 2960 pater
2562 2880 2881 2941 Nonensis
2927 2883 3267 2960 episcopus
3306 2879 3391 2940 ad

685 3006 970 3057 nostram
1009 2995 1333 3084 ‚accedens
1380 2997 1765 3073 presentiam
1817 2993 2105 3054 exhibuit
2152 2995 2338 3054 nobis
2383 2993 2803 3075 priuilegiales
2852 2994 3086 3054 litteras
3122 2994 3389 3072 predicti

683 3109 1140 3190 archiepiscopi
1187 3107 1577 3188 Spalatensis
1609 3119 1672 3167 et
1705 3107 1957 3186 capituli
1993 3111 2082 3168 sui
2118 3108 2548 3186 pendentibus
2594 3107 2807 3189 sigillis
2853 3109 2979 3168 suis
3026 3109 3391 3168 comunitas

683 3245 894 3304 super.
932 3224 1252 3284 decisione
1313 3223 1661 3302 questionis
1722 3220 2081 3281 huiusmodi
2129 3221 2311 3281 datas
2372 3224 2603 3300 pariter
2648 3231 2711 3281 et
2758 3238 3111 3293 concessaS,
3156 3233 3387 3298 petens

685 3357 836 3399 curn
884 3339 1195 3408 instantia,
1227 3347 1295 3396 ut
1328 3354 1476 3396 cum
1509 3335 1770 3395 ecclesia
1818 3334 2137 3395 Nonensis
2168 3337 2231 3394 in
2264 3331 2590 3414 suorum(!)
2639 3345 3053 3393 conseruatur
3084 3333 3165 3407 id,
3214 3333 3388 3411 quod

686 3471 801 3531 per
875 3451 1191 3528 prefatum
1269 3448 1817 3527 archiepiscopum
1893 3449 2057 3507 circa
2132 3447 2523 3507 decisionem
2601 3446 2966 3506 huiusmodi
3044 3449 3391 3524 questionis

688 3565 928 3625 factum
999 3575 1092 3624 est
1161 3573 1368 3622 ratum
1438 3561 1673 3621 habere
1741 3573 1806 3620 et
1873 3571 2094 3620 nostro
2164 3560 2571 3641 dignaremur
2618 3559 2947 3640 priuilegio
2994 3559 3391 3619 confirmare.

687 3677 977 3758 Quarum
1025 3676 1290 3764 quidem·
1333 3675 1682 3735 litterarum
1731 3684 1916 3734 tenor
1960 3673 2102 3733 talis
2148 3684 2274 3733 est:

863 3811 1123 3887 (Slt'jedi
1164 3810 1382 3866 listina
1427 3808 1630 3866 [vana
1675 3806 2044 3884 spljetskoga
2092 3805 2482 3882 nadbiskupa
2528 3807 2613 3862 od
2652 3811 2742 3863 14.
2773 3809 2947 3882 juna
2994 3808 3201 3878 1272.)

863 3940 1000 4002 Nos
1061 3941 1274 4016 itaque
1340 3956 1487 3998 cum
1535 3957 1620 3998 ex
1667 3937 1872 3997 forma
1919 3935 2263 3996 litterarum
2314 3935 2669 3995 eorundum
2720 3935 2951 4008 edocti,
2998 3953 3145 3995 cum
3199 3937 3391 3996 etiam

689 4073 804 4135 per
851 4053 1284 4113 testimonium
1352 4050 1624 4111 Rolandi
1689 4051 1834 4110 bani
1900 4049 2298 4127 aliorumque
2346 4048 2659 4108 nobilium
2706 4049 3047 4121 informati,
3094 4067 3223 4130 nec·
3262 4066 3391 4107 non

689 4187 772 4229 ex
819 4169 978 4227 serie
1024 4166 1422 4226 instrumenti
1488 4163 1807 4224 Nonensis
1866 4162 2130 4223 ecclesie
2198 4162 2427 4232 edocti,
2492 4161 2671 4241 quod
2738 4163 3057 4240 prouintia
3124 4160 3279 4221 Lica
3324 4171 3387 4220 et

691 4283 827 4342 eius
887 4279 1231 4340 decimatio
1295 4295 1622 4357 nunquam
1671 4276 1756 4336 ad
1803 4274 2246 4354 Spalatensem
2316 4275 2671 4346 ecclesiam,
2716 4274 2829 4334 sed
2874 4293 3129 4353 semper
3176 4287 3239 4332 et
3284 4293 3389 4351 pa·

689 4393 868 4454 cifice
929 4392 1011 4452 ad
1075 4389 1388 4470 prefatum
1455 4390 1824 4451 Nonensem
1889 4392 2263 4467 episcopum
2330 4399 2392 4448 et
2458 4388 2793 4447 ecclesiam
2848 4405 3031 4447 suam
3078 4389 3393 4465 pertinere

689 4507 902 4580 debet,
948 4506 1029 4566 de
1076 4507 1206 4565 iure
1254 4503 1634 4583 pertinendo
1698 4501 2027 4577 suadente,
2087 4504 2232 4562 iuris
2292 4479 2574 4579 equitate
2618 4500 2856 4560 litteras
2900 4498 3163 4560 easdem
3228 4510 3393 4559 ratas

688 4621 1000 4681 habentes
1043 4629 1106 4679 et
1159 4629 1455 4696 acceptas
1495 4627 1557 4678 et
1592 4619 1773 4676 inseri
1821 4616 1905 4676 de
1950 4615 2151 4676 uerbo
2198 4615 2282 4674 ad
2331 4615 2598 4674 uerbum
2644 4614 2949 4674 facientes
2994 4612 3395 4692 presentibus

687 4732 1144 4795 confirmamus
1203 4731 1470 4810 duplicis
1529 4729 1706 4810 sigilli
1763 4730 1957 4789 nostri
2008 4729 2358 4788 munimine
2407 4726 2791 4800 roborandO,
2836 4726 3149 4798 uolentes
3196 4737 3265 4786 ut
3310 4725 3391 4786 de

689 4857 904 4923 cetero
968 4845 1289 4906 Nonensis
1351 4847 1690 4923 episcopus
1735 4855 1796 4903 et
1844 4845 1980 4903 eius
2025 4842 2291 4902 ecclesia
2350 4840 2849 4902 iurisdictionem
2896 4839 3287 4900 diocesalem
3334 4840 3393 4898 in

689 4963 826 5040 ipsa
875 4959 1239 5020 exercendo
1303 4959 1706 5037 prouintiam,
1751 4956 2283 5016 decimationibus
2328 4957 2455 5015 suis
2500 4963 2564 5015 et
2608 4954 2742 5014 aliis
2786 4954 3026 5014 iuribus
3084 4963 3395 5032 perpetuo

690 5074 1108 5154 perfruantur.
1169 5071 1410 5132 Datum
1471 5091 1584 5149 pei·
1645 5089 1872 5130 manus
1936 5071 2212 5149 magistri
2286 5067 2609 5128 Benedicti
2671 5069 2976 5146 prepositi
3022 5065 3398 5128 Orodiensis
