3797 5795
1793 440 1875 449 —
1939 404 2208 469 572—

648 594 1028 675 obligarunt,
1080 596 1144 653 in
1192 595 1357 655 festo
1403 596 1599 657 Pasce
1646 614 1816 657 nunc
1862 606 2130 657 venturo
2160 614 2380 657 coram
2425 595 2616 657 nobis
2660 614 2778 675 pro
2823 596 3054 657 eadem
3101 615 3358 658 summa

641 708 912 783 pecunie
978 706 1371 768 redimenda.
1442 708 1589 769 Hoc
1655 709 1926 784 adiect0,
1989 708 2170 789 quod
2229 711 2278 769 si
2327 712 2392 770 in
2437 708 2729 787 predicto
2799 711 3072 771 termino
3139 712 3348 789 ipsam

642 828 877 879 terram
938 820 1252 881 redimere
1311 839 1444 881 non
1504 832 1784 900 possent,
1830 832 2070 883 extunc
2129 822 2447 883 accedunt
2505 824 2907 885 estimatores
2965 842 3157 904 super
3201 842 3350 885 eam

642 941 707 992 et
750 933 802 991 si
846 933 1041 1011 pluris
1085 936 1379 994 estimata
1423 936 1625 1009 fuerit,
1672 934 2080 996 Pernicholus
2138 954 2360 996 comes
2417 935 2808 1015 superaddet
2851 946 2916 997 et
2962 936 3133 997 dicta
3177 949 3346 999 terra

644 1039 1048 1129 [remanebit]
1098 1046 1216 1107 sibi
1262 1047 1745 1125 perpetuabitur
1811 1048 2222 1127 possidenda,
2265 1050 2316 1109 si
2363 1068 2517 1109 uero
2563 1050 3083 1111 contradiccione
3142 1052 3358 1129 aliqua

641 1157 1013 1235 inpediente
1056 1161 1351 1220 extimari
1399 1177 1531 1220 non
1578 1170 1816 1239 posset,
1860 1161 1924 1221 in
1971 1163 2247 1222 crastino
2292 1161 2581 1223 eiusdem
2626 1164 2881 1224 termini
2927 1163 3165 1225 dictam
3217 1162 3350 1249 [pe-

638 1266 921 1352 cuniam]
970 1289 1117 1331 cum
1178 1271 1379 1350 duplo
1446 1272 1782 1333 refundere
1845 1273 2250 1335 tenebuntur.
2313 1272 2536 1335 Astitit
2596 1276 2800 1336 eciam
2861 1274 3180 1338 Mirizlaus
3243 1280 3350 1356 qui

638 1382 785 1442 huic
832 1385 1356 1465 impignoracioni
1406 1403 1791 1446 consensum
1850 1386 2106 1465 prebuit
2165 1397 2230 1447 et
2290 1405 2622 1448 assensum
2683 1397 2748 1448 et
2806 1387 2970 1449 dixit
3029 1408 3100 1451 se
3157 1408 3350 1470 super

636 1506 801 1557 terra
865 1514 1037 1557 nunc
1106 1498 1533 1579 impignorata
1581 1498 1958 1560 Pernicholo
2018 1500 2236 1560 comiti
2297 1499 2537 1561 litteras
2583 1500 2842 1562 stabiles
2902 1520 3033 1561 non
3093 1502 3350 1578 habere,

636 1619 700 1669 et
746 1610 797 1669 si
846 1611 987 1687 quis
1048 1609 1309 1671 haberet
1356 1629 1546 1689 super
1592 1610 1718 1671 hoc
1762 1622 1827 1672 et
1873 1611 2306 1674 fraudulenter
2356 1612 2724 1688 occultaret,
2769 1632 2948 1675 casse
2992 1614 3354 1678 habeantur

634 1723 891 1800 penitus
937 1733 1001 1783 et
1047 1724 1331 1798 innanes,
1378 1724 1768 1803 ubicumque
1812 1725 2047 1786 fuerint
2089 1736 2468 1804 presentate.
2533 1724 2776 1787 Datum
2823 1728 2978 1788 feria
3040 1728 3134 1790 VI
3197 1739 3349 1790 ante

634 1832 867 1895 festum
913 1834 1170 1897 Thome
1212 1836 1509 1915 apostoli,
1552 1855 1726 1898 anno
1773 1837 2018 1899 domini
2066 1836 2456 1901 MCCLXX.

804 2025 997 2083 Liber
1025 2024 1323 2103 privileg.
1370 2030 1624 2105 episcop.
1672 2030 1937 2104 Zagrab.
1983 2032 2095 2088 list
2137 2034 2231 2087 42.

814 2129 1067 2188 Tkalffic'
1102 2132 1376 2190 Manum.
1437 2135 1694 2211 episcop.
1758 2136 2025 2209 Zagrab.
2077 2136 2124 2193 I.
2176 2140 2506 2191 155-156,
2555 2170 2637 2178 —
2703 2138 2947 2194 Wenzel
2997 2138 3136 2195 Coti.
3183 2140 3338 2216 dipl.

624 2233 864 2309 Arpad.
910 2243 1062 2293 cont.
1110 2236 1257 2293 XII.
1308 2240 1405 2294 40.
1454 2239 1673 2296 donosi
1716 2249 1930 2313 regest.
1977 2275 2064 2282 —
2109 2239 2484 2316 Kukuljevic‘
2523 2242 2677 2315 Reg.
2725 2262 2818 2299 no.
2872 2246 3035 2299 1018.

1918 2616 2051 2695 21.

628 2788 828 2852 1270.

631 2995 915 3080 Stjepan
963 2997 1154 3081 kralj
1192 2997 1484 3082 ugarski
1524 2955 1567 3060 i¹
1596 2997 1916 3062 lzrvalski
1963 2999 2360 3084 potvrdjuje
2410 2999 2672 3063 Belinu
2722 3000 2975 3064 listina
3029 3002 3336 3066 Pen‘inu

1700 3112 2240 3197 Zagrebc'aninu.

801 3303 1168 3384 Stephanus
1230 3305 1331 3366 dei
1392 3307 1603 3387 gracia
1669 3306 2012 3389 Hungarie,
2071 3307 2422 3382 Dalmacie,
2482 3306 2766 3384 Croacie,
2829 3311 3054 3385 Rame,
3103 3308 3331 3372 Servie

625 3415 907 3492 Gallicie‚
954 3417 1362 3493 Lodomerie,
1408 3417 1738 3495 Cumanie,
1780 3420 2197 3502 Bulgarieque
2241 3441 2355 3483 rex
2400 3422 2702 3483 omnibus
2745 3433 2883 3484 tam
2928 3425 3333 3503 presentibus

622 3549 821 3609 quam
868 3532 1106 3606 suturiS,
1151 3542 1480 3611 presentes
1525 3532 1763 3594 litteras
1811 3535 2184 3612 inspecturis
2228 3534 2500 3595 salutem
2548 3535 2612 3595 in
2659 3537 2952 3596 omnium
2997 3537 3330 3597 salvatore.

620 3641 733 3704 Ad
780 3647 1019 3726 regiam
1080 3646 1355 3725 pertinet
1416 3649 1814 3734 maiestatem
1874 3647 2169 3726 precibus
2228 3647 2748 3709 condescendere
2791 3648 3212 3724 subditorum,
3260 3664 3334 3710 ut

619 3757 713 3816 sic
744 3775 1046 3818 numerus
1090 3757 1373 3819 fidelium
1421 3769 1728 3842 augeatur
1757 3771 1822 3821 et
1852 3759 2078 3841 regalis
2123 3763 2420 3840 potencia
2464 3761 2662 3823 lacius
2706 3762 3108 3823 extendatur.
3159 3762 3332 3824 Hinc

618 3881 734 3942 est,
766 3870 944 3948 quod
973 3870 1059 3931 ad
1090 3872 1529 3933 universorum
1578 3874 1879 3934 noticiam
1926 3883 2150 3935 tenore
2193 3876 2596 3953 presencium
2643 3874 2938 3936 volumus
2981 3879 3334 3954 pervenire,

617 3983 800 4058 quod
845 3983 1163 4045 accedens
1207 3984 1292 4046 ad
1338 3996 1623 4046 nostram
1668 3989 2068 4064 presenciam
2113 4006 2335 4048 comes
2379 3987 2726 4050 Perchinus
2771 3990 2924 4050 civis
2971 3987 3331 4063 Grecensis‚

613 4093 886 4158 dilectus
932 4109 996 4158 et
1043 4096 1246 4159 fidelis
1292 4108 1510 4159 noster
1554 4119 1592 4160 a
1640 4100 1827 4160 nobis
1870 4099 2193 4161 humiliter
2233 4101 2599 4180 postulavit,
2643 4112 2714 4163 ut
2758 4102 3190 4164 donacionem
3213 4123 3330 4164 seu

612 4209 1013 4292 privilegium
1083 4209 1394 4272 karissimi
1462 4214 1657 4290 patris
1742 4215 1940 4273 nostri
2007 4212 2206 4274 felicis
2271 4215 2742 4277 recordacionis
2804 4215 3016 4276 eidem
3085 4216 3326 4277 factam

612 4337 807 4399 super
869 4333 1035 4384 terra
1096 4327 1279 4385 castri
1328 4324 1410 4385 de
1456 4325 1716 4398 Riuche,
1760 4344 1887 4405 que
1932 4325 2238 4388 villicatus
2291 4326 2588 4389 Machich
2634 4339 3055 4408 nuncupatur,
3101 4339 3325 4390 nostro

616 4431 1029 4515 dignaremur
1075 4438 1402 4518 privilegio
1434 4437 1814 4498 confirmare
1846 4449 1911 4499 et
1940 4437 2290 4521 eundem(!)
2323 4441 2718 4522 privilegium
2751 4445 3076 4502 innovare.
3129 4440 3329 4505 Cuius

615 4548 879 4624 quidem
928 4559 1114 4610 tenor
1156 4550 1299 4610 talis
1345 4560 1470 4611 est:

790 4665 1053 4738 (Slz'jedi
1094 4665 1311 4723 listina
1357 4664 1565 4741 kralja
1612 4668 1761 4724 Bele
1805 4669 1891 4725 od
1919 4669 2066 4742 god.
2116 4671 2324 4736 1970.)

790 4775 928 4836 Nos
995 4777 1180 4856 igitur
1246 4779 1422 4838 iustis
1489 4780 1912 4856 peticionibus
1979 4779 2265 4841 eiusdem
2337 4779 2625 4841 Perchini
2693 4783 2946 4842 comitis
3015 4783 3190 4862 regio
3237 4800 3322 4842 ex

616 4887 833 4949 favore
879 4888 1174 4964 inclinati,
1219 4891 1576 4970 predictam
1624 4891 2052 4953 donacionem
2099 4891 2408 4954 karissimi
2453 4896 2648 4972 patris
2679 4895 2879 4954 nostri
2923 4896 2987 4954 in
3021 4894 3324 4955 omnibus

615 5011 839 5074 ratam,
881 5013 1129 5082 gratam
1160 5013 1223 5064 et
1254 5002 1507 5064 firmam
1553 5003 1879 5079 habentes,
1925 5004 2199 5067 eandem
2248 5006 2680 5068 donacionem
2726 5008 2899 5088 regia
2941 5009 3322 5069 auctoritate

614 5112 1069 5176 confirmamus
1114 5126 1175 5176 et
1222 5119 1428 5196 ipsum
1493 5117 1884 5199 privilegium
1950 5128 2174 5180 tenore
2240 5122 2643 5199 presencium
2688 5121 3071 5182 innovamus
3116 5131 3183 5182 et
3227 5123 3317 5181 in-
