3797 5795
1504 404 1773 467 -529
1835 437 1923 449 —

351 595 557 656 Perini
605 596 832 655 notarii
880 592 1195 655 Scibenici
1243 595 1443 667 iurati,
1488 596 1817 655 venientes
1861 594 2246 677 Tragurium
2314 597 2754 674 procuratorio
2802 597 3065 656 nomine

349 708 504 769 dicti
550 708 915 769 communis
960 706 1043 767 de
1088 704 1427 769 Scibenico
1474 717 1539 768 et
1584 726 1702 787 pro
1748 709 1889 787 ipso
1935 709 2266 769 communi
2313 706 2642 789 elegerunt
2689 704 3060 770 solemniter

353 834 418 883 et
466 822 699 883 devote
764 822 826 881 in
893 829 1285 900 potestatem
1332 829 1395 881 et
1440 819 1525 880 ad
1570 820 1856 902 regimen
1926 820 2097 881 dicte
2165 830 2328 881 terre
2396 819 2479 881 de
2547 818 2889 883 Scibenico
2949 840 3066 901 per

350 953 553 996 unum
585 952 827 995 annum
858 932 1261 1013 completum
1305 935 1603 1012 proxime
1647 944 2007 1008 venturum,
2052 932 2336 994 nobilem
2369 942 2432 993 et
2465 932 2810 994 discretum
2855 923 3059 995 virum

352 1048 690 1110 dominum
737 1045 1157 1109 Valentinum
1204 1045 1371 1107 Petri
1409 1047 1613 1107 civem
1643 1046 2156 1128 Traguriensem,
2202 1047 2670 1126 promittentes
2702 1046 3065 1129 obligantes

352 1180 422 1222 se
469 1162 730 1221 nomine
776 1159 927 1222 dicti
974 1162 1340 1221 communis
1370 1170 1435 1219 et
1464 1179 1583 1238 pro
1616 1162 1755 1239 ipso
1801 1161 2133 1220 communi
2179 1159 2355 1221 dicto
2402 1158 2670 1219 domino
2713 1159 3064 1235 Valentino

352 1275 507 1335 dare
552 1276 610 1335 ei
655 1291 774 1353 pro
820 1272 1047 1333 salario
1092 1275 1185 1333 sui
1233 1274 1557 1353 regiminis
1614 1274 1756 1351 ipso
1816 1290 1990 1333 anno
2037 1272 2227 1333 libras
2273 1268 2342 1335 C.
2393 1269 2462 1335 C.
2509 1271 2916 1333 denariorum
2961 1292 3066 1333 ve-

352 1396 649 1448 netorum
717 1404 1059 1465 parvorum
1104 1396 1169 1445 et
1216 1385 1559 1464 hospitium
1607 1385 1693 1445 ad
1740 1384 2134 1446 manendum
2202 1395 2395 1461 atque
2460 1396 2712 1464 partem
2778 1386 3066 1464 piscium,

354 1518 549 1579 quam
617 1508 969 1578 potestates
1036 1498 1136 1558 vel
1204 1497 1445 1559 iudices
1510 1497 1750 1559 habere
1812 1508 2296 1571 consueverant,
2342 1498 2460 1559 hiis
2520 1508 2584 1557 et
2651 1498 3062 1577 infrascriptis

352 1614 556 1693 pactis
602 1623 665 1673 et
709 1612 1245 1673 conventionibus
1289 1611 1520 1672 habitis
1566 1614 1728 1673 inter
1772 1628 1887 1673 eos
1916 1621 1982 1672 et
2012 1610 2350 1671 dominum
2383 1610 2804 1673 Valentinum
2849 1620 3066 1689 potes-

352 1738 553 1788 tatem
613 1725 927 1799 videlicet‚
1001 1736 1073 1785 ut
1120 1726 1488 1803 questiones
1546 1734 1811 1785 cunctas
1872 1735 1940 1785 et
1981 1724 2142 1797 lites,
2187 1742 2314 1801 que
2373 1742 2592 1785 coram
2639 1726 2779 1803 ipso
2825 1724 3060 1785 fuerint

352 1842 517 1900 inter
560 1838 811 1917 aliquos
855 1838 1175 1912 ventilate,
1204 1840 1341 1917 ipse
1370 1848 1658 1916 potestas
1702 1839 2089 1899 sententiare
2132 1836 2370 1898 debeat
2399 1846 2464 1897 et
2494 1835 2676 1897 finire
2706 1836 3064 1898 secundum

352 1952 627 2013 sormam
696 1953 913 2013 statuti
974 1961 1036 2012 et
1098 1950 1597 2012 consuetudines
1658 1948 1994 2025 Scibenici‚
2061 1949 2463 2011 consulendo
2509 1968 2659 2011 cum
2719 1951 2847 2011 suis
2912 1968 3066 2011 con-

353 2066 611 2140 siliariiS,
655 2075 847 2145 prout
916 2066 1121 2125 maior
1184 2082 1333 2143 pars
1401 2064 1643 2125 consilii
1712 2063 2033 2125 dictorum
2080 2062 2284 2123 fuerit.
2341 2062 2415 2123 In
2461 2062 2787 2124 maleficiis
2845 2072 3066 2126 autem

354 2179 602 2240 cunctis
648 2188 713 2239 et
757 2176 1071 2257 superbiis
1116 2177 1348 2238 habeat
1393 2178 1529 2256 ipse
1572 2186 1859 2256 potestas
1904 2177 2176 2237 liberum
2207 2176 2554 2238 arbitrium.
2601 2176 2686 2237 Et
2717 2179 2766 2237 si
2799 2175 3066 2256 quando

351 2310 505 2352 vero
573 2293 915 2353 occasione
980 2292 1343 2352 communis
1402 2289 1503 2350 vel
1548 2290 1811 2351 alicuius
1877 2290 2168 2369 specialis
2236 2308 2511 2369 persone
2577 2291 2714 2369 ipse
2781 2298 3068 2369 potestas

348 2407 724 2484 preceperit,
762 2415 833 2465 ut
878 2422 1227 2465 commune
1256 2422 1407 2465 eum
1438 2400 1742 2485 exequi(l)
1778 2404 1841 2463 in
1874 2403 2098 2482 aliquo
2131 2412 2439 2475 teneatur,
2470 2420 2818 2464 commune
2851 2404 3064 2481 ipsum

351 2519 589 2596 exequi
632 2516 753 2578 sub
796 2535 967 2596 pena
1013 2514 1083 2579 C.
1131 2514 1201 2579 C.
1248 2516 1550 2577 librarum
1617 2515 1721 2577 uel
1790 2516 1968 2591 infra,
2011 2515 2113 2577 vel
2180 2526 2252 2577 ut
2319 2517 2460 2595 ipse
2516 2526 2808 2595 potestas
2854 2517 3064 2594 ipsum

352 2649 718 2704 commune,
764 2632 811 2689 si
845 2631 961 2709 ipsi
992 2629 1295 2709 potestati
1341 2628 1667 2708 placuerit,
1713 2628 2167 2703 condemnare,
2213 2627 2412 2707 Quod
2451 2631 2503 2689 si
2535 2647 2686 2689 vero
2719 2646 2850 2689 non
2883 2647 3060 2690 com-

352 2744 549 2817 muni,
595 2742 711 2805 sed
757 2742 939 2803 alicui
1002 2742 1260 2822 speciali
1322 2741 1565 2802 homini
1621 2742 2040 2817 mandaverit,
2085 2761 2197 2803 seu
2243 2743 2615 2821 preceperit,
2662 2752 2732 2802 ut
2776 2760 2922 2803 eum
2971 2761 3067 2803 se-

353 2866 653 2937 queretur
698 2867 763 2918 et
812 2857 947 2936 ipse
992 2857 1227 2935 exequi
1298 2864 1759 2931 contemneret,
1804 2865 1960 2917 tunc
2003 2854 2236 2918 habeat
2282 2857 2418 2935 ipse
2463 2864 2751 2936 potestas
2795 2856 3065 2917 auctori-

353 2980 557 3031 tatem
604 2981 669 3030 et
713 2971 1041 3031 arbitrium
1102 2988 1252 3031 eum
1316 2970 1435 3030 sibi
1494 2968 1975 3030 condemnandi
2035 2969 2120 3030 ad
2179 2988 2363 3030 suum
2425 2969 2675 3030 libitum
2737 2969 2822 3030 ad
2875 2969 3066 3030 libras

352 3079 868 3166 (quinquaginta)
938 3083 1114 3144 infra.
1186 3082 1349 3143 Item
1416 3100 1569 3142 vero
1619 3084 1665 3142 si
1718 3082 1983 3161 quando
2051 3083 2186 3163 ipse
2253 3093 2540 3162 potestas
2607 3084 2789 3144 iuerit
2847 3083 3066 3161 aliquo

352 3197 418 3256 in
465 3198 789 3257 servitium
850 3198 1229 3270 communi5‚
1275 3205 1428 3256 tunc
1488 3197 1697 3275 ipsum
1759 3205 2108 3256 commune
2163 3207 2455 3256 teneatur
2500 3195 2654 3257 dare
2699 3196 2756 3256 ei
2803 3205 3068 3256 cunctas

352 3327 671 3388 expensas
733 3311 797 3370 in
859 3308 1094 3383 eund0‚
1140 3308 1374 3370 stando
1434 3320 1497 3369 et
1559 3308 1912 3382 redeund0,
1958 3327 2077 3370 nec
2139 3327 2270 3370 non
2333 3310 2468 3388 ipse
2525 3319 2812 3387 potestas
2856 3318 2922 3370 et
2967 3327 3066 3370 res

354 3423 489 3482 eius
532 3421 793 3496 vadant,
838 3432 992 3483 tunc
1059 3430 1230 3483 stent
1275 3432 1339 3482 et
1383 3429 1778 3482 revertantur
1844 3419 1930 3481 ad
1998 3439 2194 3481 omne
2263 3421 2456 3500 ipsius
2523 3423 2886 3482 communis
2955 3407 3067 3501 pe·L

354 3533 642 3595 ticulum.
689 3533 1015 3596 Teneatur
1056 3545 1347 3614 preterea
1392 3533 1565 3596 idem
1613 3552 1962 3595 commune
2009 3536 2214 3613 ipsum
2263 3543 2650 3613 potestatem
2691 3545 2756 3594 et
2788 3537 2923 3596 eius
2967 3553 3068 3596 res

356 3649 423 3706 in
468 3646 595 3708 fine
641 3649 733 3708 sui
782 3649 1105 3729 regiminis
1164 3648 1547 3729 Tragurium
1607 3647 1911 3709 reducere
1958 3657 2022 3708 et
2066 3665 2410 3727 procurare
2469 3647 2600 3709 suis
2657 3649 2902 3708 cunctis
2961 3649 3063 3708 sti-

354 3759 607 3838 pendiis
651 3770 716 3821 et
760 3759 845 3821 ad
890 3779 1086 3822 omne
1154 3778 1341 3822 suum
1409 3760 1763 3840 periculum
1824 3769 1889 3820 et
1957 3761 2297 3821 fortunam.
2367 3757 2495 3839 Qui
2562 3779 2715 3820 vero
2781 3771 3070 3840 potestas

360 3873 681 3935 licentiam
742 3872 977 3934 habeat
1040 3873 1336 3934 veniendi
1380 3872 1761 3955 Tragurium
1808 3884 1906 3934 ter
1949 3875 2012 3934 in
2059 3891 2233 3935 anno
2279 3883 2345 3934 et
2389 3882 2556 3935 stare
2600 3875 2738 3935 vice
2784 3873 3070 3953 qualibet

358 3985 495 4046 dies
541 3995 691 4046 octo
737 3985 855 4046 sibi
902 3986 965 4046 in
1012 3985 1242 4046 salario
1286 3985 1386 4046 vel
1432 3987 1707 4047 termino
1754 4004 1886 4047 non
1931 3985 2426 4065 computandos
2479 3985 2800 4047 veniendo
2847 3997 3067 4048 tamen

356 4108 421 4159 et
466 4098 845 4159 revertendo
891 4098 975 4159 ad
1022 4117 1287 4160 omnem
1333 4117 1515 4160 suam
1561 4099 1905 4160 fortunam.
1954 4096 2151 4177 Quod
2196 4099 2246 4159 si
2295 4116 2444 4159 vero
2475 4099 2615 4159 vice
2659 4098 2873 4177 aliqua
2918 4097 3064 4178 plus

356 4220 509 4272 octo
556 4210 783 4272 diebus
826 4222 1040 4286 staret,
1084 4212 1184 4273 vel
1231 4213 1280 4272 si
1329 4212 1565 4291 pluries
1609 4231 1759 4272 eum
1806 4213 2022 4272 venire
2065 4212 2448 4293 Tragurium
2494 4221 2864 4291 opporteret
2912 4230 3064 4272 con-

356 4324 570 4384 venire
620 4370 1058 4390 ........
1113 4323 1251 4385 dies
1295 4327 1470 4404 ipsos
1514 4327 1578 4384 in
1610 4324 1739 4386 fine
1784 4325 1879 4385 sui
1926 4326 2251 4406 regiminis
2296 4326 2471 4403 ipsos
2515 4324 2651 4384 dies
2698 4323 3065 4407 Prestaco(l)

356 4438 687 4498 communi
733 4447 1085 4498 restaurare
1130 4449 1303 4512 tune,
1348 4457 1423 4498 ac
1470 4437 1741 4498 totidem
1787 4437 2022 4498 stando
2068 4437 2312 4498 diebus
2361 4437 2609 4508 Exenia
2653 4455 2807 4498 vero
2851 4437 3066 4517 aliqua

358 4549 563 4610 dictus
608 4558 896 4628 potestas
941 4549 1301 4611 nullatenus
1345 4551 1637 4630 promisit
1682 4552 2003 4628 suscipere
2048 4560 2114 4611 et
2144 4549 2269 4610 hoc
2298 4549 2384 4611 ad
2414 4552 2686 4611 invicem
2731 4550 3066 4612 attendere

356 4663 784 4740 promiserunt
829 4673 893 4722 et
940 4664 1002 4723 in
1051 4662 1227 4723 nullo
1273 4663 1709 4724 contrafacere
1753 4663 1855 4723 vel
1903 4664 2132 4723 venire.

542 4801 939 4859 cancellaria
985 4803 1443 4860 communitatis
1496 4803 1810 4877 Tragurii.
1856 4803 2094 4861 Lucius
2137 4803 2438 4860 Memorie
2475 4803 2547 4860 di
2584 4803 2750 4861 Traia
2801 4808 3068 4860 84—85.

530 4905 1031 4980 Fragmentarno
1076 4908 1253 4966 izdao
1298 4909 1489 4983 Fq'e'r
1536 4907 1682 4967 Coa’.
1715 4909 1867 4984 dipl.
1896 4909 2110 4982 Hung.
2160 4907 2292 4967 VII.
2331 4912 2448 4964 141.
2503 4941 2582 4951 —
2631 4909 2876 4966 Wenzel
2924 4909 3066 4968 Coa'.

357 5010 507 5087 dipl.
572 5009 808 5087 Arpad.
878 5016 1033 5068 cont.
1113 5011 1281 5070 VIII.
1352 5013 1711 5071 329—330.
1789 5022 1890 5090 (po
1957 5012 2212 5084 Luciu).
2293 5045 2372 5056 —
2471 5012 2851 5088 Kukuljevic‘
2910 5015 3067 5089 Reg..

358 5131 461 5173 no.
508 5117 685 5170 1000.

447 5243 591 5289 con.
641 5245 804 5286 mm..
850 5245 912 5288 v,
2895 5229 2978 5292 34
