3797 5795
1414 356 1785 423 —99—

284 556 449 615 lutem
477 553 535 612 in
566 570 725 611 uero
754 551 1024 613 salutari.
1070 550 1333 630 Spectat
1364 551 1447 612 ad
1480 550 1762 613 officium
1795 554 1966 633 regie
2010 554 2370 625 maiestatiS,
2415 572 2638 614 causas
2669 553 2950 635 legitime

281 666 611 728 terminatas
656 662 1006 724 litterarum
1067 666 1436 743 testimonio
1498 661 1818 739 roborare,
1864 684 1946 726 ne
1992 683 2294 745 processu
2340 668 2650 745 temporis
2695 667 2948 727 valeant

276 782 329 840 in
358 777 605 839 dubium
668 779 967 838 revocari.
1014 776 1291 838 Proinde
1349 776 1433 837 ad
1496 779 1933 839 universorum
1997 780 2297 839 noticiam
2360 778 2584 839 harum
2630 781 2790 841 serie
2835 800 2945 840 vo-

272 892 455 953 lumus
493 892 844 969 peruenire,
889 889 1066 970 quod
1113 908 1261 950 cum
1310 887 1624 973 Georgius
1670 889 1830 952 filius
1877 890 2206 969 Maladyn,
2269 890 2537 973 Bogdan
2589 892 2946 964 Pozobuch,

270 1004 569 1067 Faroesius
629 1022 749 1082 pro
814 1000 1097 1081 Wlkyna
1160 1012 1224 1062 et
1285 1000 1599 1084 Georgius
1659 1002 1821 1064 filius
1883 1003 2118 1082 Zeztup
2181 1003 2552 1087 iobagiones
2615 1008 2800 1066 castri
2866 1005 2949 1067 de

269 1115 553 1187 Dobicha,
596 1126 831 1176 terram
880 1112 1267 1177 Coztanicha
1315 1126 1677 1195 repeterent
1722 1135 1759 1175 a
1812 1114 2228 1195 Hytynkone‚
2273 1128 2626 1178 asserentes
2673 1118 2946 1179 eandem

266 1231 431 1291 fuisse
486 1230 671 1289 castri
719 1228 805 1289 de
848 1226 1141 1289 Dobicha
1203 1238 1268 1288 et
1329 1240 1477 1306 post
1538 1228 1788 1289 obitum
1850 1230 2012 1309 regis
2075 1226 2414 1291 Colomani
2477 1229 2672 1290 felicis
2740 1249 2947 1291 recor-

264 1343 521 1405 dacionis
580 1361 697 1421 per
758 1341 999 1402 dictum
1066 1338 1333 1419 Hetynk
1350 1336 1415 1421 (l)
1479 1350 1894 1421 occupatam;
1959 1341 2130 1401 idem
2194 1340 2462 1419 Hetynk
2525 1361 2610 1403 ex
2671 1342 2944 1405 aduerso

266 1454 583 1535 respondit,
661 1465 731 1517 ut
808 1455 1009 1535 ipsam
1080 1463 1314 1514 terram
1383 1451 1772 1516 Coztanicha
1842 1454 2091 1515 vivente
2160 1454 2369 1515 adhuc
2439 1472 2585 1535 rege
2653 1454 2942 1534 predicto

262 1567 497 1647 pacifice
542 1586 746 1646 usque
792 1566 877 1627 ad
923 1566 1040 1627 hec
1086 1575 1379 1646 tempora
1426 1566 1827 1645 possedisset.
1884 1566 2197 1627 Volentes
2257 1568 2442 1648 igitur
2488 1567 2700 1628 litibus
2745 1567 2940 1630 finem

264 1684 564 1763 inponere,
626 1680 929 1759 predictis
989 1678 1269 1761 Georgio
1330 1679 1640 1755 videlicet,
1701 1678 2014 1761 Bogdano
2077 1679 2434 1755 Pozobuch,
2481 1679 2778 1743 Farcasio
2824 1672 2942 1760 pro

262 1792 495 1855 Wlkina
541 1805 606 1855 et
654 1791 935 1875 Georgio
1002 1793 1449 1873 iobagionibus
1494 1794 1675 1853 castri
1726 1794 2040 1871 prenotati
2088 1810 2278 1871 super
2325 1794 2458 1872 ipsa
2504 1806 2668 1854 terra
2717 1790 2942 1856 Cozta-

259 1906 419 1966 nicha
447 1925 669 1967 coram
701 1904 980 1985 capitulo
1012 1904 1417 1986 Zagrabiensi
1451 1905 1953 1966 adiudicavimus
1997 1915 2484 1967 sacramentum.
2533 1904 2943 1967 Adueniente

263 2038 385 2079 vero
427 2018 530 2080 die
578 2020 955 2081 sacramenti
990 2018 1131 2079 talis
1164 2021 1325 2080 inter
1364 2030 1575 2098 partes
1621 2020 2014 2097 composicio
2062 2020 2416 2092 intervenit,
2461 2029 2653 2097 prout
2698 2018 2942 2079 dictum

254 2132 579 2211 oepitulum
644 2132 829 2193 nobis
874 2133 937 2192 in
984 2134 1113 2192 suis
1172 2131 1393 2193 litteris
1451 2133 1784 2205 intimavit,
1832 2131 2011 2211 quod
2071 2130 2278 2193 dictus
2341 2130 2592 2210 Hytink
2610 2128 2674 2212 (!)
2745 2150 2941 2193 unam

254 2254 473 2323 partem
505 2245 594 2306 de
626 2245 762 2324 ipsa
813 2254 975 2305 terra
1023 2242 1409 2307 Coztanicha
1456 2244 1693 2305 dimisit
1743 2254 1953 2305 castro
2001 2254 2378 2317 memoram,
2424 2246 2609 2305 certis
2655 2243 2942 2323 undique

252 2358 417 2418 metis
473 2357 849 2419 districtam.
911 2355 1107 2420 Cuius
1168 2360 1371 2435 prima
1436 2368 1607 2418 meta
1669 2359 1887 2436 incipit
1933 2357 2016 2417 de
2063 2355 2254 2418 fluvio
2319 2358 2423 2419 Un
2470 2357 2644 2437 apud
2695 2368 2938 2418 metam

254 2480 517 2545 terream,
568 2469 718 2531 inde
767 2490 881 2550 per
926 2470 1249 2549 quandam
1317 2470 1547 2531 vallem
1608 2469 1897 2549 procedit
1960 2489 2178 2531 uersus
2237 2471 2830 2548 septemtrionalem
2876 2480 2941 2530 et

248 2602 349 2661 per
404 2584 681 2645 eandem
743 2583 971 2645 vallem
1034 2583 1321 2645 ascendit
1365 2568 1462 2643 ad'
1496 2582 1918 2644 monticulum
1983 2582 2068 2643 ad
2130 2592 2369 2644 metam
2439 2594 2726 2651 terream,
2789 2582 2940 2643 inde

244 2695 561 2757 descendit
608 2716 723 2777 per
769 2706 973 2757 metas
1017 2696 1103 2757 ad
1148 2694 1410 2756 fluvium
1470 2694 2030 2775 Jeztrebnichicha,
2097 2715 2210 2773 per
2257 2714 2448 2775 quem
2497 2697 2668 2756 venit
2715 2697 2778 2755 in
2825 2693 2940 2755 flu—

244 2809 400 2869 vium
444 2810 664 2888 Tvrya
708 2819 774 2870 et
818 2827 931 2888 per
976 2807 1235 2870 fluvium
1282 2805 1543 2889 Turia(l)
1591 2809 1761 2868 venit
1808 2810 1871 2868 in
1917 2806 2177 2870 fluvium
2204 2807 2498 2881 Polozka‚
2528 2827 2643 2887 per
2678 2806 2937 2869 fluvium

246 2921 503 2984 Polozka
550 2941 754 3002 usque
798 2922 882 2983 ad
931 2933 1160 2982 terram
1208 2921 1477 2994 abbatiS,
1522 2922 1626 2981 ubi
1675 2932 1839 2982 terra
1886 2925 2069 2982 castri
2115 2942 2152 2982 a
2199 2933 2364 2982 terra
2411 2921 2796 3000 Hytinconis
2843 2939 2939 2982 se-

242 3049 497 3113 paratur.
544 3035 687 3097 Nos
746 3036 933 3116 igitur
992 3035 1473 3096 ordinacionem
1536 3037 1739 3113 ipsam
1803 3045 2005 3094 ratam
2076 3034 2403 3108 habenteS,
2450 3053 2530 3094 ne
2576 3033 2748 3094 idem
2801 3033 2942 3112 Hy-

241 3149 398 3208 tinco
441 3149 543 3210 vel
591 3151 785 3228 ipsius
830 3147 1099 3211 heredes
1146 3150 1207 3208 in
1256 3157 1583 3228 posterum
1645 3149 1975 3227 inquietari
2043 3166 2232 3226 super
2279 3149 2412 3226 ipsa
2460 3157 2624 3206 terra
2670 3145 2941 3220 valeant,

238 3275 551 3338 presentes
605 3260 904 3322 dedimus
971 3260 1208 3322 litteras
1276 3260 1589 3340 dupplicis
1654 3259 1835 3340 sigilli
1901 3261 2096 3320 nostri
2161 3260 2510 3321 munimine
2586 3259 2938 3319 roboratas.

242 3370 466 3436 Datum
529 3393 648 3454 per
710 3393 939 3435 manus
1008 3375 1285 3456 magistri
1356 3372 1692 3453 Smaragdi
1762 3369 2063 3432 Albensis
2131 3373 2454 3452 prepositi,
2516 3370 2659 3432 aule
2722 3383 2938 3432 nostre

240 3487 743 3560 viceoencellarii‚
804 3487 987 3547 electi
1054 3484 1441 3559 ColocensiS‚
1502 3484 1708 3545 dilecti
1774 3494 1837 3546 et
1898 3483 2101 3546 fidelis
2169 3487 2384 3558 nostri,
2447 3503 2620 3546 anno
2691 3483 2936 3546 domini

238 3599 566 3661 millesimo
630 3599 1073 3660 ducentesimo
1134 3599 1664 3679 quinquagesimo
1734 3608 1984 3671 oetam,
2045 3607 2274 3678 quarto
2323 3617 2527 3660 nonas
2573 3597 2716 3671 iulii,
2763 3599 2940 3678 regni

238 3721 442 3773 autem
494 3714 693 3774 nostri
740 3729 913 3772 anno
961 3713 1263 3772 vicesimo
1310 3713 1523 3770 tercio,

398 3932 467 3989 [Ζ
513 3931 869 4006 originalne
900 3931 1165 4008 potvrde
1207 3929 1415 4005 kralja
1466 3931 1763 4005 Stjepana
1810 3929 1896 3984 od
1935 3929 2108 3985 1272.
2162 3931 2213 3984 8.
2242 3929 2414 4003 juna
2448 3948 2488 3985 u
2519 3927 2613 3986 kr.
2665 3948 2762 4001 ug.
2809 3929 2938 3986 (ι’νέ.

236 4034 448 4094 arkivu
498 4056 539 4094 u
589 4037 879 4096 Budimu.
930 4036 1017 4094 M.
1076 4036 1143 4094 O.
1194 4035 1273 4092 D.
1323 4035 1393 4092 L.
1440 4054 1534 4092 no.
1589 4036 1721 4090 783.
1774 4033 1998 4108 (Stara
2043 4033 2202 4106 sign.
2241 4033 2321 4090 N.
2355 4034 2428 4089 R.
2464 4032 2534 4092 A.
2563 4035 2740 4109 fasc.
2795 4036 2936 4104 457,

242 4158 327 4195 no.
376 4143 475 4204 24,
517 4187 529 4200 .

418 4143 667 4303 Hieme-l
714 4244 855 4303 Cod.
922 4243 1069 4321 dipl.
1119 4244 1354 4320 Arpad.
1404 4253 1561 4303 cont.
1627 4241 1761 4302 VII.
1814 4243 2164 4326 483-484,
2225 4275 2310 4284 —
2371 4241 2747 4317 Kukuljevic'
2787 4241 2942 4314 Reg.

244 4364 333 4406 na.
386 4353 523 4406 756.
