3797 5795
1473 358 1881 420 -351—

369 565 568 612 terreas
619 547 1024 608 circumfusas
1095 550 1266 609 iuxta
1335 548 1611 609 eandem
1681 551 1863 608 viam.
1941 548 2097 610 Inde
2158 549 2241 610 ad
2304 549 2463 610 duas
2524 551 2783 610 arbores
2828 549 2921 610 tul
2968 561 3032 610 et

365 664 482 724 ibor
523 663 969 743 crucesignatas
1013 674 1077 722 et
1126 671 1328 723 metas
1373 670 1609 722 terreas
1655 661 2082 723 circumfusas.
2152 662 2309 723 Inde
2356 665 2490 724 exit
2537 663 2621 722 de
2671 680 2938 723 nemore
2970 664 3031 722 in

363 775 563 836 eadem
603 777 694 836 via
737 775 822 836 ad
869 775 1028 835 duas
1077 785 1280 836 metas
1340 787 1591 836 terreas,
1643 775 1798 835 Inde
1846 777 2023 836 iuxta
2090 775 2315 836 silvam
2362 778 2493 836 sive
2543 793 2769 836 nemus
2816 793 3031 836 versus

363 888 654 950 meridiem
698 887 780 948 ad
826 899 1092 966 puteum
1141 899 1204 948 et
1249 888 1333 948 ad
1379 887 1540 949 duas
1603 899 1806 948 metas
1867 899 2119 950 terreas,
2170 887 2328 949 Inde
2374 888 2457 948 ad
2504 888 2699 948 alium
2764 899 3031 967 puteum

361 1019 414 1062 et
471 1001 550 1062 ad
607 1001 758 1062 duas
827 1012 1033 1061 metas
1103 1015 1338 1062 terreas
1406 1003 1582 1062 iuxta
1650 1000 1928 1062 eandem
1996 1001 2235 1061 silvam.
2286 1001 2443 1062 Inde
2491 1001 2574 1061 ad
2626 1001 2784 1062 duas
2832 1011 3034 1061 metas

360 1123 570 1176 terreas
610 1116 776 1174 iuxta
824 1115 1092 1176 tercium
1138 1125 1404 1193 puteum
1439 1133 1654 1175 versus
1684 1114 1961 1175 eandem
2008 1126 2274 1193 partem.
2330 1113 2489 1175 Inde
2522 1115 2605 1174 ad
2639 1113 2797 1174 duas
2827 1122 3033 1174 metas

361 1241 571 1288 terreas
609 1229 668 1287 in
713 1226 836 1287 fine
883 1227 1060 1288 vallis
1103 1228 1276 1289 unde
1322 1227 1457 1288 fluit
1503 1227 1750 1288 rivulus,
1801 1227 1959 1288 Inde
2005 1229 2293 1306 superius
2338 1246 2554 1288 versus
2628 1225 3031 1288 occidentem

359 1342 520 1400 iuxta
559 1353 806 1418 puteum
856 1343 918 1400 in
967 1349 1258 1401 montem
1303 1341 1420 1401 sibi
1452 1351 1599 1401 sunt
1633 1341 1759 1400 due
1795 1351 1964 1402 mete
2011 1352 2228 1401 terree.
2280 1340 2437 1401 Inde
2484 1343 2645 1401 inter
2692 1339 3027 1400 meridiem

360 1465 412 1515 et
452 1454 832 1514 occidentem
867 1455 929 1514 in
963 1456 1060 1514 via
1093 1452 1178 1514 ad
1223 1453 1383 1514 duas
1431 1465 1634 1514 metas
1681 1463 1932 1514 terreas.
1982 1454 2139 1514 Inde
2188 1473 2403 1515 versus
2450 1453 2725 1514 eandem
2774 1464 3028 1532 partem

361 1565 538 1626 tendit
579 1566 657 1626 ad
701 1563 860 1626 duas
908 1578 1110 1627 metas
1173 1579 1422 1627 terreas,
1472 1566 1628 1627 Inde
1689 1566 1771 1627 ad
1835 1566 1995 1627 duas
2060 1578 2263 1628 metas
2308 1579 2562 1628 terreas,
2612 1567 2769 1628 Inde
2816 1585 3033 1628 versus

363 1679 784 1740 meridiem-ad
833 1679 992 1740 duas
1037 1689 1242 1740 metas
1302 1691 1552 1740 terreas.
1602 1678 1759 1740 Inde
1807 1679 1890 1740 ad
1938 1679 2099 1740 duas
2146 1691 2349 1741 metas
2414 1691 2649 1741 terreas
2696 1682 2873 1740 iuxta
2919 1699 3034 1759 pu-

361 1804 514 1853 teum
572 1794 731 1853 inter
801 1793 1131 1854 meridiem
1201 1806 1263 1854 et
1333 1793 1754 1854 occidentem.
1805 1793 1964 1854 Inde
2034 1812 2247 1856 versus
2320 1793 2652 1855 meridiem
2721 1793 2805 1854 ad
2875 1792 3034 1853 duas

363 1916 539 1966 metas
593 1917 844 1967 terreas.
893 1907 1049 1968 Inde
1095 1907 1178 1968 ad
1227 1908 1386 1967 duas
1447 1918 1650 1968 metas
1709 1918 1947 1968 terreas
1994 1909 2055 1967 in
2104 1907 2304 1967 dumo
2360 1925 2694 1968 munorou.
2746 1906 2904 1966 Inde
2950 1905 3035 1965 ad

359 2030 600 2098 quatuor
647 2032 849 2080 metas
894 2031 1148 2080 terreas.
1197 2020 1356 2081 Inde
1400 2019 1484 2080 ad
1531 2020 1690 2080 duas
1736 2031 1942 2080 metas
1989 2031 2239 2080 terreas,
2290 2019 2448 2080 Inde
2493 2019 2577 2080 ad
2624 2019 2783 2080 duas
2828 2029 3034 2081 metas

358 2141 562 2192 terreas
606 2135 780 2193 iuxta
826 2133 1010 2194 viam.
1059 2131 1216 2194 Inde
1261 2131 1601 2194 reflectitur
1647 2136 1808 2192 inter
1855 2133 2185 2193 meridiem
2219 2143 2281 2193 et
2316 2132 2723 2194 occidentem
2757 2131 2841 2193 ad
2874 2132 3033 2194 duas

359 2256 535 2306 metas
594 2257 844 2306 terreas.
920 2245 1074 2306 Inde
1135 2265 1349 2306 versus
1403 2245 1676 2306 eandem
1741 2256 1989 2324 partem
2037 2245 2119 2306 ad
2166 2245 2453 2326 gertansa
2524 2246 3032 2327 crucesignatarn

357 2370 412 2418 et
467 2369 657 2419 metas
717 2371 950 2420 terreas
1014 2359 1441 2432 circumfusaS,
1485 2359 1592 2420 ubi
1654 2369 2021 2440 segregatur
2066 2359 2148 2419 de
2194 2359 2514 2420 vicinitate
2580 2369 2744 2419 terre
2792 2359 3031 2420 Paulini

357 2483 410 2532 et
449 2472 605 2532 cadit
651 2475 711 2532 in
759 2491 994 2550 aquam
1041 2470 1436 2550 Zalatinnyk,
1484 2471 1654 2532 unde
1699 2472 1987 2532 ascendit
2018 2474 2079 2532 in
2113 2471 2343 2533 eadem
2390 2491 2556 2552 aqua
2608 2474 2671 2532 in
2704 2473 3022 2531 vicinitate

354 2585 802 2666 terrefgecclesie
847 2597 910 2646 et
956 2599 1118 2646 terre
1164 2587 1462 2664 empticie
1509 2605 1709 2664 usque
1756 2585 1842 2645 ad
1889 2597 2130 2645 metam
2177 2596 2451 2646 terream
2499 2587 2678 2646 iuxta
2736 2584 3032 2644 arborem

359 2708 610 2777 gertean.
672 2698 828 2758 Inde
887 2717 1104 2760 versus
1163 2700 1436 2759 eandem
1499 2707 1745 2776 partem
1808 2700 2095 2777 superius
2141 2697 2429 2759 ascendit
2478 2699 2539 2757 in
2590 2697 2818 2757 eadem
2864 2715 3030 2775 aqua

356 2809 704 2890 Zalatinnyk
749 2823 812 2872 et
859 2813 1146 2890 pervenit
1190 2811 1274 2870 ad
1319 2813 1595 2890 priorem
1644 2822 1880 2871 metam
1932 2823 1994 2872 et
2044 2811 2279 2871 ibidem
2346 2811 2732 2871 terminatur.
2780 2807 3021 2870 Datum

355 2942 456 3000 per
513 2944 726 2987 manus
787 2928 1065 3006 magistri
1129 2925 1402 2986 Farcasii
1464 2925 1644 2986 electi
1709 2924 2009 2985 Albensis
2068 2925 2212 2986 aule
2274 2935 2488 2985 nostre
2536 2922 3031 2984 vicecancellarii

355 3036 547 3097 dilecti
592 3049 650 3097 et
697 3038 898 3099 fidelis
944 3040 1157 3099 nostri.
1205 3038 1400 3099 Anno
1445 3039 1688 3099 domini
1737 3038 2075 3098 millesimo
2124 3038 2567 3098 ducentesimo
2629 3038 3031 3117 sexagesimo

355 3146 626 3232 (quinto),
671 3154 846 3233 regni
893 3164 1108 3212 autem
1159 3154 1356 3211 nostri
1403 3172 1574 3213 anno
1621 3154 1961 3212 tricesimo.

523 3344 651 3401 Cod.
697 3345 844 3421 dipl.
889 3346 1140 3420 patrius
1201 3344 1328 3401 Vll.
1387 3346 1652 3398 96—99.
1692 3377 1773 3383 —
1821 3346 1911 3401 Po
1957 3344 2273 3418 originalu
2324 3362 2407 3400 na
2454 3342 2647 3415 kojem
2694 3341 2819 3397 visi
2850 3344 3038 3415 pelat

350 3450 426 3503 od
457 3448 609 3523 koga
651 3470 725 3507 su
771 3450 964 3507 ostale
1008 3449 1242 3505 svilene
1287 3467 1507 3505 ervene
1553 3449 1578 3503 i
1619 3448 1823 3505 zelene
1867 3469 2067 3517 vrvce,
2118 3470 2157 3505 u
2206 3448 2431 3505 arkivu
2493 3446 2727 3521 obitelji
2762 3448 3033 3522 grofova

355 3554 626 3625 Ιίνιῖὅιζνα
673 3575 711 3611 u
768 3554 1089 3628 Glogovcu.
1309 3630 1313 3633 Β

515 3659 879 3727 Κηὲτιίίιύίέ
919 3660 1064 3733 lx‘eg.
1117 3678 1210 3715 no.
1266 3662 1392 3713 901.

1591 3947 1786 4027 838.

352 4126 534 4205 1265,
575 4125 765 4209 prijo
810 4126 921 4191 13.
969 4123 1302 4191 oktobra.

353 4314 510 4377 Bela
538 4317 724 4401 kralj
750 4316 1041 4402 ugarskz'
1068 4316 1100 4379 ι’
1123 4316 1437 4379 krvalskz'
1470 4314 1858 4399 potvrdjuye
1906 4322 2181 4397 §upana
2222 4312 2433 4374 Ruku
2468 4306 2721 4371 listina
2754 4306 3023 4390 kaptola

1429 4428 1932 4513 dazmanskoga.

511 4624 657 4685 Bela
705 4624 809 4685 dei
856 4626 1064 4706 gracia
1116 4623 1459 4705 Hungarie.
1505 4621 1847 4693 Dalmacie,
1896 4617 2179 4691 Croacie,
2226 4617 2447 4688 Kame,
2484 4614 2723 4689 Seruie,
2754 4611 3035 4685 Gallicie,

349 4734 739 4811 Lodomerie‚
788 4735 1224 4813 Cumanieque
1285 4755 1400 4796 rex
1462 4734 1761 4795 omnibus
1825 4751 2085 4811 presens
2147 4732 2452 4809 scriptum
2514 4728 2887 4806 inspecturis
2932 4744 3028 4787 sa-

347 4847 528 4910 lutern
575 4852 637 4913 in
686 4853 976 4911 omnium
1037 4850 1364 4911 salvatore.
1412 4846 1520 4909 Ad
1583 4849 2023 4908 universorum
2088 4844 2389 4903 noticiam
2456 4853 2587 4903 tam
2633 4841 3029 4919 presencium

347 4980 526 5040 quam
573 4964 930 5025 futurorum
961 4972 1183 5024 tenore
1212 4962 1616 5041 presencium
1663 4960 1958 5019 volumus
2002 4958 2351 5037 pervenire,
2381 4955 2557 5031 quod
2589 4953 2791 5014 fidelis
2815 4963 3018 5014 noster

349 5076 480 5137 Ruh
523 5096 740 5138 comes
785 5077 869 5139 ad
917 5088 1198 5137 nostram
1261 5074 1574 5135 accedens
1641 5073 2036 5151 presenciam
2086 5068 2375 5131 exhibuit
2423 5068 2609 5129 nobis
2655 5067 2891 5128 litteras
2935 5086 3032 5127 ca-
