3797 5795
1600 427 1673 438 —
1744 392 2003 457 197-

444 574 799 638 dilectionis
844 577 1169 640 affectum.
1214 583 1580 659 (Ispustivffi
1620 586 1866 659 ostalo.)
1931 583 2292 648 Adiicimus
2337 591 2560 664 eciam,
2621 591 2798 668 quod
2851 603 3000 670 post
3046 593 3154 654 ha-

443 688 641 749 bitam
688 708 917 768 pacem
970 703 1035 754 et
1086 693 1503 761 concordiam
1550 697 1712 756 inter
1758 715 1877 758 nos
1923 709 1986 760 et
2035 699 2278 760 dictum
2335 713 2640 780 nepotem
2688 713 2998 780 nostrum,
3043 705 3156 766 ho-

446 803 652 862 mines
696 803 983 864 eiusdem
1031 803 1115 865 de
1158 803 1370 885 Styria
1412 806 1495 868 de
1526 810 1809 872 exercitu
1857 829 1974 871 suo
2021 811 2104 872 ad
2150 816 2405 891 propria
2449 814 2805 892 redeunteS,
2851 835 3154 900 magnam

440 925 687 994 partem
734 927 899 978 terre
945 928 1160 979 nostre
1210 921 1273 980 in
1318 922 1629 983 comitatu
1676 923 2116 986 Worosdiensi
2179 926 2514 988 crudeliter
2561 941 2981 1006 vastaverunt,
3041 931 3151 992 ho-

444 1029 716 1102 micidia,
782 1031 1004 1109 spolia,
1070 1033 1383 1108 incendia,
1450 1036 1912 1113 captivationes
1979 1056 2334 1116 pauperum
2405 1049 2468 1100 et
2533 1041 2732 1102 multa
2796 1043 2964 1104 mala
3031 1043 3154 1105 alia

372 1155 383 1165 ·
440 1139 750 1216 faciend0,
819 1145 1075 1224 insuper
1142 1155 1417 1208 castrum
1489 1158 1775 1209 nostrum
1848 1152 1910 1210 in
1961 1149 2288 1233 Hungaria
2349 1155 2784 1230 constitutum,
2849 1156 3028 1234 quod
3071 1177 3150 1218 eo

442 1266 749 1335 tempore,
794 1275 927 1336 quo
973 1277 1105 1320 non
1150 1271 1361 1320 exstat
1408 1264 1737 1336 memoria,
1784 1281 1903 1324 nos
1934 1275 1996 1324 et
2029 1267 2226 1326 nostri
2260 1268 2700 1348 progenitores
2730 1269 3152 1347 possedimuS,

442 1386 572 1428 non
618 1379 713 1431 est
760 1370 947 1430 nobis
1007 1375 1385 1447 restitutum,
1430 1393 1557 1454 que
1602 1377 1819 1435 omnia
1881 1387 2088 1438 vestra
2151 1377 2344 1440 debet
2405 1379 2736 1442 attendere
2803 1385 3150 1461 paternitas

440 1492 504 1541 et
548 1482 780 1545 referre
826 1487 1045 1563 nepoti
1092 1495 1331 1559 nostr0‚
1374 1497 1605 1566 petens
1663 1507 1851 1568 super
1894 1494 2216 1568 premissis
2273 1493 2460 1553 nobis
2520 1493 2802 1556 exhiberi
2871 1496 3150 1558 satisfac-

442 1597 682 1656 tionem
760 1597 1045 1658 debitam
1109 1600 1345 1678 pariter
1412 1609 1477 1660 et
1536 1601 1902 1664 emendam.
1967 1603 2208 1665 Datum
2256 1608 2318 1666 in
2367 1605 2590 1678 Zolum
2638 1607 2956 1670 sabbatho
3001 1619 3148 1688 post

444 1709 673 1769 festum
722 1712 925 1772 sancti
971 1711 1224 1793 Egydii.

611 1903 804 1978 Eeje'r
875 1904 1016 1962 Cod.
1085 1906 1234 1982 dipl.
1288 1907 1499 1980 Hung.
1566 1908 1674 1964 IV.
1730 1911 1783 1966 3.
1834 1911 2060 1966 30—3.
2113 1945 2186 1951 —
2243 1873 2616 1988 Kukuljmic'
2671 1915 2822 1986 Reg.
2872 1934 2966 1970 no.
3019 1918 3145 1972 814.

1706 2199 1897 2279 704.

444 2345 639 2424 1261,
684 2344 877 2428 prije
924 2346 1037 2412 13.
1084 2345 1420 2414 oktobra.

444 2534 617 2597 Bela
684 2535 876 2620 kralj
936 2535 1230 2621 ugarski
1285 2537 1317 2598 ι’
1374 2537 1690 2602 krvatskz‘
1726 2539 1885 2624 daje
1943 2541 2023 2602 K
2019 2540 2220 2624 ureju
2282 2541 2724 2626 gradjam'nu
2791 2544 3147 2607 varazdm-

442 2648 677 2711 skomu
747 2671 821 2712 za
892 2671 1131 2734 mnoge
1195 2651 1415 2714 sluzbe
1474 2651 1795 2736 uc‘z'njene
1856 2653 2091 2736 njemu
2156 2652 2190 2714 ι’
2245 2652 2412 2716 sinu
2461 2655 2752 2740 nybgovu
2805 2655 3144 2740 Stjepanu

1560 2765 1727 2828 nekz'
1760 2767 2018 2851 possed.

618 2957 769 3019 Bela
815 2958 917 3019 dei
963 2961 1175 3040 gracia
1224 2958 1569 3041 Hungarie,
1616 2959 1967 3034 Dalmacie,
2014 2958 2298 3033 Croacie,
2329 2961 2552 3033 Rame,
2583 2962 2820 3037 Seruie,
2865 2960 3148 3037 Gallicie,

450 3070 855 3147 Lodomerie,
900 3070 1343 3151 Cumanieque
1388 3092 1501 3135 rex
1551 3073 1853 3135 omnibus
1900 3071 2128 3137 Christi
2177 3072 2472 3135 fidelibus
2516 3086 2846 3152 presentes
2907 3074 3149 3139 litteras

444 3186 817 3265 inspecturis
876 3186 1147 3255 salutem
1210 3187 1273 3247 in
1332 3186 1551 3247 salutis
1619 3186 1930 3269 largitore.
2001 3186 2198 3247 Grata
2267 3183 2588 3249 fidelitatis
2650 3187 2960 3267 obsequia
3021 3207 3147 3268 que

446 3299 745 3359 virtutum
790 3302 1259 3381 prerogativam
1322 3302 1569 3379 optinet
1632 3299 1839 3381 dignis
1896 3310 2044 3361 sunt
2106 3297 2432 3361 beneficiis
2491 3301 2960 3379 prosequenda,
3021 3321 3148 3383 que

444 3422 685 3485 quanto
730 3411 985 3471 uberius
1028 3411 1437 3473 benemeritis
1482 3412 1956 3491 impenduntur,
1987 3422 2169 3473 tanto
2217 3415 2596 3492 propensius
2639 3423 2705 3474 et
2751 3432 3052 3477 numerus
3083 3425 3146 3475 et

446 3521 711 3585 affectus
776 3524 1277 3603 obsequencium
1357 3536 1763 3607 propagatur.
1840 3524 2118 3588 Proinde
2185 3526 2269 3587 ad
2337 3529 2774 3587 universorum
2845 3530 3144 3589 noticiam

444 3646 667 3699 tenore
710 3641 1112 3716 presencium
1157 3638 1454 3700 volumus
1498 3641 1846 3717 pervenire,
1878 3638 2058 3717 quod
2088 3657 2238 3699 cum
2271 3636 2451 3703 Cvrei
2487 3641 2638 3699 civis
2673 3639 3146 3703 Worosdiensis

446 3751 735 3810 inmense
802 3749 1121 3812 fidelitatis
1186 3750 1402 3811 studio
1469 3752 1655 3811 nobis
1715 3762 1779 3811 et
1824 3752 2152 3812 carissimo
2197 3749 2325 3813 filio
2373 3760 2593 3813 nostro
2639 3754 2770 3834 regi
2814 3751 3147 3831 Stephano

446 3862 870 3942 obsequiosus
916 3863 1345 3942 multipliciter
1400 3866 1731 3937 extitisset,
1790 3882 1912 3925 nos
1955 3864 2044 3925 ob
2091 3867 2397 3943 premissa
2460 3861 2780 3926 fidelitatis
2825 3874 2890 3925 et
2936 3865 3148 3944 probi-

446 3978 595 4038 tatis
640 3996 753 4037 sue
798 3980 1024 4037 merita
1085 3987 1321 4037 terram
1384 3978 1545 4039 Petri
1594 3977 1753 4038 calvi
1808 3975 2282 4059 iobagdionis(!)
2332 3976 2718 4039 Zaladiensis
2763 3981 2967 4051 castri,
3013 3980 3148 4039 sine

446 4090 681 4151 herede
725 4090 1157 4165 decendentiS,
1202 4094 1265 4152 in
1312 4092 1620 4152 comitatu
1654 4090 2009 4153 Zaladiensi
2053 4094 2459 4164 existentem,
2504 4092 2587 4153 ad
2626 4100 2876 4153 nostras
2922 4110 3149 4153 manus

446 4204 815 4265 devolutam
863 4223 1011 4266 cum
1058 4204 1245 4279 silvis,
1276 4204 1574 4285 virgultis,
1620 4204 1916 4266 senilibus
1949 4216 2010 4265 et
2044 4206 2107 4264 in
2141 4216 2304 4266 terra
2336 4204 2552 4265 arabili
2587 4204 2669 4264 ad
2701 4223 2887 4265 usum
2920 4204 3144 4267 decem

446 4326 799 4378 aratrorum
846 4326 1345 4396 competentem,
1390 4319 1550 4378 sicut
1598 4314 1781 4380 Chak
1826 4317 1998 4379 bano
2028 4316 2450 4379 Transilvano
2488 4320 2725 4379 comite
2756 4316 2840 4379 de
2870 4316 3148 4392 Zovnuc‚

445 4429 681 4491 dilecto
726 4440 791 4491 et
834 4429 1005 4491 fideli
1052 4440 1291 4503 nostr0‚
1334 4430 1435 4491 cui
1480 4441 1549 4491 ut
1596 4429 1765 4491 dicte
1808 4439 1973 4490 terre
2034 4429 2425 4509 qualitatem,
2474 4430 2896 4509 quantitatem
2945 4431 3148 4503 sciret,

446 4542 743 4603 dedimus
788 4546 851 4603 in
898 4542 1235 4617 mandatiS,
1281 4544 1467 4604 nobis
1513 4546 1789 4603 innotuit
1835 4543 2240 4617 rescribente,
2299 4541 2590 4631 predicto
2645 4540 2852 4621 Cvrey
2913 4552 2975 4603 et
3022 4544 3149 4604 suis

448 4656 789 4718 heredibus
833 4656 1271 4737 heredumque
1338 4656 1809 4717 successoribus
1856 4656 1939 4717 de
1986 4666 2202 4715 nostre
2248 4665 2312 4716 et
2357 4654 2624 4733 predicti
2685 4657 2987 4716 carissimi
3041 4654 3148 4716 filii

447 4773 647 4831 nostri
696 4771 861 4852 regis
905 4769 1212 4849 Stephani
1260 4771 1469 4851 gracie
1515 4781 1578 4829 et
1625 4768 2064 4829 benivolencie
2125 4768 2522 4847 plenitudine
2575 4768 2965 4829 contulimus
3010 4788 3150 4847 per-

444 4893 645 4963 petuo
690 4882 1170 4963 possidendam,
1215 4882 1333 4943 hac
1378 4882 1759 4943 condicione
1806 4882 2150 4955 interiecta,
2211 4881 2388 4961 quod
2436 4881 2606 4942 idem
2655 4879 2835 4945 Cvrei
2889 4882 3151 4942 Woros-

445 4997 682 5057 diensis
727 4996 961 5058 debeat
1022 4998 1174 5057 civis
1220 4992 1409 5077 (esse)
1456 5005 1522 5056 et
1567 4994 1805 5055 ibidem
1853 5014 1971 5074 pro
2019 4994 2380 5055 donacione
2435 4993 2874 5055 huiuscemodi
2936 5004 3150 5055 nostra

440 5113 843 5175 commorari.
892 5111 1108 5190 Ipsum
1156 5118 1369 5169 autem
1420 5106 1601 5171 Cvrei
1648 5126 1762 5187 per
1806 5108 2047 5167 dictum
2097 5106 2400 5169 dilectum
2449 5118 2512 5168 et
2545 5106 2800 5167 fidelem
2862 5116 3148 5167 nostrum
