3797 5795
1866 357 2276 421 —480—

716 548 1023 609 Martinus
1068 547 1388 625 predictus
1435 550 1661 609 iniuste
1692 567 2016 627 occupans
2047 567 2270 609 eorum
2305 550 2504 627 ipsam
2537 561 2770 609 terram
2806 550 2973 626 ipsos
3004 548 3410 627 deposuisset

717 662 799 721 de
842 660 1072 720 eadem
1132 660 1473 735 uiolenter;
1538 672 1760 721 contra
1822 679 1986 739 quos
2047 660 2356 721 Martinus
2400 660 2729 741 respondit
2777 674 3184 733 memoratus,
3231 661 3410 741 quod

715 777 850 853 ipsa
911 783 1078 834 terra
1137 784 1303 833 esset
1361 793 1475 835 sua
1538 786 1700 835 terra
1758 774 2138 835 hereditaria
2182 784 2246 834 et
2293 774 2507 835 fuisset
2555 774 2638 834 ab
2683 776 2946 851 antiquo
2991 795 3030 834 a
3073 776 3203 835 suis
3273 792 3418 852 pro·

717 886 1111 968 genitoribus
1142 906 1437 964 possessa
1469 887 1731 966 pacifice
1763 899 1826 948 et
1858 890 2072 965 quiete
2104 897 2167 947 et
2199 887 2389 947 iidem
2425 884 2816 968 Beryzlau(l),
2853 886 3122 961 Vulchk,
3153 886 3430 965 Stepan,

719 998 959 1079 Vytku,
1006 997 1309 1077 Vulchyk
1364 999 1529 1061 filius
1592 1001 1770 1074 Kese,
1820 999 2111 1078 Vulchey
2175 999 2335 1061 filius
2396 998 2605 1061 Drask
2669 1010 2732 1059 et
2794 998 3127 1081 Dragizlau
3199 1003 3410 1077 requi-

719 1115 1008 1173 siuissent
1053 1112 1136 1172 ab
1182 1114 1321 1191 ipso
1367 1112 1591 1173 ordine
1652 1113 1955 1175 iudicario
2018 1116 2223 1192 ipsam
2278 1127 2532 1185 terram,
2578 1132 2774 1191 quam
2820 1124 3042 1174 contra
3087 1132 3204 1175 eos
3252 1116 3429 1173 iusti-

720 1226 965 1287 ficasset
1036 1243 1251 1285 coram
1322 1223 1557 1285 Alexio
1626 1226 1816 1299 ban0,
1861 1236 2050 1305 prout
2121 1228 2180 1285 in
2253 1226 2472 1286 litteris
2541 1224 2892 1287 Alexandri
2963 1227 3110 1287 bani
3158 1236 3228 1287 et
3277 1226 3428 1286 bani

720 1338 1029 1417 Stephani
1089 1337 1261 1399 bone
1322 1340 1631 1399 memorie
1692 1338 2178 1401 confirmatoriis
2224 1338 2596 1400 earumdem
2647 1339 2917 1401 vidimus
2962 1342 3272 1400 contineri
3319 1358 3432 1400 ex-

719 1452 932 1512 hibitis
976 1470 1091 1529 per
1139 1449 1484 1511 Martinum
1534 1463 1978 1513 memoratum.
2047 1451 2329 1513 Demum
2377 1470 2524 1513 cum
2572 1452 2762 1513 iidem
2815 1452 3116 1525 Borizlau,
3163 1451 3432 1514 Vulchk

720 1575 783 1625 et
816 1564 914 1625 alii
948 1564 1289 1643 supradicti
1337 1583 1555 1625 coram
1600 1566 1897 1627 Rolando
1931 1567 2102 1627 bano
2135 1569 2536 1645 questionem
2571 1584 2758 1643 super
2790 1568 2924 1645 ipsa
2956 1576 3118 1627 terra
3153 1566 3430 1647 Blagusa

720 1678 1147 1751 suscitassent,
1194 1679 1420 1737 iterato
1483 1698 1596 1757 per
1655 1680 2050 1740 sentenciam
2099 1681 2289 1758 ipsius
2335 1680 2484 1740 bani
2531 1690 2594 1739 et
2641 1678 2908 1739 aliorum
2964 1680 3284 1741 baronum
3333 1698 3434 1739 ca-

722 1790 1180 1867 lumpniatores
1242 1794 1705 1866 remansissent,
1766 1811 1956 1870 super
2017 1792 2140 1853 hoc
2201 1794 2394 1871 ipsius
2455 1792 2732 1855 Rolandi
2794 1794 2941 1853 bani
3005 1792 3248 1853 litteras
3309 1795 3430 1870 pri-

720 1901 1047 1983 uilegiatas
1080 1903 1266 1964 nobis
1296 1903 1581 1965 exhibuit
1626 1916 1916 1965 tenorem
1967 1904 2326 1965 huiusmodi
2377 1908 2809 1966 continentes:
2859 1904 3194 1966 Rolandus
3227 1906 3436 1966 banus

718 2016 925 2075 tocius
969 2014 1305 2077 Sclavonie
1354 2020 1481 2091 (Gl.
1518 2020 1735 2077 listina
1766 2022 1851 2076 od
1867 2040 1932 2093 g.
1979 2022 2133 2077 1261.
2185 2020 2270 2075 br.
2317 2022 2483 2091 HL).
2527 2018 2722 2079 Vnde
2769 2037 2886 2078 nos
2930 2018 3431 2095 considerantes

720 2128 898 2205 quod
926 2128 1233 2190 Martinus
1264 2131 1693 2209 supradictam
1726 2142 1959 2191 terram
1987 2128 2380 2211 Blagusa(m)
2415 2130 2780 2191 iustificarat
2811 2130 3005 2191 semel
3039 2142 3102 2191 et
3135 2131 3430 2191 secundo

715 2255 943 2301 contra
990 2242 1361 2321 Beryzlaum
1410 2254 1473 2303 et
1518 2243 1675 2304 alios
1720 2244 2043 2322 predictos
2092 2244 2238 2304 iuris
2283 2244 2508 2304 ordine
2557 2246 2820 2303 nomine
2865 2243 3243 2305 hereditarie
3269 2254 3431 2304 terre

715 2372 833 2414 sue
880 2370 941 2414 et
990 2373 1159 2415 nunc
1204 2355 1654 2417 dinoscebatur
1699 2356 1976 2417 eandem
2023 2358 2187 2417 iusto
2236 2354 2418 2417 titulo
2465 2357 2810 2435 possidere,
2858 2376 3130 2417 vnacum
3179 2356 3428 2417 dilectis

717 2476 784 2527 et
831 2464 1123 2527 fidelibus
1184 2468 1531 2529 baronibus
1596 2470 1840 2539 nostriS,
1888 2469 2210 2529 videlicet:
2261 2470 2546 2530 Henrico
2595 2470 2784 2537 bano,
2829 2469 3146 2548 Dyonisio
3191 2471 3430 2530 comite

720 2579 1072 2640 Zaladiensi
1119 2580 1325 2642 iudice
1389 2584 1559 2642 curie
1620 2594 1851 2655 nostre,
1917 2585 2221 2662 magistro
2285 2582 2446 2643 Baas
2509 2585 2746 2643 comite
2795 2582 3140 2643 Dobicensi
3189 2596 3256 2643 et
3302 2582 3436 2643 aliis

727 2691 1048 2753 nobilibus
1108 2696 1278 2775 regni
1346 2698 1539 2755 nostri
1605 2695 2020 2767 decrevimuS,
2081 2698 2253 2773 ipsos
2299 2696 2650 2757 Borizlaum
2675 2696 2758 2776 (l),
2825 2694 3098 2767 Vulchk,
3167 2696 3412 2774 Stepan

718 2803 959 2883 Vytku,
1010 2806 1287 2884 chhyk
1334 2806 1532 2867 filium
1578 2807 1759 2879 Rese,
1811 2808 2082 2885 chhey
2129 2806 2327 2868 filium
2397 2806 2608 2868 Drask
2667 2821 2730 2869 et
2791 2806 3130 2889 Dragizlau
3177 2808 3410 2886 depre-

724 2919 955 2980 hensos
1021 2923 1311 2998 primitus
1355 2931 1416 2980 et
1464 2921 1852 3000 dampnatos
1918 2923 1984 2981 in
2051 2921 2214 2982 vicio
2282 2921 2644 3000 calumpnie
2707 2922 3042 2982 manifeste
3087 2935 3422 3002 tamquam

723 3035 1124 3111 importunos
1191 3033 1725 3113 calumpniatores
1792 3053 1960 3113 pena
2025 3035 2242 3094 debita
2304 3034 2678 3112 puniendos,
2744 3033 2824 3094 Et
2871 3034 3014 3095 licet
3063 3035 3420 3096 secundum

724 3149 899 3227 regni
974 3147 1502 3208 consuetudinem
1577 3147 1954 3208 eorumdem
2031 3148 2606 3226 calumpniatorum
2677 3149 2808 3208 nasi
2879 3147 3044 3208 ferro
3119 3148 3421 3209 candenti

727 3263 953 3340 signari
1016 3261 1399 3335 debuissent,
1461 3273 1674 3322 tamen
1722 3261 1804 3322 ad
1852 3263 2228 3322 instanciam
2275 3272 2340 3322 et
2385 3262 2772 3339 peticionem
2835 3260 3269 3338 predictorum
3319 3262 3427 3320 ba-

728 3393 955 3434 ronum
1019 3386 1381 3436 nostrorum
1428 3377 1519 3436 eis
1567 3375 2066 3436 misericordiam
2129 3375 2447 3445 facientes
2517 3374 2770 3434 duobus
2816 3393 2904 3434 ex
2947 3376 3100 3452 ipsis
3145 3373 3441 3434 Borizlau

727 3497 791 3546 et
840 3485 1096 3547 Vulchk
1156 3488 1445 3548 abscindi
1508 3489 1772 3548 fecimus
1819 3491 2024 3548 crines
2071 3507 2236 3561 su05,
2284 3499 2710 3549 memoratam
2757 3499 2988 3546 terram
3041 3486 3314 3566 Blagusa
3361 3487 3442 3547 ab

728 3599 955 3660 iniusta
1002 3619 1223 3660 eorum
1271 3603 1658 3679 inpeticione
1705 3601 1974 3661 finaliter
2019 3601 2438 3666 absoluendO.
2487 3600 2766 3662 Mai-tino
2815 3611 2878 3660 et
2924 3602 3052 3661 suis
3097 3599 3438 3660 heredibus

728 3711 1095 3793 reliquimus
1162 3723 1225 3774 et
1292 3714 1816 3775 confirmauimus
1886 3715 2018 3775 iure
2087 3725 2400 3792 perpetuo
2470 3713 2733 3792 pacifice
2805 3712 3284 3792 possidendam.
3349 3713 3436 3774 Vt

723 3821 918 3905 igitur
950 3827 1131 3888 huius
1162 3830 1247 3888 rei
1280 3829 1472 3888 series
1517 3829 1711 3888 robur
1756 3837 2065 3906 perpetue
2112 3827 2399 3887 obtineat
2446 3826 2775 3900 firmitatis,
2806 3844 2925 3886 nec
2956 3826 3087 3886 ullo
3120 3843 3427 3904 umquam

724 3960 1030 4018 processu
1100 3943 1404 4019 temporis
1470 3940 1679 4000 ualeat
1740 3959 1854 4019 per
1918 3941 2286 4018 quempiam
2336 3943 2396 3999 in
2447 3942 2683 3999 irritum
2758 3940 3060 4012 reuocari,
3105 3950 3435 4017 presentes

722 4057 1161 4117 concessimus
1206 4041 1441 4114 litteras
1486 4054 1665 4135 sigilli
1714 4055 1912 4114 nostri
1962 4055 2312 4112 munimine
2358 4053 2706 4112 roboratas.
2755 4051 2994 4112 Datum
3043 4069 3157 4130 per
3204 4069 3433 4111 manus

722 4167 1105 4230 venerabilis
1172 4170 1365 4246 patris
1438 4167 1715 4228 Ladizlai
1782 4166 1883 4226 dei
1953 4167 2163 4247 gracia
2231 4167 2511 4244 episcopi
2575 4163 2960 4242 Tynniensis
3020 4165 3163 4225 aule
3211 4177 3426 4224 nostre

724 4282 1083 4344 cancellarii
1133 4280 1343 4341 dilecti
1376 4292 1440 4340 et
1472 4279 1675 4340 fidelis
1724 4281 1940 4350 nostri,
1989 4297 2162 4338 anno
2208 4278 2453 4338 domini
2493 4275 2693 4340 MCC.
2747 4278 3150 4358 sexagesimo
3202 4289 3434 4336 octavo

726 4393 1001 4456 ducatus
1045 4405 1260 4454 autem
1308 4394 1502 4452 nostri
1550 4410 1723 4452 anno
1770 4393 1994 4469 primo.

906 4613 1097 4671 Liber
1127 4612 1418 4689 privileg.
1470 4612 1647 4684 episc.
1695 4609 1959 4684 Zagrab.
2010 4608 2120 4665 list
2166 4612 2257 4665 59.

915 4717 1165 4775 Tkalc‘ic'
1206 4717 1478 4772 Menum.
1530 4715 1780 4791 episcop.
1832 4713 2097 4787 Zagrab.
2146 4712 2194 4770 I.
2250 4715 2378 4770 137.
2425 4745 2512 4754 —
2573 4712 2817 4770 Wenzel
2865 4712 2918 4769 C
2914 4713 3006 4769 od.
3069 4709 3221 4786 dipl.
3285 4711 3432 4784 Arp.

733 4831 885 4880 cont.
931 4822 1043 4878 XI.
1096 4825 1234 4879 576.
1284 4819 1503 4876 donosi
1548 4826 1759 4891 regest.
1808 4851 1893 4859 -—
1940 4817 2008 4872 K
2001 4815 2314 4890 ukuljevic‘
2357 4819 2503 4890 Regu
2553 4836 2646 4873 no.
2704 4819 2842 4872 964.
