3797 5795
1580 396 1992 459 *349—

428 601 649 648 nostro
697 589 999 667 magistro
1048 586 1259 666 Moysi
1308 589 1523 647 comiti
1586 586 1968 668 Symigiensi
2019 602 2082 648 et
2133 589 2215 648 de
2265 587 2678 661 WorosdinO,
2721 599 2793 648 ut
2839 589 2922 648 ad
2970 587 3138 648 illam

428 713 664 762 terram
725 700 1059 761 accederet
1107 711 1169 760 et
1216 719 1360 761 eam
1422 701 1541 761 sub
1603 701 1789 761 certis
1852 703 2038 761 metis
2099 703 2310 762 eidem
2359 703 2707 782 assignaret
2753 705 2984 762 nostris
3031 703 3139 760 de-

426 815 637 875 dimus
682 815 901 875 litteris
948 817 1009 874 in
1058 813 1397 874 mandatis,
1448 813 1626 874 Idem
1675 816 1888 892 itaque
1950 817 2124 896 regio
2189 815 2646 892 obtemperans
2693 814 3020 886 mandam,
3069 831 3136 874 ut

431 929 727 1002 debebat,
772 930 931 988 sicut
976 927 1163 988 nobis
1207 927 1523 1006 rescripsit
1552 946 1741 1006 super
1770 945 1916 987 eam
1949 927 2322 988 accedendo
2363 929 2600 987 invenit
2649 929 2852 1005 ipsam
2899 938 3138 987 terram

428 1043 565 1103 usui
626 1061 743 1101 sex
796 1053 1149 1101 aratrorum
1208 1039 1649 1114 sufficientem,
1693 1059 1889 1119 quam
1955 1043 2323 1100 convocatis
2366 1041 2760 1102 cometaneis
2807 1049 2870 1100 et
2919 1041 3139 1100 vicinis

428 1155 603 1214 nullo
663 1154 1131 1214 contradictore
1191 1153 1275 1215 de
1334 1155 1759 1214 castrensibus
1804 1163 1865 1214 et
1915 1154 2360 1234 iobagionibus
2420 1153 2686 1231 predicti
2733 1156 2920 1214 castri
2975 1157 3138 1212 exis—

428 1279 601 1328 tente
661 1267 743 1328 de
806 1279 1025 1326 nostro
1089 1268 1395 1328 mandato
1456 1267 1675 1327 statuit
1742 1267 1881 1328 Ruh
1935 1269 2154 1326 comiti
2203 1266 2546 1327 antedicto,
2627 1267 2762 1327 Nos
2811 1268 2998 1347 igitur
3046 1279 3136 1325 at-

426 1381 763 1442 tendentes
811 1379 1145 1441 fidelitates
1191 1392 1253 1440 et
1304 1381 1620 1441 meritoria
1668 1380 1978 1460 obsequia
2025 1381 2220 1457 ipsius
2272 1379 2412 1440 Ruh
2459 1382 2728 1451 comitis
2773 1398 2899 1457 que
2949 1379 3137 1438 nobis

426 1513 574 1554 cum
632 1496 805 1554 omni
870 1494 1205 1574 diligencia
1248 1515 1287 1554 a
1334 1505 1625 1572 tempore
1686 1512 1797 1553 sue
1862 1495 2203 1553 iuventutis
2251 1496 2312 1552 in
2361 1493 2606 1553 fervore
2677 1492 2995 1553 fidelitatis
3042 1495 3135 1552 in-

426 1607 647 1686 pendit
694 1619 755 1666 et
804 1607 1151 1686 inpendere
1196 1618 1445 1685 poterat
1478 1609 1540 1666 in
1574 1607 1870 1678 futurum,
1905 1607 2190 1666 volentes
2235 1607 2350 1665 sibi
2401 1609 2574 1686 regio
2621 1624 2950 1667 occurrere
2985 1624 3132 1666 cum

430 1721 663 1793 favore,
730 1720 967 1781 dictam
1036 1733 1265 1780 terram
1336 1722 1471 1780 usui
1541 1737 1659 1779 sex
1726 1729 2078 1779 aratrorum
2147 1718 2570 1779 sufficientem
2639 1719 2846 1780 eidem
2899 1720 3134 1786 comiti,

434 1833 577 1895 Ruh
645 1844 707 1894 et
776 1853 891 1912 per
958 1836 1163 1912 ipsum
1228 1835 1354 1894 suis
1414 1832 1753 1892 heredibus
1823 1832 2260 1912 heredumque
2329 1851 2588 1892 suorum
2660 1833 3134 1892 successoribus

428 1949 804 2006 auctoritate
848 1949 1251 2024 presencium
1298 1946 1601 2006 duximus
1647 1943 2176 2005 confirmandam.
2227 1945 2400 2006 Mete
2446 1959 2662 2006 autem
2713 1948 2904 2024 ipsius
2952 1957 3132 2012 terre,

426 2071 614 2137 prout
663 2061 725 2119 in
771 2060 990 2120 litteris
1036 2059 1289 2139 capituli
1325 2056 1748 2126 Chasmensis,
1780 2058 1901 2119 sub
1933 2061 2110 2119 cuius
2149 2061 2516 2120 testimonio
2563 2061 2700 2138 ipsa
2745 2070 2911 2119 terra
2957 2057 3132 2118 dicto

425 2173 642 2232 comiti
694 2171 834 2233 Ruh
880 2183 972 2232 est
1020 2181 1272 2245 statuta,
1318 2171 1592 2232 vidimus
1638 2173 1968 2245 contineri,
2015 2172 2137 2232 hoc
2169 2173 2392 2232 ordine
2426 2172 2868 2254 distinguntur.
2921 2172 3130 2231 Prima

430 2296 599 2344 meta
662 2283 877 2363 incipit
926 2287 1100 2344 iuxta
1148 2295 1379 2345 terram
1426 2286 1709 2364 episcopi
1756 2305 1793 2345 a
1839 2295 2019 2364 parte
2067 2285 2442 2365 occidentali
2517 2286 2692 2345 iuxta
2739 2295 2973 2344 terram
3017 2303 3118 2343 ca-

424 2399 761 2457 strensium
794 2397 875 2457 de
906 2395 1127 2478 Garyg
1158 2400 1219 2457 in
1252 2398 1481 2458 arbore
1511 2416 1666 2479 egur
1705 2399 2137 2478 crucesignata
2169 2409 2232 2457 et
2266 2409 2434 2458 meta
2482 2409 2684 2458 terrea
2732 2397 3131 2470 circumfusa,

428 2511 531 2570 ubi
566 2512 767 2570 eciam
802 2522 897 2570 est
928 2511 1051 2571 alia
1084 2525 1253 2571 meta
1299 2525 1502 2571 terrea
1548 2512 1964 2572 castrensium
1997 2509 2080 2570 de
2111 2509 2344 2592 Garyg.
2381 2511 2536 2571 Inde
2569 2529 2782 2572 versus
2815 2513 3126 2570 orientem

426 2623 628 2684 tendit
674 2623 759 2684 ad
806 2624 965 2684 duas
1027 2625 1285 2684 arbores
1345 2625 1433 2684 tul
1490 2628 1975 2706 crucesignatas.
2042 2625 2196 2684 Inde
2242 2625 2324 2684 ad
2370 2626 2668 2685 arborem
2715 2643 2870 2704 egur
2915 2642 3127 2684 cruce—

424 2739 737 2816 signatam
816 2748 880 2797 et
958 2749 1127 2796 meta
1192 2748 1392 2798 terrea
1468 2738 1865 2799 circumfusa.
1961 2737 2118 2798 Inde
2201 2740 2262 2797 in
2347 2737 2507 2798 valle
2591 2737 2966 2818 Farcasvelg
3041 2737 3124 2796 ad

424 2850 583 2911 duas
626 2850 885 2911 arbores
932 2851 1020 2911 tul
1067 2863 1129 2911 et
1177 2851 1393 2932 egursa
1441 2855 1908 2933 crucesignatas
1954 2863 2018 2913 et
2064 2852 2146 2912 ad
2194 2851 2354 2911 duas
2401 2865 2604 2912 metas
2666 2862 2915 2911 terreas.
2967 2849 3123 2910 Inde

423 2966 555 3024 exit
604 2984 817 3025 versus
864 2966 1173 3025 orientem
1220 2965 1303 3025 ad
1350 2965 1613 3025 arbores
1656 2966 1747 3026 tul
1795 2976 1858 3025 et
1907 2964 2104 3043 bykfa
2165 2967 2632 3046 crucesignatas
2679 2966 2862 3025 metis
2908 2967 3124 3024 terreis

422 3078 846 3139 circumfusas,
917 3078 1072 3138 Inde
1140 3078 1224 3138 ad
1294 3078 1453 3138 duas
1512 3079 1771 3139 arbores
1834 3080 1928 3139 tul
1997 3089 2062 3138 et
2138 3077 2335 3156 bykfa
2402 3080 2870 3159 crucesignatas
2941 3079 3125 3136 metis

422 3193 639 3250 terreis
684 3190 1109 3251 circumfusas.
1161 3191 1315 3252 Inde
1362 3191 1447 3252 ad
1493 3192 1652 3252 duas
1716 3192 1976 3252 arbores
2022 3192 2112 3251 tul
2160 3194 2627 3272 crucesignatas
2675 3192 2860 3251 metis
2906 3192 3124 3251 terreis

421 3305 848 3371 circumfusas,
895 3305 1000 3364 ubi
1050 3307 1236 3365 intrat
1284 3304 1524 3365 silvam.
1588 3304 1744 3366 Inde
1788 3304 1873 3364 ad
1921 3304 2082 3365 duas
2149 3305 2411 3364 arbores
2457 3304 2596 3364 ibor
2641 3316 2704 3364 et
2753 3304 2865 3363 has
2911 3323 3124 3364 cruce-

420 3418 699 3497 signatas
744 3429 807 3476 et
856 3419 1041 3477 metis
1087 3420 1301 3477 terreis
1346 3419 1772 3478 circumfusas.
1839 3417 1998 3479 Inde
2043 3418 2126 3478 ad
2158 3418 2420 3478 arbores
2465 3416 2599 3495 byk
2631 3428 2693 3477 et
2727 3416 2864 3477 ihor
2909 3435 3121 3477 cruce-

420 3534 699 3610 signatas
743 3544 807 3590 et
854 3532 1039 3591 metis
1096 3533 1313 3591 terreis
1372 3531 1797 3592 circumfusas,
1846 3531 2003 3591 Inde
2063 3531 2147 3591 ad
2207 3532 2504 3591 arborem
2568 3530 2657 3591 tul
2719 3544 2782 3590 et
2848 3542 3116 3611 gyrtean

421 3644 889 3724 crucesignatas
949 3656 1011 3703 et
1074 3646 1259 3704 metis
1319 3646 1537 3704 terreis
1595 3645 2021 3705 circumfusas.
2092 3645 2249 3705 Inde
2295 3644 2378 3705 ad
2423 3644 2720 3704 arborem
2769 3644 2858 3703 tul
2905 3662 3121 3703 cruce-

422 3758 756 3836 signatam.
832 3756 987 3816 Inde
1054 3756 1137 3816 ad
1205 3756 1464 3817 arbores
1532 3756 1671 3817 ibor
1736 3768 1798 3817 et
1870 3757 1982 3817 has
2043 3759 2510 3838 crucesignatas
2557 3769 2619 3818 ct
2667 3758 2852 3817 metis
2899 3760 3122 3817 terreis

418 3870 831 3929 circumfusas
878 3889 1092 3930 versus
1137 3869 1413 3930 eandem
1474 3882 1739 3947 partem.
1819 3870 1976 3931 Inde
2023 3871 2105 3931 ad
2151 3871 2411 3931 arbores
2458 3871 2568 3931 has
2615 3881 2677 3931 et
2725 3868 2858 3948 byk
2905 3888 3120 3930 cruce-

420 3986 697 4063 signatas
744 3994 807 4043 et
856 3986 1039 4043 metis
1086 3986 1301 4043 terreis
1361 3984 1789 4044 circumfusas.
1868 3984 2026 4044 Inde
2087 3984 2168 4044 ad
2230 3987 2396 4045 viam
2459 3985 2566 4045 ubi
2630 3997 2776 4044 sunt
2838 3984 2964 4043 due
3026 4004 3120 4042 ar—

418 4096 608 4155 bores
677 4096 813 4155 ihor
887 4099 1319 4177 crucesignate
1381 4109 1444 4156 et
1528 4100 1713 4157 metis
1791 4100 2006 4158 terreis
2075 4098 2470 4158 circumfuse.
2566 4096 2722 4158 Inde
2799 4097 2880 4156 ad
2959 4096 3118 4156 duas

415 4210 677 4268 arbores
740 4208 851 4269 has
912 4221 973 4269 et
1047 4209 1185 4269 ihor
1245 4213 1709 4290 crucesignatas
1769 4220 1833 4270 et
1896 4212 2081 4271 metis
2151 4212 2366 4270 terreis
2441 4211 2868 4271 circumfusas.
2962 4210 3118 4269 Inde

414 4322 499 4380 ad
534 4321 692 4381 duas
745 4323 1003 4381 arbores
1058 4322 1197 4382 ihor
1250 4333 1313 4382 et
1367 4321 1501 4400 byk
1554 4326 2024 4403 crucesignatas
2081 4334 2144 4383 et
2193 4326 2380 4385 metis
2429 4326 2646 4384 terreis
2692 4322 3116 4383 circumfusas.

421 4434 576 4493 Inde
625 4434 707 4493 ad
758 4434 917 4495 duas
963 4436 1223 4495 arbores
1271 4435 1382 4495 has
1430 4447 1493 4496 et
1553 4447 1813 4516 gertean
1873 4439 2344 4518 crucesignatas
2397 4447 2458 4497 et
2511 4439 2695 4496 metis
2741 4438 2957 4496 terreis
3004 4437 3119 4493 cir-

414 4547 737 4607 cumfusas
784 4566 996 4607 versus
1042 4550 1371 4608 orientem.
1444 4548 1599 4608 Inde
1644 4548 1729 4609 ad
1775 4548 1936 4610 duas
1983 4550 2243 4609 arbores
2289 4548 2425 4627 byk
2470 4563 2532 4608 et
2579 4560 2841 4629 gertean
2904 4566 3117 4608 cruce-

415 4662 695 4740 signatas
742 4670 804 4720 et
852 4662 1036 4720 metis
1096 4663 1313 4721 terreis
1358 4661 1783 4722 circumfusas,
1855 4661 2011 4722 Inde
2071 4663 2156 4722 ad
2219 4662 2378 4723 duas
2439 4663 2696 4722 arbores
2743 4662 2856 4723 has
2917 4675 2978 4722 et
3029 4663 3116 4722 tul

414 4775 883 4854 crucesignatas
929 4785 991 4833 et
1040 4777 1225 4834 metis
1271 4778 1487 4835 terreis
1532 4774 1960 4835 circumfusas.
2011 4775 2166 4836 Inde
2212 4776 2296 4836 ad
2343 4776 2501 4835 duas
2549 4777 2808 4836 arbores
2854 4788 3112 4856 gertean

413 4896 475 4945 et
520 4886 608 4945 tul
654 4889 1121 4967 crucesignatas
1165 4898 1229 4947 et
1276 4889 1461 4947 metis
1506 4890 1722 4948 terreis
1782 4888 2209 4949 circumfusas
2274 4889 2430 4949 Inde
2507 4889 2590 4949 ad
2652 4889 2811 4949 duas
2857 4889 3116 4949 arbores

414 4996 551 5075 byk
611 5002 1079 5079 crucesignatas
1126 5011 1188 5059 et
1236 5004 1421 5061 metis
1468 5004 1683 5062 terreis
1714 5002 2144 5062 circumfusas,
2195 5001 2350 5061 Inde
2383 5002 2464 5061 ad
2497 5002 2656 5062 duas
2687 5002 2948 5062 arbores
2978 5002 3115 5061 ihm·

410 5114 879 5192 crucesignatas
909 5123 973 5173 et
1004 5115 1189 5173 metis
1220 5116 1437 5173 terreis
1468 5115 1895 5175 circumfusas.
1948 5114 2104 5175 Inde
2135 5114 2218 5175 ad
2252 5115 2410 5175 duas
2441 5116 2702 5176 arbores
2732 5116 2870 5177 ibor
2900 5134 3110 5175 crucc-
