3797 5795
1521 384 1929 447 —101—

1628 677 1818 759 617.

363 835 568 916 1258,
614 835 680 901 6.
728 836 1074 919 augusta.

365 1026 540 1089 Bela
586 1025 778 1110 kralj
833 1024 1128 1111 ugarski
1179 1024 1214 1088 ι’
1272 1024 1590 1089 hrvatskz'
1643 1026 1892 1112 daruje
1946 1024 2355 1099 Ladislavu,
2410 1025 2649 1115 Fz‘lz'pu
2694 1025 2729 1089 ι’
2786 1026 3071 1115 Grguru

357 1138 704 1203 st‘novz'ma
749 1144 1018 1223 &upana
1081 1138 1291 1202 Kleta
1353 1138 1585 1223 zemgje
1647 1138 1910 1215 Karka,
1992 1138 2333 1202 Dubravu
2395 1139 2429 1201 ι’
2492 1122 2698 1225 Cepin
2764 1162 2811 1203 u
2872 1147 3069 1225 iupa-

1434 1250 1582 1336 m'ji
1619 1252 2007 1336 vukovskoj.

542 1443 694 1505 Bela
756 1443 857 1504 dei
919 1445 1128 1525 gracia
1193 1442 1252 1505 H
1261 1445 1539 1525 ungarie,
1599 1443 1947 1519 Dalmacie‚
2014 1442 2295 1519 Croacie‚
2357 1444 2580 1519 Rame,
2640 1446 2877 1521 Seruie,
2921 1444 3071 1509 Gal-

364 1556 524 1631 licie,
591 1556 1003 1631 Lodomerie,
1064 1555 1502 1635 Cvmanieque
1561 1576 1678 1618 rex
1739 1560 2040 1619 omnibus
2105 1556 2331 1622 Christi
2394 1557 2688 1619 fidelibus
2746 1568 3072 1638 presentes

359 1668 602 1730 litteras
662 1671 1038 1750 inspecturis
1097 1668 1368 1731 salutern
1437 1673 1500 1730 in
1555 1689 1635 1731 eo
1683 1672 1788 1749 qui
1853 1672 2108 1753 regibus
2168 1671 2277 1733 dat
2339 1671 2626 1732 salutem.
2690 1671 2781 1733 Vt
2845 1672 3073 1754 regalis

361 1781 768 1843 sublimitatis
812 1784 1208 1844 immensitas
1252 1800 1518 1843 manum
1566 1782 1932 1845 munificam
1981 1786 2262 1866 porrigat
2309 1784 2392 1845 ad
2438 1784 2825 1845 sudoriferos
2870 1786 3071 1846 samu-

359 1896 528 1957 latus
587 1895 1007 1970 subditorum,
1053 1898 1299 1975 equitas
1359 1896 1604 1969 suadet,
1664 1898 1836 1957 racio
1896 1896 2194 1976 postulat,
2255 1900 2350 1958 ius
2410 1898 2684 1976 requirit,
2738 1900 3069 1977 presertim

355 2028 511 2071 cum
557 2009 622 2070 id
669 2012 1118 2070 inconcussum
1181 2012 1422 2089 quippe
1465 2019 1839 2088 permaneat
1883 2019 2079 2088 atque
2122 2008 2397 2085 firmum,
2441 2009 2619 2090 quod
2664 2012 2841 2093 regio
2886 2008 3068 2071 fuerit

358 2124 716 2203 patrocinio
777 2124 1266 2184 communitum.
1314 2122 1588 2183 Proinde
1653 2122 1736 2183 ad
1797 2124 2232 2183 vniuersorum
2299 2123 2598 2183 noticiam
2662 2133 2884 2184 tenore
2928 2141 3069 2202 pre—

357 2237 648 2296 sencium
709 2235 1005 2296 volumus
1058 2236 1408 2314 peruenire,
1454 2235 1632 2311 quod
1677 2253 1824 2295 cum
1873 2234 2224 2309 Ladislau8‚
2274 2234 2550 2314 Philipus
2594 2246 2659 2295 et
2705 2234 3068 2317 GregoriuS,

357 2346 468 2409 filii
499 2349 750 2409 comitis
783 2346 965 2421 Cleti,
995 2346 1216 2409 fideles
1253 2349 1470 2421 nostri,
1503 2349 1564 2407 in
1597 2349 1898 2427 primeuis
1944 2347 2385 2409 adolescencie
2418 2366 2637 2409 eorum
2673 2347 3070 2427 temporibus

360 2471 618 2542 gratum
665 2479 920 2539 semper
965 2470 1029 2521 et
1075 2472 1412 2540 acceptum
1476 2460 1788 2521 indefesse
1852 2460 2229 2522 fidelitatum
2292 2461 2503 2522 studio
2552 2470 2771 2521 nostro
2816 2480 3071 2540 semper

363 2572 540 2635 lateri
587 2572 962 2633 adherendo
1009 2572 1445 2635 exhibuissent
1493 2573 1890 2646 famulatum,
1935 2585 2197 2653 propter
2226 2592 2351 2654 que
2384 2583 2598 2634 nostre
2629 2592 2870 2635 corone
2898 2577 3069 2656 regie

367 2696 736 2747 meruerunt
783 2684 1210 2765 multipliciter
1277 2686 1696 2765 complacere.
1759 2686 1842 2749 Et
1889 2686 2033 2747 licet
2082 2686 2397 2747 tediosum
2446 2695 2610 2747 esset
2656 2706 2770 2765 per
2823 2687 3069 2768 singula

363 2817 676 2873 enarrare,
724 2798 903 2879 quod
950 2808 1169 2860 tamen
1215 2798 1297 2859 de
1343 2801 1618 2861 seruiciis
1679 2799 2031 2861 eorundem
2084 2800 2449 2861 memoriter
2495 2798 2803 2859 habentes
2846 2798 2930 2859 ad
2977 2801 3067 2860 in-

361 2913 828 2974 formacionem
894 2915 1292 2992 presencium
1342 2922 1406 2974 et
1455 2915 1827 2974 memoriam
1894 2913 2247 2975 futurorum
2316 2913 2715 2992 presentibus
2776 2915 3068 2974 iussimus

365 3027 683 3100 annotari,
728 3025 908 3105 quod
952 3044 1100 3086 cum
1149 3025 1444 3086 ferocitas
1489 3036 1552 3088 et
1599 3026 2035 3088 inestimabilis
2104 3024 2446 3087 multitudo
2492 3025 2816 3087 Tartarice
2860 3027 3067 3107 gentis

363 3149 654 3200 nostrum
701 3156 968 3220 regnum
1017 3140 1346 3200 inuasisset
1392 3151 1456 3200 et
1503 3157 1621 3200 nos
1667 3157 1810 3200 cum
1863 3138 2246 3216 quibusdam
2294 3142 2467 3221 regni
2516 3141 2712 3200 nostri
2745 3138 3063 3202 nobilibus

362 3251 447 3313 ad
493 3261 707 3331 partes
753 3252 1100 3312 maritimas
1145 3270 1262 3330 pro
1308 3251 1611 3313 habendo
1657 3251 1945 3313 remedio
1976 3262 2038 3312 et
2071 3251 2401 3332 querendo
2446 3251 2731 3312 subsidio
2776 3252 3062 3331 prouecti

358 3363 716 3438 fuissemus
763 3363 953 3425 iidem
986 3363 1338 3437 LadislauS,
1369 3365 1648 3444 Philipus
1678 3376 1742 3425 et
1774 3361 2117 3445 Gregorius
2162 3363 2399 3426 deuote
2438 3363 2815 3426 fidelitatum
2861 3363 3062 3424 famu-

360 3477 526 3538 latus
585 3476 824 3538 ibidem
885 3476 1286 3538 laudabiliter
1331 3476 1798 3557 impenderunt,
1843 3488 1909 3537 et
1955 3476 2096 3538 licet
2144 3497 2181 3537 a
2228 3479 2397 3560 regia
2460 3477 2900 3538 munificencia
2948 3479 3063 3536 mi-

359 3591 535 3650 nima
577 3589 911 3651 videantur
957 3608 1083 3666 que
1113 3589 1196 3650 ad
1229 3608 1490 3668 presens
1535 3592 1782 3672 agimus
1827 3601 2121 3669 respectu
2166 3608 2390 3650 eorum
2438 3608 2561 3669 que
2606 3589 2815 3650 facere
2861 3591 3060 3649 inten-

355 3703 571 3763 dimus
605 3713 667 3764 et
702 3713 1040 3776 merentur,
1087 3702 1398 3781 quasdam
1447 3713 1646 3764 terras
1689 3704 1875 3764 castri
1916 3703 2109 3762 nostri
2145 3701 2226 3765 de
2260 3701 2515 3774 Walk0,
2548 3699 2731 3763 Koos
2767 3701 3060 3763 videlicet

354 3834 505 3876 cum
551 3818 680 3877 suis
722 3816 1144 3895 pertinenciis
1191 3815 1490 3877 Dombro
1518 3827 1581 3876 et
1615 3815 2016 3895 Kendchapa
2051 3825 2325 3888 vocataS,
2364 3833 2512 3876 cum
2560 3815 2859 3876 omnibus
2904 3813 3060 3876 vtili-

355 3929 597 3990 tatibus
641 3941 706 3989 et
749 3930 1158 4009 pertinenciis
1219 3931 1348 3990 suis
1407 3931 1468 3990 in
1531 3929 1764 3991 eodem
1827 3931 2139 3990 comitatu
2197 3929 2562 3998 existenteS,
2608 3927 2727 3988 sub
2791 3927 3059 3989 hiisdem

361 4043 548 4102 metis
594 4053 659 4102 et
704 4043 1004 4115 terminiS,
1051 4041 1280 4118 quibus
1343 4041 1571 4103 eedem
1635 4052 1798 4104 terre
1857 4042 1942 4102 ad
2004 4041 2359 4122 predictum
2428 4051 2702 4102 castrum
2770 4051 3059 4102 nostrum

355 4153 857 4216 dinoscebantur
901 4157 1218 4234 pertinere
1263 4165 1326 4215 et
1373 4155 1636 4215 limitate
1683 4157 1932 4216 fuerant
1975 4174 2052 4216 ac
2096 4172 2405 4233 possesse,
2452 4153 2693 4214 eisdem
2741 4153 3060 4229 LadislaO,

359 4266 604 4347 Philipo
668 4277 731 4328 et
788 4265 1101 4350 Gregorio
1146 4278 1208 4328 et
1255 4286 1371 4347 per
1413 4286 1526 4330 eos
1585 4269 1714 4329 suis
1771 4267 2111 4328 heredibus
2173 4266 2609 4346 heredumque
2670 4285 2931 4328 suorum
2994 4269 3057 4327 in

355 4390 686 4458 posterum
733 4379 1202 4442 successoribus
1240 4379 1552 4453 dedimus
1597 4380 1982 4441 donauimus
2026 4390 2091 4440 et
2134 4379 2520 4440 contulimus
2568 4382 2698 4440 iure
2742 4389 3054 4460 perpetuo

353 4503 418 4552 et
465 4491 958 4554 irreuocabiliter
1017 4491 1280 4572 pacifice
1332 4493 1772 4572 possidendas
1819 4514 1855 4553 a
1903 4493 2342 4554 iurisdiccione
2387 4503 2450 4553 et
2496 4503 2815 4572 potestate
2862 4494 3055 4572 ipsius

353 4607 540 4666 castri
603 4624 717 4684 per
777 4607 994 4666 omnia
1055 4605 1418 4667 eximendo.
1466 4606 1558 4668 Vt
1607 4608 1792 4688 igitur
1850 4605 2037 4667 huius
2098 4617 2310 4666 nostre
2372 4604 2739 4666 collacionis
2784 4624 2896 4667 seu
2942 4604 3054 4666 do-

357 4718 642 4779 nacionis
707 4719 898 4780 series
966 4719 1160 4780 robor
1177 4716 1241 4800 (!)
1311 4718 1599 4780 obtineat
1665 4730 1973 4799 perpetue
2032 4718 2361 4794 firmitatiS,
2421 4736 2539 4780 nec
2585 4718 2713 4779 vllo
2774 4737 3051 4798 vnquam

355 4841 651 4910 tempore
694 4833 894 4910 possit
939 4850 1054 4910 per
1099 4833 1468 4911 quempiam
1515 4831 1578 4892 in
1625 4831 1867 4892 irritum
1912 4832 2216 4905 reuocari,
2261 4839 2587 4910 presentes
2627 4833 3057 4892 concessimus

355 4943 594 5006 litteras
655 4943 832 5027 sigilli
897 4946 1092 5006 nostri
1155 4943 1469 5024 dupplicis
1529 4945 1880 5005 munimine
1940 4943 2287 5004 roboratas
2351 4942 2591 5005 Datum
2653 4963 2768 5024 per
2828 4961 3055 5003 manus

355 5060 638 5140 magistri
683 5057 1019 5140 Smaragdi
1066 5055 1366 5120 Albensis
1411 5057 1676 5118 ecclesie
1719 5059 2041 5136 prepositi,
2086 5056 2229 5117 aule
2275 5067 2490 5117 nostre
2544 5055 3054 5128 vicecancellarii,
