3797 5795
1823 340 2241 403 -220—

669 530 994 593 abbatissa
1040 544 1104 593 et
1151 543 1507 593 conuentus
1575 531 1951 593 monialium
2014 531 2399 592 inclusarum
2460 531 2822 590 monasterii
2891 530 3095 589 sancti
3140 525 3391 587 Nicolai

665 645 1005 726 JadrensiS,
1052 644 1290 705 ordinis
1335 647 1537 706 sancti
1589 643 1907 719 Damiani‚
1951 646 2259 723 petitione
2307 652 2760 715 monstrarunt,
2799 641 2979 721 quod
3010 658 3161 701 curn
3193 639 3391 701 felicis

669 758 1128 820 recordationis
1194 758 1572 820 Alexander
1637 777 1806 837 papa
1873 758 2291 838 predecessor
2334 766 2552 818 noster
2610 756 2797 817 uobis
2839 756 2903 815 in
2952 757 3184 815 uirtute
3236 753 3391 813 obe—

675 872 912 931 dientie
959 873 1086 932 suis
1132 871 1378 932 dederit
1427 872 1646 933 litteris
1691 871 2033 932 districtius
2064 873 2125 931 in
2158 871 2489 950 preceptiS,
2534 879 2601 929 ut
2648 878 2922 948 quatuor
2968 867 3051 929 de
3097 867 3391 928 fratribus

669 986 860 1045 uestri
927 985 1170 1046 ordinis
1233 986 1398 1045 viros
1459 984 1767 1062 prouidos
1827 995 1891 1044 et
1955 983 2263 1045 discretos
2338 994 2545 1044 uestre
2628 982 3217 1043 amministrationis
3268 998 3389 1059 pro

671 1098 1074 1159 celebrandis
1119 1098 1350 1159 diuinis
1396 1096 1620 1158 officiis
1665 1107 1728 1158 et
1779 1097 2159 1159 exhibendis
2204 1097 2640 1159 ecclesiasticis
2685 1097 3101 1155 sacramentis
3146 1094 3389 1171 absque

675 1210 1049 1272 difficultate
1081 1211 1364 1286 qualibet
1395 1211 1832 1271 concederetis
1887 1211 2131 1272 eisdem
2162 1214 2225 1271 in
2258 1213 2537 1289 ipsarum
2578 1210 2969 1270 monasterio
3016 1216 3391 1278 moraturOS,

669 1342 787 1384 uos
830 1334 1204 1403 preceptum
1253 1327 1445 1403 ipsius
1491 1324 1975 1404 predecessori5‚
2022 1324 2199 1405 quod
2246 1342 2364 1385 uos
2410 1342 2541 1384 non
2589 1323 2822 1396 decuit,
2868 1320 3075 1382 surdis
3133 1319 3391 1379 auribus

674 1434 1117 1521 traseuntesffl,
1163 1438 1225 1499 id
1275 1437 1528 1499 efficere
1575 1437 1881 1499 hactenus
1927 1456 2057 1498 non
2109 1440 2390 1500 curastis,
2440 1435 2759 1515 Quocirca
2789 1434 3150 1495 discretioni
3182 1442 3392 1492 uestre

671 1551 755 1610 ad
804 1554 999 1612 instar
1042 1553 1236 1631 ipsius
1281 1551 1749 1631 predecessoris
1793 1570 1907 1630 per
1958 1552 2308 1631 apostolica
2355 1552 2589 1629 scripta
2634 1550 2695 1609 in
2743 1550 2977 1609 uirtute
3023 1546 3391 1607 obedientie

657 1664 942 1724 districte
989 1666 1401 1744 precipiendo
1449 1665 1852 1741 mandamuS,
1897 1656 2197 1744 quatinus
2242 1663 2485 1724 eisdem
2549 1662 2870 1723 abbatisse
2915 1670 2979 1721 et
3025 1661 3393 1721 conuentui.

661 1776 886 1837 fratres
931 1779 1120 1856 ipso5,
1181 1778 1434 1839 sublato
1492 1778 1825 1840 cuiuslibet
1900 1776 2287 1838 difficultatis
2345 1775 2702 1855 dispendi0‚
2764 1774 3078 1853 deputare
3140 1776 3392 1841 curetiS,

668 1892 848 1950 iuxta
895 1890 1182 1951 eiusdem
1231 1893 1701 1970 predecessoris
1747 1892 2215 1953 continentiam
2263 1891 2630 1951 litterarum.
2678 1888 2997 1949 Nolumus
3027 1898 3244 1948 autem
3276 1905 3393 1966 per

671 2002 794 2063 hoc
841 2003 1048 2063 eidem
1098 2005 1302 2065 ordini
1350 2015 1564 2065 uestro
1610 2007 1894 2087 generari
1944 2003 2361 2083 preiudicium
2394 2003 2496 2063 uel
2528 2001 2713 2061 dictis
2758 2002 3083 2061 sororibus
3130 2018 3260 2079 quo
3306 1998 3391 2059 ad

665 2118 994 2176 ministerii
1059 2116 1522 2178 exhibitionem
1590 2116 1955 2178 huiusmodi
2016 2118 2181 2179 circa
2242 2116 2714 2195 possessionem
2769 2116 2871 2176 uel
2924 2116 3386 2194 proprietatem

665 2227 932 2306 aliquod
980 2232 1074 2289 ius
1119 2231 1374 2309 acquiri.
1433 2228 1629 2308 Quod
1676 2232 1726 2290 si
1774 2250 1905 2291 non
1955 2249 2182 2291 omnes
2228 2229 2345 2290 hiis
2390 2228 2789 2307 exequendis
2848 2228 3183 2307 potueritis
3230 2229 3391 2287 inte-

666 2360 855 2412 resse,
901 2342 1032 2403 duo
1081 2343 1180 2403 uel
1229 2361 1390 2404 unus
1436 2354 1719 2404 uestrum
1753 2362 1828 2403 ea
1862 2342 2310 2403 nichilominus
2358 2352 2775 2422 exequantur.
2821 2340 3060 2401 Datum
3114 2340 3386 2401 Viterbii

669 2454 750 2515 V.
797 2452 1107 2516 kalendas
1151 2456 1379 2535 apriliS,
1425 2455 1832 2535 pontificatus
1878 2459 2075 2516 nostri
2123 2474 2294 2516 anno
2340 2458 2567 2534 primo.

853 2665 1153 2739 ortgrinczl
1193 2688 1232 2723 u
1271 2667 1532 2740 gubern.
1595 2666 1819 2725 arkivu
1868 2687 1908 2724 u
1956 2667 2189 2734 Zadru,
2247 2666 2385 2722 odio
2432 2673 2683 2722 samost.
2734 2684 2819 2721 w.
2870 2662 3098 2721 Nikole
3145 2663 3233 2719 br.
3287 2668 3384 2721 27.

671 2768 866 2825 Peeat
908 2769 1178 2845 manjka.

1930 3114 2123 3193 724.

663 3286 867 3366 1262,
917 3287 1025 3352 28.
1075 3290 1340 3352 marta.
1389 3240 1448 3354 u
1493 3287 1791 3354 viterbi.

679 3475 910 3537 Urban
963 3476 1008 3537 J
1021 3477 1044 3536 Ι
1055 3477 1090 3538 ⁷.
1143 3478 1530 3562 dosvoljava
1592 3485 1993 3542 samoslanu
2055 3501 2149 3541 sv.
2216 3478 2473 3541 A'zkole
2528 3478 2839 3540 (lohodak
2899 3479 2987 3540 ocl
3030 3476 3372 3562 nadjem'h

1359 3591 1596 3668 slvarz)
1649 3591 1904 3676 kojz'ma
1948 3614 2019 3654 se
2064 3591 2369 3655 vlaslm‘k
2414 3613 2500 3654 ne
2542 3613 2687 3654 zna.

848 3806 1147 3868 Urbanus
1193 3813 1532 3889 episcopus
1579 3829 1797 3870 seruus
1863 3829 2192 3871 seruorum
2260 3810 2360 3870 dei
2429 3809 2676 3871 dilectis
2722 3813 2785 3870 in
2834 3808 3085 3873 Christo
3132 3809 3383 3872 filiabus

670 3965 1048 3980 .......
1099 3922 1418 3982 abbatisse
1449 3933 1512 3983 et
1554 3925 1898 3983 conuentui
1940 3923 2312 3984 monialium
2346 3924 2724 3985 inclusarum
2773 3926 3137 3984 monasterii
3178 3925 3381 3984 sancti

669 4029 914 4092 Nicolai
975 4033 1312 4113 jadrensis,
1358 4035 1596 4096 ordinis
1657 4038 1860 4096 sancti
1923 4035 2239 4110 Damiani,
2286 4036 2554 4096 salutem
2602 4046 2663 4096 et
2710 4037 3129 4114 apostolicam
3180 4038 3377 4097 bene-

665 4143 1031 4206 dictionem.
1085 4148 1308 4210 Uestre
1361 4151 1598 4209 meritis
1649 4150 1967 4229 religionis
2012 4148 2386 4223 inducimur,
2417 4160 2484 4210 ut
2518 4169 2635 4210 uos
2666 4168 3127 4229 prosequamur
3157 4151 3378 4230 gratia,

670 4273 796 4334 que
844 4263 1064 4320 uestris
1127 4262 1606 4322 necessitatibus
1665 4279 1804 4322 esse
1864 4262 2212 4322 dinoscitur
2272 4273 2603 4340 oportuna.
2654 4261 2825 4322 Hinc
2870 4272 2983 4334 est,
3028 4262 3205 4341 quod
3254 4281 3375 4322 nos

665 4373 890 4430 uestris
959 4375 1525 4452 supplicationibus
1593 4384 1965 4448 annuenteS,
2025 4385 2095 4435 ut
2156 4376 2239 4435 de
2300 4377 2516 4446 usuris,
2584 4377 2817 4453 rapinis
2879 4387 2943 4436 et
3006 4375 3141 4436 aliis
3204 4374 3373 4436 male

665 4486 1003 4559 acquisitis,
1047 4489 1095 4546 si
1143 4487 1224 4546 hii
1275 4488 1504 4562 quibus
1551 4489 1832 4565 ipsorum
1881 4490 2190 4548 restitutio
2221 4487 2351 4549 fieri
2387 4488 2638 4561 debeat,
2685 4489 2951 4549 omnino
2998 4490 3261 4549 inueniri
3308 4500 3375 4549 et

664 4593 802 4653 sciri
853 4617 982 4657 non
1034 4601 1294 4677 possint,
1358 4618 1611 4659 necnon
1661 4600 1742 4660 de
1791 4599 2174 4679 quibuslibet
2236 4601 2457 4682 legatis
2520 4601 2880 4662 indistincte
2925 4605 2989 4662 in
3035 4604 3177 4681 pios
3221 4621 3374 4662 usus

665 4704 913 4782 relictis,
960 4712 1323 4771 dummodo
1361 4722 1777 4772 executorum
1826 4724 2354 4774 testamentorum
2403 4715 2486 4776 ad
2534 4714 2595 4774 id
2644 4715 2909 4776 accedat
2957 4734 3249 4776 assensus
3294 4735 3371 4775 ac

663 4816 745 4877 de
792 4824 1346 4902 redemptionibus
1410 4835 1727 4896 uotorum,
1773 4845 1898 4905 que
1946 4825 2171 4886 suerint
2234 4830 2611 4888 auctoritate
2675 4827 3163 4888 diocesanorum
3210 4847 3373 4906 pon-

662 4930 905 4998 tificum
955 4947 1354 4998 commutata
1394 4936 1934 5017 Jerosolimitanis,
1966 4939 2303 5000 dumtaxat
2349 4951 2624 5018 excepto
2671 4959 2873 5018 usque
2918 4941 2999 5000 ad
3048 4959 3369 5002 summam

661 5060 922 5111 centum
961 5053 1255 5112 librarum
1293 5053 1728 5129 imperialium,
1765 5055 2041 5130 recipere
2072 5054 2351 5120 ualeatis„
2384 5055 2761 5113 auctoritate
2794 5054 2977 5114 uobis
3022 5053 3374 5133 apostolica
