3797 5795
1904 411 1981 418 ,-
2042 376 2261 438 38-

719 564 986 626 filiorum
1059 562 1357 642 Berizlay,
1424 563 1660 625 deinde
1727 584 1955 643 parum
2023 565 2239 626 eundo
2308 567 2557 626 uenitur
2600 565 2685 626 ad
2734 577 2972 627 metam
3042 576 3309 626 terream
3362 577 3429 627 et

719 675 867 737 inde
913 675 1252 738 reflectitur
1297 695 1410 755 per
1457 695 1650 738 unam
1716 679 2012 739 semitam
2082 678 2165 738 ad
2232 678 2458 739 siluam
2528 688 2591 738 et
2658 679 2834 740 uadit
2879 679 2963 740 ad
3030 689 3159 740 tres
3204 689 3429 740 metas,

720 809 986 868 quarum
1021 809 1148 851 una
1179 800 1273 850 est
1301 788 1625 869 Johannis,
1656 791 1853 851 altera
1885 789 2157 852 filiorum
2194 791 2467 866 Berizlai‚
2512 794 2704 852 tercia
2752 789 2949 864 Cheh,
2994 793 3172 853 iuxta
3216 793 3426 870 ipsum

721 901 897 964 Cheh
967 905 1026 963 in
1101 915 1272 963 meta
1342 923 1467 964 una
1537 905 1754 964 eundo
1817 907 2185 982 peruenitur
2254 905 2337 965 ad
2400 915 2526 966 tres
2572 917 2795 977 metaS‚
2844 923 3115 984 quarum
3158 924 3286 967 una
3330 917 3429 967 est

715 1015 1036 1095 Johannis,
1066 1015 1264 1077 altera
1295 1014 1490 1092 Cheli,
1521 1020 1716 1078 tercia
1747 1016 2005 1099 Georgii
2056 1017 2363 1097 Beriuoy;
2409 1021 2585 1080 iuxta
2630 1028 2859 1079 terram
2908 1021 3123 1096 itaque
3168 1017 3427 1101 Georgii

721 1129 937 1189 eundo
982 1131 1348 1207 peruenitur
1391 1131 1477 1191 ad
1524 1130 1684 1191 duas
1732 1142 1936 1191 metas
1980 1133 2158 1192 iuxta
2206 1131 2521 1194 Lokouch
2568 1143 2633 1192 et
2692 1131 2778 1192 ibi
2840 1134 3061 1192 transit
3108 1132 3426 1193 Lokouch

723 1243 786 1302 in
818 1242 1047 1304 uallem
1081 1261 1300 1304 uersus
1331 1246 1854 1323 septemtrionem
1890 1259 1954 1304 et
1988 1264 2100 1323 per
2132 1245 2303 1304 iliam
2334 1245 2567 1305 uallem
2614 1245 2829 1306 eundo
2876 1247 3010 1306 exit
3054 1246 3139 1306 ad
3185 1256 3427 1306 metam

723 1366 992 1416 terream
1040 1357 1158 1417 sub
1204 1356 1404 1417 dumo
1452 1357 1854 1430 munurousa‚
1902 1357 2052 1418 inde
2098 1355 2439 1419 reflectitur
2486 1377 2703 1419 uersus
2742 1359 3011 1420 domum
3058 1357 3319 1440 Georgii
3366 1361 3429 1418 in

723 1470 992 1548 planicie
1039 1482 1102 1530 et
1147 1471 1318 1530 eadit
1367 1472 1425 1529 in
1475 1471 1704 1531 siccam
1771 1468 2003 1531 uallem
2068 1489 2193 1551 que
2256 1470 2428 1531 ducit
2498 1470 2583 1530 ad
2628 1471 2788 1532 duas
2836 1483 3055 1544 metaS‚
3099 1472 3315 1550 ibique
3362 1475 3427 1531 in

726 1585 910 1643 metis
954 1581 1100 1642 dicti
1152 1581 1406 1663 Georgii
1457 1585 1820 1661 peruenitur
1863 1585 2091 1644 iterum
2123 1583 2207 1644 ad
2239 1585 2515 1662 priorem
2549 1599 2789 1644 metam
2821 1595 2882 1645 et
2916 1587 3005 1645 sic
3037 1587 3429 1645 terminatur.

729 1696 887 1756 Item
943 1698 1146 1773 prima
1178 1707 1350 1756 meta
1383 1709 1545 1756 terre
1579 1697 1771 1775 ipsius
1796 1696 2105 1776 Johannis
2151 1715 2275 1776 que
2322 1695 2642 1757 Desnicha
2689 1708 3089 1776 nuncupatur
3134 1697 3429 1775 incipitur

725 1813 785 1869 in
833 1808 997 1869 ualle
1043 1809 1428 1870 Hemelinna
1476 1811 1536 1868 in
1586 1810 1750 1882 loc0,
1797 1809 1905 1870 ubi
1951 1811 2084 1870 exit
2133 1797 2351 1871 uersus
2397 1809 2727 1870 meridiem
2784 1812 2961 1871 iuxta
3008 1821 3240 1872 terram
3288 1809 3432 1873 Ste-

723 1922 914 2002 phani
969 1923 1204 2004 Ungari
1252 1921 1336 1983 ad
1385 1931 1621 1983 metam
1672 1923 1793 1983 sub
1837 1924 2067 1984 arbore
2113 1924 2419 2004 gertanfa‚
2467 1923 2616 1982 inde
2669 1923 2953 1984 ascendit
2999 1924 3082 1984 ad
3128 1925 3297 1985 uiam
3344 1924 3431 1984 ad

727 2046 965 2097 metam
1015 2046 1303 2109 terream,
1349 2036 1585 2096 deinde
1631 2055 1744 2115 per
1791 2038 1959 2097 uiam
2031 2037 2305 2097 eandem
2354 2037 2721 2115 peruenitur
2765 2035 2847 2097 ad
2894 2049 3023 2097 tres
3069 2046 3273 2097 metas
3316 2056 3433 2096 an-

724 2149 989 2230 gulares,
1037 2150 1185 2209 inde
1233 2151 1410 2209 iuxta
1440 2159 1672 2209 terram
1711 2149 2035 2210 Benedicti
2071 2148 2173 2210 filii
2212 2150 2506 2228 Bodiuoy
2552 2150 2883 2210 descendit
2928 2150 3165 2210 directe
3210 2169 3435 2210 uersus

726 2264 1037 2323 orientem
1085 2262 1168 2322 ad
1214 2262 1488 2322 riuulum
1536 2261 1873 2335 Desnicha,
1921 2282 2034 2341 per
2078 2282 2270 2342 quem
2323 2265 2522 2344 uergit
2586 2281 2805 2322 uersus
2850 2262 3179 2323 meridiem
3226 2281 3435 2340 usque

727 2375 812 2435 ad
857 2375 1090 2448 locum,
1137 2375 1244 2435 ubi
1294 2377 1424 2435 exit
1495 2374 1576 2436 de
1645 2395 1724 2435 eo
1795 2379 1856 2435 in
1907 2375 2233 2454 quandam
2282 2375 2513 2437 uallem
2562 2375 2647 2437 ad
2694 2385 2932 2436 metam
2982 2385 3271 2448 terream,
3317 2395 3438 2453 per

729 2488 964 2548 dictam
1012 2503 1227 2548 autem
1275 2487 1508 2548 uallem
1557 2488 1733 2548 uadit
1765 2490 2053 2568 superius
2100 2489 2325 2549 iterum
2360 2489 2442 2548 ad
2476 2491 2789 2549 orientem
2836 2488 2919 2549 ad
2967 2488 3127 2548 duas
3170 2487 3437 2548 arbores

730 2601 924 2674 narfa,
967 2601 1085 2660 sub
1131 2601 1364 2680 quibus
1409 2611 1555 2661 sunt
1601 2614 1772 2662 mete
1818 2613 2038 2676 terree,
2084 2601 2319 2662 deinde
2382 2605 2515 2662 exit
2562 2601 2644 2661 ad
2692 2621 2993 2683 magnam
3040 2602 3208 2661 uiam
3255 2609 3319 2661 et
3364 2603 3433 2660 in

725 2735 802 2775 ea
849 2714 1064 2774 eundo
1109 2733 1332 2793 parum
1370 2717 1501 2775 exit
1533 2715 1617 2775 ad
1652 2728 1888 2776 metam
1925 2718 2045 2776 sub
2075 2717 2303 2777 arbore
2349 2716 2575 2788 clensa‚
2621 2715 2771 2776 inde
2817 2715 3055 2775 directe
3101 2713 3436 2774 descendit

729 2827 810 2888 ad
858 2831 1164 2888 maiorem
1214 2827 1602 2889 Desnicham
1650 2831 1712 2888 in
1761 2842 1950 2904 meta,
1996 2849 2109 2909 per
2156 2848 2347 2909 quam
2382 2828 2597 2890 eundo
2632 2831 2917 2908 superius
2948 2831 3081 2889 exit
3112 2826 3197 2887 ad
3229 2845 3435 2905 quan-

728 2943 878 3003 dam
926 2942 1157 3003 uallem
1206 2944 1269 3002 in
1318 2953 1489 3002 meta
1534 2944 1654 3003 sub
1724 2944 1950 3003 arbore
2020 2946 2195 3021 pomi
2266 2955 2327 3004 et
2398 2962 2510 3023 per
2579 2943 2816 3004 dictam
2863 2942 3093 3003 uallem
3144 2940 3433 3001 tenendo

729 3065 932 3116 metas
961 3075 1108 3117 cum
1140 3068 1348 3116 castro
1383 3056 1555 3115 uadit
1589 3056 1672 3115 ad
1705 3056 1863 3116 duas
1895 3068 2099 3117 metas
2130 3069 2381 3131 terream,
2412 3057 2562 3117 inde
2607 3076 2719 3135 per
2764 3058 2934 3116 uiam
2980 3055 3156 3115 uadit
3201 3055 3432 3114 iterum

726 3168 808 3229 ad
857 3168 1015 3229 duas
1063 3180 1264 3229 metas
1310 3181 1564 3240 terreas
1609 3169 1760 3229 inde
1820 3169 1904 3230 ad
1966 3181 2247 3231 ueterem
2322 3182 2561 3231 metam
2624 3180 2688 3229 et
2757 3187 2994 3229 nouam
3040 3178 3103 3228 et
3150 3167 3233 3227 ab
3282 3166 3432 3227 inde

727 3300 840 3358 per
883 3284 1176 3342 semitam
1224 3283 1549 3361 quandam
1613 3282 1894 3343 tenendo
1958 3296 2197 3343 metam
2266 3302 2413 3344 cum
2461 3282 2769 3345 Othmich
2816 3280 3214 3343 descendens
3258 3280 3431 3341 cadit

730 3395 790 3453 in
840 3412 1072 3473 aquam
1143 3392 1532 3455 Desnicham
1603 3405 1665 3455 et
1734 3414 1846 3474 per
1916 3415 2057 3457 eam
2129 3396 2530 3456 descendens
2590 3395 2845 3455 inferius
2891 3395 3024 3455 exit
3069 3396 3295 3454 iterum
3345 3393 3430 3452 ad

729 3507 962 3567 uallem
1012 3506 1394 3567 Hemelinna
1441 3520 1504 3567 et
1551 3528 1663 3586 per
1709 3511 1911 3587 ipsam
1958 3507 2276 3568 reducitur
2308 3509 2390 3568 ad
2426 3520 2663 3569 metam
2696 3510 2971 3586 priorem
3005 3516 3067 3568 et
3100 3506 3185 3567 ibi
3216 3508 3433 3567 termi-

729 3632 928 3711 natur.
979 3620 1138 3680 Item
1187 3622 1400 3699 incipit
1447 3623 1651 3699 prima
1699 3632 1870 3681 meta
1918 3632 2081 3681 terre
2126 3619 2385 3683 Gordus
2432 3624 2625 3694 curui,
2677 3640 2803 3697 que
2836 3620 2995 3681 Ilsva
3035 3631 3300 3680 uocatur
3346 3619 3432 3679 ab

728 3736 969 3793 oriente
1015 3736 1078 3793 in
1125 3732 1291 3793 ualle
1352 3752 1476 3794 una
1540 3736 1716 3795 iuxta
1779 3734 2049 3794 domum
2102 3734 2451 3809 Welchete,
2510 3754 2625 3814 per
2670 3733 2901 3795 uallem
2948 3743 3163 3793 autem
3210 3732 3430 3793 eundo

728 3864 946 3907 uersus
1010 3846 1412 3906 occidentem
1477 3848 1650 3907 uadit
1707 3847 1792 3908 ad
1853 3859 2045 3927 caput
2093 3848 2399 3919 ciusdem,
2444 3847 2661 3927 ibique
2704 3845 3047 3907 reflectitur
3091 3864 3317 3924 parum
3364 3856 3431 3905 et

728 3958 904 4020 uadit
951 3961 1126 4020 iuxta
1174 3959 1440 4021 domum
1493 3960 1577 4021 W
1582 3959 1827 4021 elchete
1875 3961 1957 4021 ad
2018 3964 2187 4022 uiam
2238 3961 2319 4021 ad
2367 3960 2527 4021 duas
2574 3972 2796 4031 metas,
2844 3977 3110 4038 quarum
3160 3976 3285 4019 una
3332 3969 3429 4017 est

727 4070 984 4133 Gordus
1045 4084 1108 4132 et
1169 4072 1362 4133 altera
1415 4072 1765 4145 Welchete,
1825 4074 1976 4135 inde
2022 4074 2105 4134 ad
2152 4076 2497 4134 sessionem
2562 4072 2839 4145 Odolen,
2884 4073 3099 4149 ibique
3145 4070 3315 4131 cadit
3362 4072 3427 4130 in

730 4184 1025 4246 Deschen
1096 4196 1157 4245 et
1229 4185 1404 4246 uadit
1465 4186 1548 4245 ad
1619 4199 1810 4265 caput
1879 4186 2165 4247 eiusdem
2230 4187 2311 4247 ad
2375 4187 2533 4247 duas
2580 4196 2799 4259 metas
2844 4202 3111 4265 quarum
3160 4202 3287 4243 una
3332 4194 3429 4243 est

729 4297 1002 4367 Gordus
1061 4298 1258 4359 altera
1325 4298 1658 4360 Welchete
1718 4301 1779 4359 in
1845 4298 2035 4373 hilda,
2082 4300 2293 4375 ibique
2342 4302 2561 4360 transit
2608 4302 2777 4361 uiam
2826 4298 2909 4358 ad
2954 4307 3146 4376 caput
3194 4314 3429 4377 magne

729 4411 908 4473 uallis
952 4423 1015 4471 et
1061 4413 1122 4471 in
1171 4431 1247 4471 ea
1315 4412 1532 4472 eundo
1601 4412 1857 4474 inferius
1926 4432 2147 4491 parum
2215 4416 2345 4473 exit
2413 4413 2495 4473 ad
2564 4414 2795 4473 siccam
2844 4411 3074 4473 uallem
3124 4409 3207 4470 ad
3254 4411 3425 4469 uiam

728 4528 906 4585 iuxta
951 4526 1170 4584 uineas
1215 4533 1279 4584 et
1310 4524 1374 4583 in
1404 4526 1509 4585 uia
1539 4524 1755 4584 eundo
1786 4527 1917 4585 exit
1950 4525 2033 4585 ad
2066 4526 2227 4587 duas
2270 4538 2493 4599 metas,
2540 4544 2807 4603 quarum
2855 4543 2983 4585 una
3028 4536 3122 4584 est
3168 4520 3427 4583 Gordus

728 4637 922 4699 altera
971 4636 1305 4697 Welchete
1351 4638 1414 4697 in
1459 4638 1792 4697 arboribus
1837 4638 2012 4711 ruffa,
2075 4639 2223 4699 inde
2284 4638 2499 4699 eundo
2559 4638 2644 4699 ad
2699 4648 2892 4716 caput
2936 4636 3115 4698 uallis
3158 4634 3426 4713 Suynna

731 4754 990 4812 nomine
1048 4753 1428 4830 peruenitur,
1489 4750 1721 4810 abhinc
1781 4750 2001 4811 relicto
2070 4750 2399 4812 Welchete
2446 4751 2660 4829 incipit
2723 4761 2945 4811 tenere
2990 4760 3227 4809 metam
3274 4766 3425 4808 cum

729 4864 867 4925 filiis
913 4865 1169 4925 Brezual
1215 4876 1278 4924 et
1325 4866 1448 4924 itur
1494 4864 1577 4923 ad
1621 4866 1951 4942 antiquam
2010 4877 2249 4924 metam
2300 4863 2593 4925 Wolcani
2641 4866 2819 4925 iuxta
2868 4864 3037 4923 uiam
3088 4864 3150 4923 in
3193 4862 3425 4922 arbore

728 4976 898 5051 tulsa,
966 4978 1199 5039 deinde
1265 4978 1442 5039 uadit
1509 4997 1623 5057 per
1688 4976 2013 5056 quandam
2082 4979 2315 5039 siccam
2386 4977 2616 5039 uallem
2662 4987 2726 5038 et
2770 4976 2941 5037 cadit
3010 4976 3073 5034 in
3122 4992 3419 5056 magnam

731 5090 980 5159 uallem,
1026 5108 1138 5169 per
1185 5110 1376 5169 quam
1443 5094 1566 5151 itur
1631 5092 1917 5169 superius
1963 5091 2163 5166 usque
2207 5091 2291 5152 ad
2339 5092 2567 5163 locum,
2614 5089 2721 5151 ubi
2766 5092 2899 5149 exit
2946 5091 3008 5148 in
3058 5106 3183 5148 una
3226 5105 3424 5165 parua
