3797 5795
1798 400 2216 463 -568—

653 627 843 687 supra
888 610 1093 669 riuum
1142 610 1317 669 iuxta
1383 611 1635 669 vineam
1696 618 1916 669 sancte
1969 609 2170 671 Marie
2215 608 2297 669 de
2345 607 2588 670 Mellita
2633 627 2718 669 ex
2763 618 2950 687 parte
2995 611 3244 688 quirine
3293 657 3305 667 .
3357 657 3369 668 .

655 767 915 782 .....
962 732 1241 782 trauersa
1304 723 1480 788 iuxta
1544 724 1796 783 vineam
1855 722 1911 783 F
1913 722 2066 784 rede
2125 721 2209 783 de
2266 720 2603 805 (Judogna,
2645 740 2729 782 ex
2776 730 2994 782 austro
3041 734 3136 783 est
3183 724 3372 784 vinea

654 833 869 895 Desco
917 846 980 895 et
1027 834 1109 895 de
1153 835 1354 895 borea
1397 881 1775 895 .......
1822 834 2228 896 fraternitatis
2272 844 2491 896 sancte
2523 834 2723 895 Marie
2753 833 2845 895 de
2876 834 3132 907 Mellita,
3163 854 3370 914 penes

656 966 1078 1027 quoscunque
1139 950 1400 1009 inuenta
1460 949 1691 1010 fuerint
1752 948 1922 1009 dicta
1982 949 2156 1009 bona
2203 996 2706 1009 .........
2753 966 3021 1009 necesse
3066 949 3254 1035 fuerit
3304 950 3368 1009 in

655 1062 871 1121 anima
931 1060 1195 1121 domine
1256 1060 1566 1122 Dobrosti
1627 1061 1968 1122 iurandum
2028 1061 2243 1136 semel,
2288 1060 2392 1121 uel
2437 1059 2670 1140 pluries
2713 1070 2780 1121 et
2829 1060 3185 1121 secundum
3233 1109 3246 1119 .
3297 1108 3310 1120 .
3359 1109 3372 1119 .

782 1220 795 1232 .
842 1220 855 1231 .
902 1172 1203 1234 ciendum
1236 1184 1301 1234 et
1332 1173 1707 1255 generaliter
1740 1185 1803 1234 et
1834 1174 2189 1253 specialiter
2228 1175 2310 1236 ad
2358 1176 2577 1235 omnia
2609 1184 2674 1235 et
2705 1173 2955 1255 singula
3000 1174 3370 1235 faciendum

656 1295 721 1347 et
768 1285 964 1347 libere
1010 1286 1465 1362 exercendum,
1511 1306 1635 1367 que
1682 1288 1746 1348 in
1789 1289 2111 1367 premissis
2141 1295 2207 1348 et
2237 1288 2404 1347 circa
2434 1289 2741 1366 premissa
2773 1287 3007 1347 suerint
3051 1296 3374 1365 oportuna

655 1411 722 1460 et
768 1418 955 1461 uerus
1015 1410 1080 1462 et
1140 1400 1456 1483 legitimus
1514 1410 1887 1480 procurator
1933 1419 2045 1461 seu
2089 1410 2268 1460 actor
2313 1400 2523 1460 facere
2567 1409 2782 1478 potest
2827 1409 2891 1459 et
2938 1397 3149 1471 debet,
3197 1398 3366 1459 dans

655 1511 834 1573 dicto
895 1511 1025 1573 filio
1086 1523 1150 1574 et
1209 1515 1602 1592 procuratori
1663 1531 1780 1573 suo
1839 1512 2274 1592 plenissimam
2335 1514 2781 1573 auctoritatem
2844 1521 2906 1573 et
2953 1522 3370 1591 potestatem,

658 1623 978 1702 predictas
1023 1624 1145 1686 loci
1190 1636 1254 1686 et
1299 1626 1483 1687 vinee
1548 1625 1926 1686 medietates
1973 1624 2314 1699 uendendi,
2378 1624 2699 1686 alienandi
2745 1634 2809 1684 et
2855 1624 3092 1686 exinde
3138 1642 3370 1685 eorum

656 1754 841 1797 suam
888 1737 1287 1799 uoluntatem
1351 1748 1685 1817 tamquam
1729 1737 1813 1798 de
1858 1757 1928 1799 re
1971 1740 2228 1817 propria
2289 1737 2562 1799 faciendi
2607 1746 2670 1797 et
2717 1739 3006 1816 promisit
3053 1747 3261 1797 ratum
3310 1746 3374 1798 et

660 1848 919 1910 firmum
966 1850 1203 1911 habere
1233 1862 1298 1911 et
1328 1860 1546 1913 tenere
1592 1850 1897 1931 quicquid
1942 1861 2318 1929 procurator
2363 1850 2688 1930 predictus
2733 1868 2922 1929 super
2958 1849 3084 1910 hoc
3115 1849 3375 1910 duxerit

658 1960 1023 2022 faciendum
1073 1974 1139 2023 et
1184 1982 1317 2024 non
1362 1966 1806 2025 contrauenire
1853 2011 2482 2027 ...........
2548 1981 2696 2023 curn
2744 1963 3066 2023 bonorum
3111 1980 3376 2022 suorum

660 2075 957 2134 omnium
1002 2075 1393 2157 obligatione
1438 2079 1839 2156 presencium
1872 2086 1938 2138 et
1968 2075 2343 2137 futurorum.
2387 2074 2632 2137 Actum
2664 2084 2763 2136 est
2793 2074 2916 2135 hoc
2945 2085 3011 2136 et
3044 2071 3376 2134 firmatum

658 2203 883 2247 coram
929 2187 1025 2248 his
1069 2191 1310 2250 vocatis
1356 2200 1418 2250 et
1464 2192 1702 2271 rogatis
1761 2191 2048 2265 testibuS,
2113 2189 2352 2251 scilicet
2415 2187 2808 2268 Gyminiano
2868 2189 3233 2268 primicerio
3275 2185 3377 2267 Ja-

657 2299 894 2374 drensi,
940 2299 1156 2361 Nasde
1202 2301 1432 2363 clerico
1478 2305 1679 2363 sancti
1724 2302 2031 2383 Stephani
2080 2314 2143 2365 et
2190 2303 2344 2365 aliis.

839 2432 1085 2507 (Drugi
1128 2433 1421 2512 rukopis).

841 2559 881 2642 †
926 2561 1068 2643 Ego
1114 2560 1341 2625 Simon
1386 2563 1469 2624 de
1516 2563 1743 2625 Mauro
1788 2566 2195 2626 examinator
2240 2582 2506 2625 manum
2555 2566 2711 2625 misi.

842 2673 984 2755 Ego
1031 2675 1221 2736 Vitus
1264 2686 1481 2737 sancte
1514 2676 1713 2737 Marie
1742 2678 1998 2737 maioris
2043 2676 2306 2737 clericus
2336 2688 2400 2737 et
2425 2675 2748 2756 Jadrensis
2793 2678 3078 2737 notarius
3124 2674 3383 2736 interfui

666 2796 945 2867 rogatus,
976 2797 1043 2847 ut
1074 2788 1287 2849 audiui
1321 2788 1484 2850 hanc
1529 2799 1769 2850 cartam
1816 2791 2054 2869 scripsi,
2101 2789 2396 2849 roboraui
2428 2798 2493 2849 et
2525 2791 2708 2871 signo
2753 2799 3068 2849 consueto
3115 2788 3384 2869 signaui.

846 2929 1137 3004 (Szjgnum
1185 2931 1337 3002 not.)

856 3119 1154 3194 Original
1206 3141 1248 3177 u
1298 3120 1560 3194 gubern.
1610 3120 1833 3178 arkivu
1894 3141 1935 3178 u
1995 3121 2231 3191 Zadru,
2293 3121 2432 3178 odio
2499 3128 2863 3178 samostana
2907 3139 2993 3176 sv.
3045 3119 3384 3177 Krs'evana

681 3223 962 3283 Cassetta
1021 3227 1080 3283 V.
1130 3245 1227 3283 ne.
1281 3227 1371 3283 82.
1420 3260 1505 3267 —
1539 3226 1591 3283 S
1629 3225 1811 3301 kraja
1856 3226 2075 3283 listina
2121 3227 2321 3295 odrta,
2370 3246 2409 3283 a
2455 3225 2658 3282 odatle
2705 3226 2732 3281 i
2776 3229 2932 3282 nasfe
2967 3226 3295 3301 prazm‘ne.

1972 3618 2100 3697 19.

672 3792 880 3875 1270,
929 3795 1033 3860 10.
1084 3792 1491 3860 decembra..

675 4005 963 4094 Stjepan
1011 4009 1204 4096 kragj
1240 4009 1533 4096 ugarskz'
1572 4031 1596 4072 2
1642 4009 1960 4073 hrvatskz‘
1999 4007 2158 4094 daje
2206 4009 2474 4074 Ponz'bu
2519 4011 2702 4073 banu
2743 4031 2820 4073 za
2851 4009 3063 4073 velz'ke
3109 4009 3388 4094 zasluge

671 4119 997 4206 ubinjene
1062 4144 1184 4186 ocu
1232 4123 1523 4208 njegovu
1572 4122 1605 4186 ι’
1642 4125 1878 4209 njemu
1939 4127 2192 4187 znatne
2231 4123 2506 4208 posjecle
2551 4145 2599 4186 u
2643 4122 3000 4208 zaladskoj
3041 4121 3381 4207 iupamjz'.

852 4327 1218 4421 Stephanus
1278 4341 1380 4404 dei
1441 4344 1653 4424 gracia
1722 4343 2067 4426 Hungarie‚
2111 4341 2467 4417 Dalmacie,
2515 4340 2837 4416 Crovacie‚
2883 4341 3105 4414 Rame,
3153 4341 3392 4414 Seruie,

676 4448 959 4530 Gallicie‚
991 4454 1399 4531 Lodomerie‚
1430 4453 1757 4531 Cumanie‚
1790 4456 2211 4539 Bulgarieque
2256 4475 2374 4516 rex
2427 4455 2731 4516 omnibus
2775 4465 3106 4534 presentes
3151 4454 3394 4516 litteras

682 4565 1057 4646 inspecturis
1102 4569 1373 4630 salutem
1419 4572 1484 4629 in
1530 4571 1820 4630 omnium
1866 4568 2200 4630 saluatore.
2262 4566 2372 4629 Ad
2419 4567 2548 4628 hoc
2592 4568 2847 4650 regibus
2893 4567 3117 4628 mundi
3163 4587 3250 4628 ex
3295 4585 3396 4628 su-

678 4696 877 4755 perna
907 4683 1320 4761 prouidencia
1350 4682 1599 4764 gladius
1630 4682 1964 4761 potestatis
2009 4681 2198 4743 datus
2229 4691 2342 4754 est,
2373 4689 2445 4770 ut
2475 4681 2646 4742 male
2684 4683 2947 4742 meritos
2992 4679 3393 4753 vlciscantur‚

679 4791 797 4854 illis
839 4815 1009 4869 ver0,
1056 4815 1220 4874 quos
1264 4799 1405 4857 iusti
1453 4797 1633 4877 vigor
1677 4798 1990 4857 examinis
2037 4796 2268 4878 dignos
2312 4794 2536 4855 fauore
2582 4796 2756 4876 regio
2806 4793 3297 4868 demonstrauit,
3320 4811 3395 4854 ac

682 4904 1003 4971 fidelitatis
1033 4913 1295 4972 seruicia
1326 4919 1667 4989 acceptum
1711 4909 2146 4982 reddiderunt,
2185 4907 2470 4970 debeant
2501 4909 2681 4969 iuxta
2715 4909 2940 4969 merita
2985 4907 3400 4987 respondere.

684 5019 958 5085 Proinde
1002 5023 1087 5084 ad
1131 5026 1568 5086 vniuersorum
1616 5025 1920 5085 noticiam
1965 5024 2190 5085 harum
2251 5024 2411 5085 serie
2458 5021 2757 5082 volumus
2817 5021 3171 5100 peruenire,
3220 5019 3399 5097 quod

683 5152 832 5198 cum
878 5137 1086 5199 dictus
1130 5147 1195 5200 et
1238 5135 1445 5198 fidelis
1506 5145 1723 5197 noster
1782 5137 2049 5215 Ponych
2096 5138 2303 5197 banus
2351 5135 2433 5196 de
2480 5153 2721 5217 genere
2768 5132 3133 5212 Myskouch
3178 5151 3402 5193 comes
