3797 5795
1861 393 1940 399 -
2007 357 2129 420 192
2193 393 2273 400 -

709 545 1021 608 infradicti
1085 550 1449 608 monasterii
1513 567 1625 626 per
1692 549 1895 625 ipsum
1963 548 2196 608 factam
2249 567 2380 608 non
2429 549 2596 608 bene
2643 556 3093 615 constructam,
3159 563 3282 604 nec
3331 562 3434 603 se-

711 659 995 720 cundum
1041 659 1219 739 quod
1264 661 1601 720 tenebatur
1642 672 1706 720 et
1754 659 2072 742 obligatus
2116 673 2252 721 erat
2300 664 2631 734 munitam,
2665 671 2925 738 propter
2967 658 3145 736 quod
3176 679 3214 718 a
3247 657 3431 718 dicto

712 775 988 833 murario
1034 772 1553 833 emendationem
1616 784 1679 833 et
1724 776 2022 834 iustitiam
2085 774 2198 834 sibi
2263 773 2392 834 fieri
2457 773 2838 853 postulabat.
2899 771 3196 834 Tandem
3263 789 3430 830 uero

712 885 1011 946 dominus
1064 894 1349 963 potestas
1396 905 1521 945 una
1567 905 1715 946 cum
1762 889 1889 947 suis
1934 888 2246 948 iudicibus
2293 901 2356 946 et
2403 888 2727 965 prelibatis
2783 885 2917 946 aliis
2963 885 3288 946 nobilibus
3334 883 3424 944 ad

711 998 952 1057 dictum
1000 1000 1455 1059 monasterium
1501 998 1881 1060 accedentes
1927 1011 1990 1059 et
2036 999 2276 1060 dictam
2325 999 2569 1060 boltam
2617 999 2764 1058 hinc
2795 1009 2860 1060 et
2889 997 3040 1062 inde
3071 996 3422 1078 diligenter

712 1112 1049 1188 inspiciens
1094 1130 1211 1190 pro
1257 1112 1589 1172 ambarum
1638 1113 1923 1190 parcium
1959 1113 2287 1172 uoluntate
2333 1125 2395 1172 et
2427 1111 2773 1172 concordia
2815 1111 3132 1172 nobilibus
3177 1123 3244 1170 et
3291 1110 3426 1170 dis-

712 1225 900 1283 cretis
943 1225 1091 1282 uiris
1135 1223 1374 1284 Duimo
1424 1221 1707 1298 Cassarii‚
1752 1223 2025 1285 Alberto
2051 1224 2270 1305 Jancii,
2303 1225 2504 1286 Dobri
2538 1225 2830 1298 Duscize,
2879 1225 3148 1285 Nicolao
3181 1223 3430 1290 Duimi,

716 1335 965 1398 Marino
1042 1336 1370 1410 Bonauite,
1448 1336 1740 1398 Michaeli
1789 1337 2110 1398 Leonardi
2173 1339 2416 1399 dictum
2481 1340 2810 1420 negotium
2875 1347 3007 1397 tam
3070 1356 3186 1414 per
3247 1337 3420 1396 arbi—

714 1451 920 1523 trium,
964 1468 1158 1528 quam
1206 1468 1318 1527 per
1362 1449 1773 1511 concordiam
1822 1451 2098 1511 totaliter
2127 1453 2291 1512 inter
2322 1453 2493 1530 ipsos
2524 1453 2844 1511 terminari
2886 1451 3224 1510 ambarum
3273 1467 3424 1526 par-

712 1566 871 1622 tium
917 1561 1248 1623 uoluntate
1292 1573 1355 1622 et
1403 1582 1515 1641 per
1561 1563 1900 1624 dominum
1945 1575 2334 1642 potestatem
2381 1564 2494 1624 fuit
2557 1565 2922 1630 comissum,
2985 1562 3154 1622 dicte
3200 1573 3428 1640 partes

714 1677 1131 1753 promitentes
1176 1687 1384 1736 ratum
1430 1687 1493 1736 et
1540 1675 1796 1736 firmum
1842 1676 2057 1738 haberi
2106 1677 2409 1756 quicquid
2465 1677 2809 1754 supradicti
2873 1673 3120 1736 nobiles
3167 1677 3228 1733 in
3279 1693 3430 1752 pre-

714 1789 918 1848 missis
962 1788 1259 1849 duxerint
1305 1788 1686 1850 faciendum.
1737 1789 1962 1850 Prefati
2011 1809 2166 1850 uero
2215 1790 2461 1850 nobiles
2515 1790 2748 1850 auditis
2793 1790 3076 1868 parcium
3124 1789 3429 1866 proposi—

712 1901 1003 1962 cionibus
1046 1912 1110 1963 et
1156 1901 1327 1962 dicta
1375 1902 1552 1962 bolta
1598 1902 1934 1982 diligenter
1980 1906 2263 1981 inspecta
2325 1913 2388 1964 et
2434 1905 2821 1971 examinata,
2881 1901 3102 1962 habito
3149 1899 3430 1960 consilio

714 2026 847 2076 tarn
891 2033 1007 2093 per
1048 2014 1374 2075 arbitrium
1422 2017 1511 2075 eis
1556 2035 1594 2075 a
1640 2016 1925 2094 partibus
1971 2027 2032 2076 et
2079 2018 2272 2076 etiam
2319 2037 2355 2076 a
2397 2011 2664 2076 domino
2711 2026 3029 2094 potestate
3073 2013 3430 2092 prolatum,

712 2147 906 2208 quarn
950 2146 1069 2205 pro
1114 2128 1291 2188 bono
1337 2131 1511 2207 pacis
1556 2139 1617 2188 et
1665 2128 2008 2189 concordie
2053 2129 2260 2189 taliter
2304 2127 2781 2189 terminandum
2841 2127 3180 2197 duxerunt,
3227 2125 3418 2206 quod

715 2241 885 2301 dicta
930 2240 1193 2300 domina
1240 2239 1560 2301 abbatissa
1621 2252 1685 2301 et
1730 2243 1864 2302 eius
1925 2251 2280 2302 conuentus
2337 2252 2612 2320 quatuor
2673 2241 2874 2320 pedes
2933 2241 3177 2320 prefate
3237 2238 3428 2298 bolte

712 2353 797 2414 ad
842 2372 1158 2431 expensas
1206 2355 1565 2414 monasterii
1614 2354 1893 2414 debeant
1941 2354 2230 2414 laborare
2276 2365 2339 2414 et
2385 2357 2471 2414 ita
2519 2357 2580 2414 in
2627 2354 2826 2414 altum
2875 2353 3144 2425 eleuare,
3191 2363 3260 2412 ut
3305 2371 3429 2430 po-

714 2468 923 2525 testati
973 2477 1037 2526 et
1083 2469 1254 2526 curie
1326 2467 1642 2526 uidebitur
1708 2467 2032 2545 expedire,
2098 2478 2162 2527 et
2231 2467 2662 2546 supradictam
2732 2467 2978 2527 boltam
3045 2466 3127 2525 de
3185 2464 3430 2524 cindris

716 2587 779 2638 et
826 2577 1277 2658 lignaminibus
1322 2580 1489 2640 bene
1551 2599 1797 2640 armare
1843 2591 1908 2640 et
1956 2591 2024 2640 ut
2069 2581 2422 2659 expedierit
2469 2591 2532 2640 et
2581 2599 2840 2640 necesse
2901 2579 3084 2640 fuerit
3133 2577 3432 2646 firmare;

716 2690 997 2768 prefatus
1042 2711 1198 2752 uero
1247 2695 1555 2752 murarius
1601 2693 1683 2752 de
1731 2694 2031 2753 omnibus
2077 2695 2212 2755 aliis
2275 2694 2445 2754 dicte
2505 2693 2682 2754 bolte
2729 2692 3092 2753 necessariis
3139 2691 3219 2750 ad
3269 2709 3422 2750 suas

715 2824 1033 2884 expensas
1080 2806 1397 2866 tenebitur
1442 2805 1793 2884 providere,
1839 2816 1973 2866 tam
2019 2806 2516 2885 proponendum
2565 2809 2768 2884 ipsam
2803 2806 3075 2878 inierim,
3121 2823 3318 2883 quam
3355 2807 3422 2862 in

715 2919 915 2979 altum
982 2920 1384 2989 elevandum,
1458 2939 1649 2998 quam
1716 2919 1962 2979 boltam
2006 2922 2141 2998 ipse
2197 2921 2364 2980 bene
2427 2922 2738 2979 munitam
2801 2930 2862 2979 et
2925 2918 3422 2979 immaculosam

716 3043 777 3092 et
847 3033 1089 3107 absque
1158 3032 1385 3092 fronde
1456 3031 1665 3110 aliqua
1734 3034 1795 3091 in
1866 3032 2038 3092 dicta
2107 3036 2252 3092 turri
2319 3033 2440 3093 foci
2527 3043 2589 3093 et
2676 3051 2824 3092 cum
2909 3031 3210 3091 omnibus
3299 3031 3422 3090 sibi

718 3147 1080 3205 necessariis
1125 3154 1188 3204 et
1235 3146 1295 3204 in
1347 3144 1523 3205 nullo
1570 3144 1923 3219 deficiente,
1971 3147 2054 3205 ita
2102 3146 2278 3225 quod
2325 3145 2554 3205 ablatis
2597 3144 2863 3205 scindris
2916 3158 2980 3204 et
3033 3142 3168 3203 aliis
3221 3143 3426 3223 ligna-

717 3257 989 3317 minibus
1047 3276 1160 3336 per
1234 3260 1519 3336 quinque
1588 3276 1792 3317 annos
1858 3261 2155 3337 proxime
2231 3268 2535 3318 uenturos
2610 3258 2780 3317 dicta
2849 3256 3028 3317 bolta
3089 3256 3422 3317 maculosa

716 3380 780 3430 et
846 3369 1264 3430 emendabilis
1326 3381 1601 3448 nequeat
1669 3373 1875 3431 asseri.
1967 3370 2048 3431 Et
2127 3374 2175 3431 si
2255 3370 2414 3431 infra
2483 3370 2726 3431 dictum.
2795 3372 3140 3430 terminum
3203 3368 3422 3449 aliqua

720 3483 980 3555 macula,
1052 3493 1315 3561 propter
1392 3502 1586 3561 quam
1662 3482 1831 3543 dicta
1893 3484 2068 3544 bolta
2129 3483 2456 3544 emendari
2533 3484 2812 3555 deberet,
2883 3486 2944 3543 in
3016 3485 3152 3561 ipsa
3220 3501 3421 3561 appa-

714 3598 937 3669 ruissit‚
984 3606 1187 3655 totum
1253 3596 1459 3656 dictus
1522 3598 1829 3657 murarius
1886 3597 1972 3657 ad
2033 3616 2178 3657 suas
2223 3615 2540 3676 expensas
2595 3596 2940 3656 emendare
2987 3596 3308 3655 tenebitur
3353 3610 3421 3655 et

715 3728 1021 3787 reparare.
1070 3708 1149 3769 Et
1197 3712 1245 3769 si
1294 3709 1621 3788 completo
1670 3713 1944 3770 termino
1989 3714 2272 3791 quinque
2309 3730 2624 3771 annorum
2659 3709 2908 3770 macula
2940 3710 3154 3786 aliqua
3187 3711 3248 3768 in
3281 3710 3422 3787 ipsa

712 3821 889 3881 bolta
938 3840 1067 3881 non
1114 3825 1491 3900 apparuerit,
1538 3822 1745 3883 dictus
1794 3824 2101 3883 murarius
2148 3844 2187 3883 a
2215 3823 2388 3884 dicta
2432 3824 2824 3903 obligatione
2857 3834 2920 3883 et
2961 3821 3424 3883 emendatione

714 3934 870 3994 liber
916 3937 994 3995 sit
1041 3945 1105 3995 et
1149 3934 1481 3999 absolutus
1526 3946 1589 3996 et
1638 3954 1992 4015 numquam
2054 3937 2136 3998 de
2197 3937 2366 3997 dicta
2427 3937 2606 3997 bolta
2661 3936 2844 3997 alicui
2891 3934 3284 4014 respondere
3329 3950 3422 3993 te-

715 4058 954 4108 neatur.
1013 4048 1093 4110 Et
1162 4050 1209 4108 si
1260 4051 1750 4109 instrumentum
1820 4048 2084 4128 aliquod
2154 4069 2344 4129 super
2409 4052 2618 4128 ipsum
2685 4062 2833 4127 post
2881 4050 3166 4128 quinque
3212 4066 3424 4107 annos

713 4164 1073 4240 apparuerit
1120 4162 1202 4221 de
1248 4162 1421 4221 facto
1468 4162 1663 4233 holte,
1708 4164 1948 4222 irritum
1997 4174 2369 4241 permaneat
2416 4174 2477 4223 et
2526 4161 2764 4223 nullam
2837 4164 3072 4242 uigoris
3131 4160 3420 4221 obtineat

714 4274 1097 4347 firmitatem,
1130 4273 1310 4353 quod
1343 4271 1756 4354 (h)abiturum
1790 4285 2058 4354 utraque
2089 4294 2235 4353 pars
2266 4276 2743 4337 commendavit
2775 4286 2840 4335 et
2870 4274 3079 4335 dictus
3111 4275 3420 4335 murarius

714 4388 779 4447 id
823 4388 1165 4449 obseruare
1212 4407 1279 4447 se
1328 4387 1633 4468 obligauit
1680 4405 1825 4448 eum
1873 4387 2268 4468 obligatione
2313 4408 2574 4449 suorum
2637 4389 2958 4447 bonorum
3005 4398 3070 4447 et
3116 4386 3418 4447 dominus

714 4511 997 4578 potestas
1044 4502 1107 4560 id
1154 4500 1553 4561 confirmavit
1600 4510 1663 4559 et
1713 4499 2006 4561 laudavit.
2075 4499 2314 4562 Actum
2388 4504 2451 4561 in
2517 4499 2731 4579 platea
2798 4502 2998 4561 sancti
3063 4498 3418 4561 Laurencii.

714 4612 940 4674 Testes
987 4624 1131 4673 sunt
1182 4611 1481 4673 Biualdus
1528 4611 1785 4690 Duymi‚
1830 4612 2198 4691 Stephanus
2236 4613 2412 4694 justi,
2459 4612 2628 4673 Desa
2675 4611 2878 4673 Sirizzi
2929 4622 2994 4673 et
3037 4611 3253 4691 plures
3297 4613 3416 4671 alii.

714 4726 797 4787 Et
840 4744 963 4807 ego
1009 4724 1323 4787 Gataldus
1370 4724 1609 4803 Duymi
1657 4725 1819 4785 hanc
1862 4736 2104 4786 cartam
2165 4728 2543 4787 examinavi.
2612 4726 2692 4786 Et
2753 4744 2879 4807 ego
2945 4725 3153 4786 Lucas
3197 4724 3414 4805 Spala-

711 4841 905 4899 tensis
972 4839 1318 4899 canonicus
1388 4840 1622 4901 iuratus
1687 4841 2098 4899 comunitatis
2167 4840 2284 4899 hiis
2345 4840 2594 4900 interfui
2663 4850 2726 4899 et
2793 4838 3061 4901 audiens
3121 4859 3156 4897 a
3232 4837 3414 4899 dictis

712 4952 961 5011 arbitris
1032 4960 1095 5011 et
1164 4950 1247 5012 de
1294 4951 1602 5011 mandato
1670 4950 1916 5011 domini
1985 4954 2322 5030 potestatis
2389 4967 2451 5012 et
2514 4954 2684 5012 curie
2743 4953 3080 5013 ambarum
3127 4952 3410 5030 parcium

656 5102 674 5119 .
710 5063 1040 5123 uoluntate
1088 5063 1209 5125 hoc
1254 5064 1449 5125 breue
1494 5066 1728 5142 scripsi.
1791 5062 2031 5125 Actum
2079 5066 2142 5125 in
2189 5064 2443 5143 plathea
2504 5066 2704 5125 sancti
2753 5064 3086 5155 Laurencii
3157 5082 3409 5142 presen-
