3797 5795
43 109 46 132 ““
42 7 61 90 ἰ’-ι’

1933 458 2018 465 -
2076 423 2346 485 452—

782 631 908 691 que
967 623 1061 672 est
1121 631 1309 691 supra
1370 615 1537 673 viam
1601 612 1925 692 publicam
1971 632 2185 674 versus
2231 614 2502 674 domum
2546 633 2727 674 suam
2787 626 2850 674 et
2896 625 3044 674 ante
3091 613 3336 674 dictam
3383 633 3480 672 ec-

783 725 1041 785 clesiam
1090 736 1208 786 ete.

956 917 1188 974 Lucius
1231 918 1530 974 Memorie
1574 919 1645 973 di
1696 918 1861 974 Traia
1913 919 2028 973 113.
2107 950 2185 960 —
2271 919 2515 975 Wenzel
2577 919 2720 977 cod.
2785 918 3018 994 Arpad.
3077 927 3235 976 cont.
3317 919 3480 978 VIII.

786 1023 909 1076 182.
963 1031 1062 1096 (po
1108 1017 1388 1096 Lucic'u).
1438 1056 1523 1062 -—
1568 1021 1947 1097 Kukuljevic'
1985 1023 2133 1096 Reg.
2181 1043 2276 1080 no,
2329 1026 2472 1081 940.

2045 1313 2238 1393 917.

788 1417 989 1483 1267.

786 1608 959 1671 Bela
1004 1607 1194 1692 kralj
1248 1606 1537 1692 ugarskz'
1576 1605 1611 1668 ι’
1647 1607 1964 1670 hrvae‘skz'
2020 1608 2266 1692 claruje
2329 1607 2663 1694 magistra
2737 1609 2802 1670 T
2790 1610 2934 1672 omi
2988 1611 3243 1673 lufnom
3306 1632 3485 1674 svom

1167 1726 1418 1783 notarim
1454 1720 1700 1804 possed
1741 1742 1911 1783 avan
1962 1722 2218 1804 Bugna
2267 1743 2313 1782 u
2361 1721 2714 1804 zaladskoj
2753 1722 3086 1805 iupam'ji.

960 1913 1109 1974 Bela
1157 1913 1258 1973 dei
1304 1915 1513 1994 gracia
1562 1912 1907 1994 Hungarie,
1957 1913 2304 1988 Dalmacie,
2351 1911 2634 1987 Croacie,
2683 1915 2903 1988 Rame‚
2934 1914 3176 1989 Seruie,
3211 1915 3492 1984 Gallicie.

788 2026 1191 2100 Lodomerie,
1262 2025 1704 2105 Cumanieque
1773 2046 1887 2086 rex
1957 2027 2257 2087 omnibus
2325 2038 2459 2086 tam
2536 2028 2934 2106 presentibus
3001 2047 3202 2107 quam
3279 2029 3496 2088 futuris

783 2158 1044 2218 presens
1088 2143 1391 2218 scriptum
1454 2141 1827 2219 inspecturis
1888 2140 2158 2200 salutem
2207 2143 2268 2200 in
2316 2143 2606 2200 omnium
2662 2141 2991 2200 saluatore.
3091 2139 3282 2202 Solet
3329 2147 3492 2222 regie

784 2252 1190 2333 benignitatis
1236 2252 1585 2313 clemencia
1632 2252 1771 2313 illos
1818 2253 1995 2313 dono
2043 2251 2486 2313 munificencie
2531 2254 2830 2332 prosequi
2877 2254 3232 2330 specialiuS,
3284 2256 3392 2333 qui
3425 2273 3490 2314 se

784 2367 947 2425 circa
993 2384 1136 2425 eam
1182 2384 1297 2443 per
1342 2367 1645 2425 continue
1690 2365 2013 2426 fidelitatis
2074 2367 2382 2444 obsequia
2428 2383 2495 2426 se
2541 2365 2850 2425 exhibent
2904 2366 3069 2426 bene
3121 2370 3391 2427 meritos
3437 2380 3496 2426 et

784 2489 1099 2556 acceptos
1148 2478 1420 2538 Proinde
1465 2478 1550 2538 ad
1596 2481 2032 2542 vniuersorum
2082 2480 2386 2538 noticiam
2449 2479 2674 2538 harum
2721 2482 2879 2539 serie
2926 2481 3228 2540 volumus
3277 2500 3494 2558 perue-

786 2594 935 2665 nire,
981 2589 1157 2670 quod
1202 2609 1349 2651 cum
1400 2594 1698 2672 magister
1742 2591 2032 2652 Thomas
2079 2592 2346 2653 dilectus
2394 2603 2454 2651 et
2503 2591 2706 2652 fidelis
2753 2595 3034 2652 notarius
3081 2604 3310 2653 noster
3356 2613 3490 2671 spe-

784 2704 957 2764 cialis
1002 2725 1038 2764 a
1084 2706 1386 2782 primeuis
1431 2707 1617 2764 etatis
1660 2724 1771 2764 sue
1834 2705 2232 2782 temporibus
2294 2704 2664 2783 multiplicia
2723 2715 2786 2764 et
2857 2705 3200 2765 laudabilia
3279 2709 3494 2784 inpen-

784 2817 949 2877 derit
1011 2835 1157 2877 cum
1224 2835 1476 2878 summa
1536 2816 1842 2878 fidelitate
1912 2819 2192 2890 seruicia,
2261 2837 2387 2896 que
2455 2828 2719 2896 propter
2787 2819 2878 2877 sui
2951 2818 3489 2896 multiplicitatem

710 2996 714 2999 ,
785 2933 1049 3014 longum
1096 2942 1261 2993 esset
1307 2951 1418 3011 per
1464 2932 1709 3013 singula
1756 2951 2065 3005 enarrare,
2127 2951 2246 2991 nos
2307 2930 2592 2992 eiusdem
2659 2933 2934 3012 magistri
2981 2930 3246 2991 Thome
3295 2932 3486 2991 fideli-

786 3048 930 3107 tatis
1006 3056 1069 3106 et
1147 3046 1558 3106 seruieiorum
1634 3046 1871 3105 meritis
1939 3044 2132 3125 digna
2201 3045 2490 3105 volentes
2551 3046 3071 3105 remuneracione
3137 3064 3490 3117 occurrere,

785 3161 943 3220 sicut
990 3159 1192 3232 decet,
1238 3170 1471 3219 terram
1540 3158 1884 3235 quamdam
1960 3158 2180 3239 Bugna
2243 3168 2559 3230 uocatam,
2615 3176 2740 3235 que
2800 3157 3000 3217 fuerat
3061 3161 3252 3217 castri
3323 3158 3490 3219 Zala-

786 3273 1019 3332 diensis
1064 3274 1248 3331 sitam
1298 3274 1358 3331 in
1407 3270 1639 3332 eodem
1686 3272 2013 3340 comitatu,
2059 3272 2141 3330 ab
2188 3270 2420 3331 eodem
2469 3281 2676 3331 castro
2725 3269 3076 3330 Zaladiensi
3142 3282 3486 3349 exceptam

783 3387 1035 3463 penitus
1080 3394 1143 3445 et
1190 3395 1563 3463 exemptam
1625 3402 1769 3444 cum
1833 3384 2134 3443 omnibus
2194 3384 2564 3445 utilitatibus
2625 3393 2689 3443 et
2734 3384 3142 3461 pertinenciis
3188 3386 3325 3443 suis
3371 3385 3484 3443 sub

784 3497 1025 3558 eisdem
1072 3500 1347 3576 antiquis
1393 3499 1577 3558 metis
1622 3507 1685 3557 et
1730 3498 2034 3569 terminis,
2081 3496 2310 3575 quibus
2372 3496 2729 3575 predictum
2793 3508 3070 3556 castrum
3119 3497 3487 3575 possedisse

784 3611 1146 3683 dinoscitur,
1205 3609 1606 3682 contulimuS‚
1652 3609 1948 3669 dedimus
2009 3622 2071 3670 et
2133 3608 2516 3669 donauimus
2587 3608 2798 3668 eidem
2861 3612 3166 3690 magistro
3233 3608 3490 3669 Thome

784 3725 1032 3784 notario
1102 3734 1320 3783 nostro
1389 3722 1641 3800 speciali
1690 3734 1753 3781 et
1793 3722 2087 3801 johanni,
2155 3740 2230 3781 ac
2298 3722 2432 3781 aliis
2492 3722 2786 3781 fratribus
2845 3723 3132 3781 eiusdem
3205 3722 3293 3781 de
3363 3723 3488 3801 ple-

782 3836 1068 3897 nitudine
1128 3845 1433 3915 perpetue
1509 3835 1882 3895 donacionis
1967 3834 2148 3894 titulo
2211 3844 2520 3913 perpetuo
2585 3844 2648 3893 et
2710 3835 3218 3894 inreuocabiliter
3285 3838 3482 3913 possi-

779 3950 1091 4023 dendam;
1152 3952 1215 4009 in
1277 3951 1453 4009 cuius
1512 3950 1716 4008 eciam
1778 3962 1944 4007 terre
2004 3948 2403 4025 corporalem
2467 3949 2940 4025 possessionem
3006 3947 3294 4007 eundem
3361 3968 3489 4007 ma-

776 4067 1041 4144 gistrum
1087 4062 1409 4125 Thomam
1473 4064 1792 4121 notarium
1858 4072 2145 4121 nostrum
2207 4060 2550 4139 specialem
2619 4072 2681 4120 et
2753 4060 2974 4121 fratres
3033 4061 3330 4121 eiusdem
3377 4080 3486 4139 per

780 4174 960 4239 Chak
1006 4178 1245 4236 banum
1293 4177 1598 4235 comitem
1645 4174 2084 4234 Zaladienscm
2134 4174 2436 4234 dilectum
2471 4185 2532 4234 et
2568 4172 2823 4233 fidelem
2873 4186 3160 4233 nostrum
3211 4174 3474 4233 fecimus

780 4289 1112 4350 introduci.
1180 4287 1267 4349 Ut
1315 4290 1502 4368 igitur
1550 4283 1713 4369 [hec]
1782 4300 1997 4346 nostra
2045 4287 2319 4347 donacio
2367 4287 2559 4346 robur
2605 4288 2890 4365 optineat
2939 4297 3246 4365 perpetue
3295 4284 3483 4346 firmi-

782 4405 944 4476 tatis,
990 4420 1107 4462 nec
1152 4420 1264 4479 per
1309 4403 1676 4480 quempiam
1727 4400 1934 4459 valeat
1981 4403 2042 4459 in
2092 4411 2418 4477 posterum
2481 4400 2823 4473 retraetari,
2893 4410 3220 4477 presentes
3271 4399 3478 4459 eidem

784 4516 1083 4597 magistro
1129 4512 1381 4575 Tbome
1426 4525 1489 4574 et
1536 4514 1828 4573 fratribus
1874 4515 2002 4572 suis
2049 4512 2342 4571 dedimus
2406 4512 2640 4572 litteras
2701 4512 2970 4590 duplicis
3031 4511 3209 4591 sigilli
3283 4512 3480 4571 nostri

782 4630 1133 4688 munimine
1177 4626 1523 4686 roboratas.
1594 4626 1829 4686 Datum
1896 4645 2009 4703 per
2071 4643 2297 4685 manus
2368 4627 2644 4705 magistri
2693 4624 2966 4685 Farcasii
3014 4626 3323 4702 prepositi
3369 4624 3479 4685 Al-

780 4743 991 4801 bensis
1036 4739 1177 4800 aule
1224 4749 1438 4798 nostre
1501 4739 1990 4799 vicecancellarii
2047 4738 2255 4797 dilecti
2304 4751 2364 4797 et
2385 4737 2616 4816 ,fidelis
2665 4739 2878 4806 nostri,
2922 4756 3094 4797 anno
3141 4738 3222 4797 ab
3272 4738 3472 4797 incar-

780 4855 1047 4914 nacione
1092 4850 1335 4911 domini
1384 4850 1723 4914 MCCLX⁰
1766 4854 2059 4929 septimO,
2105 4853 2277 4931 regni
2327 4860 2541 4911 autem
2589 4852 2784 4910 nostri
2831 4868 3004 4910 anno
3051 4849 3328 4932 XXX(!).

952 5029 1017 5086 Iz
1062 5028 1415 5101 originalne
1456 5029 1707 5103 polvrde
1752 5027 1960 5102 kralja
2010 5028 2305 5102 Stjepana
2353 5029 2438 5083 od
2480 5030 2575 5083 30.
2622 5035 2892 5099 augusta
2941 5030 3112 5085 1:270.
3186 5025 3481 5099 Ortjginal

781 5144 837 5190 te
872 5135 1131 5209 potvrde
1176 5133 1390 5189 nalazi
1416 5152 1482 5188 se
1514 5152 1553 5188 u
1586 5132 1807 5189 arkivu
1836 5132 2072 5207 jugosl.
2124 5130 2309 5188 akad.
2346 5152 2384 5188 u
2418 5131 2698 5206 Zagrebu
2719 5153 2738 5187 .·
2786 5130 3167 5188 Documenta
3211 5150 3270 5186 a.
3313 5132 3480 5184 1:270.
