3797 5795
1638 381 2042 444 „347-

475 571 902 632 laudauerunt
948 581 1013 632 et
1058 574 1483 650 promiserunt
1528 583 1665 632 rata
1710 581 1775 632 et
1820 571 2003 634 firma
2048 571 2282 634 habere
2314 584 2378 633 et
2410 584 2628 634 tenere
2677 576 2740 634 in
2785 584 3170 653 perpetuum

478 681 720 745 Actum
782 694 880 745 est
942 684 1065 745 hoc
1110 695 1173 745 et
1219 684 1539 746 firmatum
1601 685 2002 764 presentibus
2062 684 2178 746 hiis
2223 688 2464 747 vocatis
2509 697 2573 746 et
2619 689 2855 769 rogatis
2902 687 3186 762 testibus

474 795 765 859 videlicet
810 797 982 858 Bitto
1028 797 1111 859 de
1158 798 1451 880 Petringa
1470 795 1533 880 (l)
1581 809 1645 858 et
1691 798 1944 860 Marino
2011 796 2286 862 Girardo
2333 797 2463 860 filio
2510 799 2844 880 quondam
2899 798 3184 862 Simonis

474 907 749 971 Girardi.

650 1024 892 1100 (Drugi
936 1025 1235 1102 rukopis).

644 1134 684 1216 †
729 1135 871 1218 Ego
912 1135 1191 1216 Jacobus
1237 1135 1540 1216 Quirinus
1584 1157 1805 1198 comes
1844 1137 2036 1218 Jadre
2083 1157 2348 1200 manum
2397 1141 2556 1199 misi.

646 1249 893 1326 (Drugi
936 1251 1234 1329 rukopis).

644 1361 683 1442 †
728 1361 869 1443 Ego
932 1359 1230 1424 Andreas
1290 1362 1373 1424 de
1434 1360 1815 1446 Cotopagua
1885 1366 2289 1425 examinator
2333 1383 2418 1424 ex
2464 1375 2771 1444 precepto
2820 1365 3092 1426 domino
3113 1362 3177 1445 (l)

470 1476 711 1534 comito
728 1473 791 1557 (l)
842 1493 1105 1538 manum
1154 1495 1365 1536 meam
1414 1477 1571 1536 misi.

642 1587 783 1669 Ego
830 1589 1210 1650 Vincentius
1268 1590 1534 1650 ecclesie
1596 1600 1815 1650 sancte
1883 1589 2083 1652 Marie
2129 1593 2390 1651 maioris
2437 1591 2702 1652 clericus
2751 1602 2814 1651 et
2855 1590 3178 1670 Jadrensis

468 1703 751 1761 notarius
794 1702 1093 1780 predictis
1137 1701 1385 1762 interfui
1430 1711 1706 1783 rogatus
1752 1712 1819 1764 vt
1848 1703 2064 1764 audiui
2095 1703 2260 1764 hanc
2305 1714 2548 1764 cartam
2594 1705 2832 1782 scripsi,
2870 1703 3176 1764 roboraui

468 1823 533 1872 et
578 1815 761 1894 signo
808 1814 997 1874 solito
1043 1816 1305 1897 signaui.

646 1929 942 2002 (Szgnum
990 1938 1225 2005 notar.)

648 2120 946 2193 Original
985 2140 1024 2177 u
1071 2119 1294 2176 arkivu
1357 2129 1711 2178 samostana
1757 2141 1843 2178 w.
1889 2121 2125 2196 Alarije
2173 2141 2212 2178 u
2259 2122 2492 2179 Zadru.
2555 2155 2631 2162 —-
2681 2121 2790 2178 AVa
2837 2120 3020 2196 hrptu
3068 2141 3170 2178 sa-

460 2245 743 2281 vremeno
765 2246 784 2279 .·
840 2225 1104 2282 »diuisio
1152 2225 1446 2284 bonorum
1492 2224 1739 2282 Andree
1785 2235 1847 2282 et
1868 2228 2163 2302 fratrum
2211 2227 2288 2284 de
2331 2225 2828 2302 [Cotopagnal.‹

1726 2515 1920 2596 836.

460 2683 661 2762 1265,
706 2681 899 2765 prije
942 2683 1053 2748 13.
1100 2681 1441 2749 oktobra.

467 2872 637 2935 Bela
672 2872 863 2957 kralj
889 2871 1178 2959 ugarskz'
1202 2870 1237 2935 ι’
1258 2871 1575 2936 hrvatskz'
1616 2871 1835 2958 izdaje
1888 2872 2181 2958 povelju,
2243 2872 2464 2957 kojom
2510 2893 2580 2935 se
2623 2871 2935 2957 svjedoc‘z',
2987 2873 3076 2937 da
3090 2873 3176 2958 je

463 2985 593 3047 ban
632 2986 915 3049 Roland
954 2986 1107 3069 svoj
1139 2986 1381 3071 possed
1426 2985 1623 3049 Novi
1647 2986 1850 3050 dvort'
1886 2985 2250 3069 zamt'jenio
2289 3008 2368 3049 sa
2419 2986 2788 3049 Farkas‘em
2841 2994 3173 3071 iupanom

536 3098 571 3160 ι’
606 3098 829 3161 sinom
885 3120 999 3161 mu
1050 3098 1388 3184 G-rgurom
1434 3121 1511 3161 za
1558 3098 1832 3183 njz'hove
1866 3099 2143 3184 posjede
2190 3122 2236 3161 u
2287 3097 2652 3163 Sz'rnom'cz'
2689 3098 2724 3161 ι’
2766 3097 3092 3183 Stopm'cz'.

640 3291 793 3353 Bela
838 3290 939 3351 dei
988 3294 1198 3372 gracia
1240 3291 1583 3373 Hungarie‚
1614 3290 1964 3365 Dalmacie,
2011 3288 2294 3365 Croacie,
2341 3292 2562 3365 Rame‚
2604 3290 2842 3365 Seruie,
2887 3290 3174 3365 Gallicie,

466 3404 874 3477 Lodomerie‚
923 3401 1362 3483 Cumanieque
1422 3424 1537 3465 rex
1601 3404 1902 3465 omnibus
1958 3422 2222 3483 presens
2281 3406 2584 3483 scriptum
2657 3404 3031 3483 inspecturis
3077 3424 3174 3472 sa·

462 3518 663 3579 lutem
699 3520 761 3578 in
794 3536 873 3577 eo
906 3520 1013 3595 qui
1045 3528 1143 3577 est
1183 3517 1351 3578 salus
1395 3519 1702 3579 omnium.
1750 3514 1858 3577 Ad
1903 3518 2340 3579 uniuersorum
2395 3518 2696 3577 noticiam
2743 3516 2967 3577 harum
3013 3520 3174 3578 serie

466 3630 762 3691 volumus
821 3632 1169 3709 peruenire,
1214 3629 1392 3709 quod
1453 3630 1783 3692 Rolandus
1842 3630 2048 3691 banus
2109 3632 2311 3690 tocius
2377 3630 2717 3692 Sclauonie
2777 3629 3046 3691 dilectus
3107 3644 3170 3691 et

464 3742 670 3805 fidelis
717 3754 932 3804 noster
976 3744 1061 3803 ab
1106 3762 1233 3803 una
1278 3752 1473 3821 parte,
1520 3742 1849 3804 Farcasius
1894 3761 2114 3803 comes
2161 3754 2222 3803 et
2271 3740 2615 3823 Gregorius
2669 3740 2832 3803 filius
2877 3742 3166 3803 eiusdem

464 3856 547 3916 de
596 3854 855 3937 Zagaria
901 3874 985 3916 ex
1030 3855 1228 3917 altera
1275 3874 1493 3916 coram
1542 3855 1727 3916 nobis
1770 3854 2187 3933 personaliter
2231 3855 2672 3934 comparendo
2718 3856 3170 3917 concambium

455 3988 571 4030 seu
630 3971 1213 4030 commutacionem
1274 3968 1635 4031 huiusmodi
1698 3970 1859 4030 inter
1921 3988 1988 4029 se
2049 3968 2268 4029 secisse
2323 3970 2688 4043 retulerunt,
2757 3968 2936 4047 quod
2984 3969 3156 4029 idem

462 4082 797 4143 Rolandus
863 4083 1069 4143 banus
1137 4092 1341 4143 totam
1410 4091 1643 4142 terram
1711 4100 1892 4143 suam
1962 4083 2346 4143 existentem
2415 4084 2478 4141 in
2546 4081 2808 4163 Zagaria
2857 4081 3174 4160 Vyvduor

466 4204 763 4256 uocatam
814 4214 897 4255 ex
944 4205 1159 4255 nostra
1204 4195 1555 4257 collacione
1586 4204 1651 4256 et
1682 4214 1999 4255 consensu
2046 4193 2356 4256 karissimi
2403 4193 2508 4255 filii
2557 4198 2750 4255 nostri
2803 4194 2952 4255 Bele
2991 4194 3171 4255 ducis

466 4326 846 4386 possessam.
892 4327 1017 4387 que
1065 4310 1327 4389 quidem
1389 4310 1597 4387 primo
1657 4306 1859 4369 fuerat
1906 4306 2192 4389 Gregorii
2242 4306 2346 4368 filii
2395 4306 2738 4380 Abramu5‚
2786 4326 2934 4368 cum
2981 4309 3170 4385 perti-

468 4424 709 4483 nenciis
754 4432 816 4483 et
862 4422 1230 4483 vtilitatibus
1290 4424 1417 4482 suis
1476 4422 1775 4481 omnibus
1836 4420 2014 4482 dedit
2074 4431 2137 4481 et
2199 4423 2542 4501 assignauit
2604 4420 2903 4499 predictis
2951 4421 3168 4480 comiti

472 4534 772 4595 Farcasio
804 4546 867 4595 et
899 4532 1229 4616 Gregori0,
1274 4554 1349 4594 ac
1393 4553 1615 4595 eorum
1663 4533 2003 4595 heredibus
2049 4545 2360 4614 perpetuo
2406 4545 2470 4594 et
2501 4533 2992 4593 irreuocabiliter
3025 4551 3170 4611 pos-

468 4646 838 4721 sidendam;
884 4649 1111 4727 prefati
1154 4668 1305 4709 vero
1352 4666 1571 4709 comes
1616 4646 1671 4708 F
1674 4648 1948 4707 arcasius
1980 4658 2043 4706 et
2075 4645 2419 4727 Gregorius
2465 4649 2528 4707 in
2574 4646 3026 4707 concambium
3058 4665 3170 4706 seu

466 4763 1054 4823 commutacionem
1102 4761 1271 4821 dicte
1305 4772 1466 4821 terre
1498 4779 1725 4821 omnes
1770 4761 2108 4838 porciones
2155 4777 2375 4819 eorum
2425 4759 2835 4820 hereditarias
2881 4760 2945 4818 in
2991 4761 3172 4818 terris

470 4874 707 4935 scilicet
743 4872 1144 4937 ‘Sirnonicha
1191 4874 1255 4935 θ’(
1300 4871 1651 4951 Stopnicha
1710 4875 2060 4934 existentes
2121 4891 2265 4933 cum
2331 4873 2630 4933 omnibus
2691 4871 3062 4933 utilitatibus
3109 4880 3194 4931 et·

470 4990 874 5065 pertinenciis
920 4990 1046 5048 suis
1094 4987 1267 5048 nullo
1314 4988 1445 5047 iure
1490 4986 1604 5045 sibi
1654 4989 1717 5045 in
1762 4985 2003 5046 eisdem
2051 4996 2374 5045 reseruato
2429 4985 2604 5045 dicto
2651 4984 2952 5046 Rolando
2998 4984 3170 5044 bano

472 5109 538 5160 et
604 5103 730 5161 suis
798 5098 1136 5161 heredibus
1204 5098 1643 5176 heredumque
1716 5098 2182 5159 successoribus
2259 5098 2575 5159 dederunt
2643 5108 2706 5159 et
2773 5100 3168 5178 assignarunt
