3797 5795
1583 386 1997 450 —407—

433 590 657 654 terrea,
736 579 887 640 inde
948 578 1033 639 ad
1094 579 1284 640 aliam
1346 595 1653 656 quercum
1716 579 1821 638 ubi
1885 586 1982 637 est
2043 589 2216 636 meta
2275 586 2498 650 terrea,
2575 573 2726 640 inde
2791 574 2964 635 ducit
3025 592 3138 653 per

432 692 715 753 eundem
779 691 1047 752 rivulum
1112 693 1218 752 ubi
1282 695 1381 752 via
1441 693 1664 752 transit
1728 690 2013 751 medium
2065 689 2260 764 rivuli,
2305 687 2454 748 inde
2502 686 2830 748 modicum
2880 686 3150 748 descen-

434 804 655 865 dendo
700 815 795 865 est
841 815 1015 864 meta
1061 806 1171 865 ubi
1217 815 1312 864 est
1360 823 1487 864 una
1532 821 1816 879 quercus.
1870 803 1957 866 Ut
2005 804 2191 883 igitur
2236 803 2427 862 series
2473 799 2804 880 prehabite
2835 802 2920 861 rei
2957 801 3152 861 robur

434 927 743 997 perpetue
790 917 1101 979 firmitatis
1146 917 1451 992 obtineat,
1498 936 1619 977 nec
1664 936 1775 996 per
1822 917 2192 996 quempiam
2241 916 2440 994 possit
2480 917 2542 974 in
2575 914 2816 974 irritum
2863 913 3148 974 revocari

439 1031 541 1092 vel
602 1033 805 1091 eciam
868 1030 1217 1109 perturbari
1284 1030 1463 1110 lapsu
1526 1043 1910 1108 temporum,
1957 1029 2081 1089 hoc
2140 1029 2446 1106 scriptum
2508 1026 2894 1088 contulimus
2953 1027 3153 1087 nostri

439 1143 621 1225 sigilli
685 1145 1037 1204 munimine
1098 1144 1490 1204 roboratum.
1538 1142 1781 1204 Datum
1845 1144 1908 1202 in
1973 1142 2240 1214 Petrina,
2288 1143 2349 1200 in
2398 1143 2672 1201 crastino
2720 1141 2922 1200 sancti
2969 1137 3152 1201 Galli.

440 1255 639 1318 Anno
686 1256 929 1317 domini
977 1254 1403 1320 MCCLXVI.
1450 1255 1587 1316 Nos
1632 1258 1847 1334 itaque
1896 1254 2164 1334 predicti
2198 1255 2441 1314 domini
2475 1255 2626 1314 bani
2657 1256 2818 1313 iuste
2851 1253 3152 1332 peticioni

446 1379 819 1442 annuenteS,
862 1380 1189 1447 presentes
1249 1371 1485 1430 inserto
1548 1347 1741 1446 ipsius
1803 1368 2043 1428 domini
2107 1369 2258 1428 bani
2322 1367 2648 1448 privilegio
2695 1366 2778 1426 de
2824 1367 3022 1426 verbo
3071 1365 3154 1426 ad

442 1483 707 1543 verbum
757 1501 872 1561 pro
918 1481 1167 1542 cautela
1230 1481 1525 1542 dedimus
1588 1482 1877 1560 ampliori
1927 1480 2110 1562 sigilli
2158 1481 2354 1541 nostri
2400 1481 2754 1540 munimine
2801 1479 3153 1539 roboratas,

446 1595 687 1656 Datum
738 1597 798 1654 in
831 1595 1035 1676 vigilia
1082 1596 1283 1655 sancti
1330 1592 1594 1656 Andree
1639 1593 1934 1673 apostoli.
1981 1591 2179 1654 Anno
2227 1593 2468 1654 domini
2519 1590 2702 1656 MCC
2749 1593 3157 1673 sexagesimo

446 1719 653 1767 sexto.

623 1900 922 1974 Pre'vileg.
971 1909 1297 1956 monaster.
1346 1901 1419 1956 B.
1467 1921 1521 1957 v.
1572 1901 1827 1957 sisariae
1872 1901 1950 1956 de
2004 1899 2251 1976 Toplica
2298 1919 2391 1956 no.
2445 1899 2496 1956 L
2516 1899 2649 1956 Vll.

630 2003 882 2062 Tkalc'id
918 2005 1190 2061 lisanum.
1238 2005 1491 2080 episcop.
1540 2004 1809 2078 Zagrab.
1859 2004 1912 2062 I.
1962 2006 2301 2062 132-134,
2350 2036 2434 2044 -—
2498 2003 2743 2060 lVenzel
2813 2002 2952 2060 Cod.
3001 2002 3153 2078 dipl.

444 2109 680 2184 Arpad.
751 2117 902 2166 cont.
964 2110 1077 2167 XI.
1147 2111 1492 2165 560—562.
1550 2141 1625 2150 —-
1700 2109 1839 2168 cod.
1903 2109 2050 2184 dipl.
2105 2109 2361 2185 patrius
2422 2108 2590 2166 VIII.
2665 2110 2994 2162 137-140.
3072 2141 3154 2148 -—-

445 2213 824 2287 Kukuljevic‘
861 2215 1013 2287 Reg.
1065 2233 1159 2270 ne.
1217 2215 1343 2270 919.

1706 2503 1895 2583 879.

452 2688 651 2761 1266,
705 2689 811 2752 19.
861 2685 1273 2752 decembra.
1322 2687 1381 2752 U
1426 2686 1688 2752 Zadru.

473 2876 697 2949 Vecko,
751 2875 964 2949 Salbe,
1016 2874 1287 2961 Mz'lzalj
1314 2876 1438 2940 z'td.
1462 2875 1771 2963 prz'maju
1819 2877 1909 2940 od
1935 2882 2328 2940 samostcma
2358 2897 2454 2940 sv.
2491 2873 2856 2939 Krs‘evcma
2891 2875 3157 2959 zemlju,

1409 2990 1499 3052 da
1546 2992 1803 3053 nasade
1848 2988 2204 3075 vz'nograd.

631 3181 701 3240 ln
750 3180 979 3244 Christi
1042 3183 1320 3242 nomine.
1386 3180 1583 3242 Anno
1631 3184 2090 3243 incarnacionis
2135 3184 2268 3243 eius
2316 3180 2653 3243 millesimo
2716 3181 3158 3242 ducentesimo

457 3296 859 3375 sexagesimo
904 3306 1107 3368 sexte,
1156 3314 1376 3357 mense
1423 3295 1765 3368 decembri,
1800 3295 1905 3356 die
1952 3298 2148 3356 tercio
2196 3296 2449 3357 decimo
2497 3304 2793 3369 exeunte,
2838 3293 3160 3354 indicione

459 3406 725 3480 decima,
766 3406 973 3486 Jadre,
1020 3410 1419 3487 temporibus
1465 3408 1707 3468 domini
1758 3409 2053 3487 Raynerii
2104 3408 2258 3491 Geni
2306 3408 2499 3469 incliti
2546 3408 2724 3468 ducis
2757 3406 3050 3468 Venecie
3096 3416 3158 3466 et

460 3521 737 3601 magistri
802 3520 1133 3581 Laurencii
1198 3522 1570 3581 venerabilis
1626 3521 1946 3601 Jadrensis
1993 3522 2464 3601 archiepiscopi,
2511 3541 2586 3582 ac
2639 3520 2848 3585 iacobi
2915 3518 3159 3597 Quirini

461 3635 691 3713 egregii
740 3636 1007 3693 comitis.
1056 3633 1191 3693 Nos
1240 3652 1518 3714 namque
1566 3633 1912 3695 Vechecha
1961 3632 2120 3695 filius
2167 3634 2496 3713 quondam
2539 3635 2714 3715 Justi,
2763 3633 2958 3697 Salbe
2999 3632 3160 3695 filius

461 3746 790 3824 quondam
839 3745 1111 3819 Martini,
1159 3745 1371 3807 Desco
1418 3746 1579 3808 filius
1626 3747 1955 3827 quondam
2008 3746 2288 3830 Cesetm,
2337 3748 2565 3827 Radoy
2613 3748 2775 3809 filius
2829 3747 3160 3825 quondam

461 3857 712 3929 Slauco‚
758 3858 993 3919 Michal
1041 3859 1245 3920 dictus
1294 3860 1515 3941 Vgrin,
1563 3861 1768 3921 Ratco
1818 3860 1979 3922 filius
2025 3862 2356 3941 quondam
2405 3861 2654 3934 Slauco,
2703 3862 2950 3939 Brayco
3001 3860 3160 3921 filius

462 3970 789 4049 quondam
838 3971 1101 4045 Obradi‚
1162 3970 1559 4053 Grisogonus
1608 3971 1767 4034 filius
1813 3974 2142 4049 quondam
2193 3971 2500 4055 Gregorii,
2563 3974 2952 4036 Radouanus
3001 3972 3162 4033 filius

463 4085 791 4163 quondam
856 4084 1109 4160 Slau00,
1181 4086 1398 4147 Petrus
1444 4086 1607 4147 filius
1669 4086 2000 4165 quondam
2071 4086 2375 4148 Pelnoscii
2425 4098 2485 4147 et
2537 4087 2938 4147 Priuoslauus
3003 4085 3164 4146 filius

463 4198 793 4276 quondam
858 4197 1168 4259 Desislaui
1216 4207 1278 4258 et
1328 4198 1554 4259 Radda
1600 4201 1907 4280 coniuges
1953 4218 2099 4259 cum
2149 4201 2378 4259 nostris
2424 4198 2763 4260 heredibus
2809 4209 2871 4258 et
2919 4217 3164 4259 succes-

462 4313 707 4371 soribus
753 4331 865 4391 per
912 4310 1034 4371 hoc
1080 4330 1340 4389 presens
1401 4314 1705 4390 scriptum
1770 4313 2035 4373 facimus
2098 4311 2524 4383 manifestum,
2573 4314 2718 4389 quia
2765 4313 3164 4390 suscepimus

462 4444 499 4484 a
546 4424 730 4484 uobis
776 4424 1114 4484 venerabili
1162 4426 1293 4483 viro
1341 4424 1634 4503 dompno
1684 4424 1953 4486 Nicolao
2000 4426 2236 4485 abbate
2283 4427 2649 4485 monasterii
2705 4427 2906 4484 sancti
2953 4422 3162 4485 Griso·

464 4540 612 4617 goni
662 4537 744 4597 de
784 4536 973 4616 jadra
1020 4539 1371 4612 uestrisque
1418 4537 1711 4597 fratribus
1758 4548 1821 4598 et
1868 4538 2338 4598 successoribus
2386 4537 2467 4598 de
2515 4548 2678 4598 terra
2711 4537 2858 4597 dicti
2911 4555 3162 4597 monas-

465 4651 601 4709 terii
671 4653 877 4728 posita
945 4650 1027 4710 ad
1098 4648 1491 4732 Lucoran(e)
1562 4650 1644 4710 ad
1712 4651 1963 4711 vineam
2039 4650 2475 4729 plantandam,
2566 4651 2918 4711 secundum
2987 4648 3165 4729 quod

466 4763 729 4841 quilibet
798 4773 1087 4823 nostrum
1154 4763 1486 4841 presaliam
1560 4764 1793 4823 factam
1866 4764 2058 4823 habet
2127 4764 2350 4837 taliter,
2413 4764 2589 4842 quod
2653 4764 2809 4823 dum
2879 4784 2962 4825 ex
3031 4765 3164 4841 ipsa

465 4876 738 4936 fructum
800 4876 1134 4936 extrahere
1194 4878 1560 4954 poterimus»,
1607 4878 1936 4936 annuatim
1998 4896 2111 4955 per
2157 4896 2275 4937 nos
2335 4888 2716 4955 nostrosque
2779 4876 3044 4936 heredes
3091 4894 3166 4935 ac

464 5008 859 5049 successores
891 4989 1075 5049 uobis
1116 4989 1467 5067 uestrisque
1514 4990 1982 5050 successoribus
2013 4989 2165 5050 dare
2197 5000 2528 5051 teneamur
2576 5003 2866 5068 quartam
2915 5000 3163 5070 partem

466 5116 599 5163 tam
648 5104 769 5161 vini
819 5120 1014 5180 quam
1062 5104 1351 5162 omnium
1419 5102 1735 5162 fructuum
1802 5102 2037 5163 exinde
2099 5103 2460 5164 habitorum
2524 5115 2736 5165 uestro
2801 5104 3034 5165 nuncio
3081 5102 3164 5163 ad
