3797 5795
1544 461 1630 470 -
1695 425 1959 490 103—

399 611 638 675 dictam
683 614 896 676 villam
929 612 1270 678 Gomilane
1315 616 1552 677 dictam
1600 618 1663 677 in
1707 616 1974 678 Buxane
2019 636 2167 679 cum
2214 618 2514 679 omnibus
2560 629 2623 679 et
2671 618 2931 699 singulis
2976 620 3105 680 suis

401 726 652 801 iuribus,
697 729 1190 807 proprietatibus
1254 729 1626 791 utilitatibus
1670 742 1735 790 et
1779 732 2183 810 pertinenciis
2246 732 2531 810 undique
2592 734 2734 805 suiS,
2781 731 3103 812 predictus

401 839 735 901 Ladizlaus
793 860 908 921 per
969 861 1039 903 se
1097 860 1376 924 suosque
1435 842 1704 904 heredes
1773 842 2211 925 heredumque
2264 863 2524 906 suorum
2587 844 2782 917 dedit,
2845 844 3105 906 tradidit

399 962 594 1031 atque
655 953 919 1015 donavit
971 967 1286 1035 perpetuo
1345 968 1410 1018 et
1471 957 1977 1019 inrevocabiliter
2035 958 2335 1037 predictis
2408 958 2731 1020 nobilibus
2792 957 3104 1039 Bogdano

400 1077 462 1128 et
509 1064 849 1141 StanizlaO,
893 1086 1014 1129 nec
1057 1088 1190 1129 non
1251 1068 1522 1149 Stipano
1567 1081 1630 1131 et
1677 1070 2035 1132 Radovano
2083 1070 2166 1131 de
2212 1070 2437 1151 Lapat,
2483 1072 2573 1132 eis
2618 1082 2681 1131 et
2727 1089 2951 1132 eorum
2997 1070 3103 1132 he·-

399 1180 656 1254 redibus
687 1180 1127 1262 heredumque
1157 1180 1534 1265 suorum(!),'
1556 1184 1641 1245 ad
1671 1183 2061 1259 habendum,
2092 1184 2463 1258 tenendum,
2493 1183 2927 1266 gaudendum,
2958 1203 3105 1263 pos-

397 1292 756 1369 sidendum,
802 1294 1085 1375 quandiu
1154 1295 1364 1357 fidelia
1431 1298 1690 1358 servicia
1758 1298 1921 1358 iusta
1980 1308 2044 1359 et
2104 1297 2371 1359 honesta
2419 1300 2534 1376 ipsi
2580 1297 2680 1358 vel
2726 1316 2949 1358 eorum
2996 1297 3105 1359 he-

397 1404 582 1467 redes
643 1406 935 1486 predicto
982 1407 1285 1469 Ladizlao
1332 1418 1396 1469 et
1441 1411 1568 1470 suis
1613 1409 1953 1471 heredibus
1998 1409 2302 1471 exhibere
2368 1409 2681 1471 voluerint
2726 1430 2811 1471 ex
2856 1410 3103 1472 eadem.

401 1518 470 1579 In
515 1520 693 1580 cuius
740 1521 828 1580 rei
875 1523 1313 1583 testimonium
1344 1531 1408 1583 et
1438 1532 1816 1603 perpetuam
1862 1522 2227 1585 firmitatem
2276 1523 2358 1584 de
2404 1535 2631 1605 rogatu
2677 1534 2741 1584 et
2787 1525 3106 1603 peticione

398 1634 683 1710 parcium
745 1632 1178 1712 predictarum
1247 1635 1362 1696 has
1421 1646 1748 1715 presentes
1825 1633 2111 1717 (litteras)
2190 1636 2574 1697 contulimus
2649 1636 2830 1718 sigilli
2907 1639 3105 1698 nostri

399 1743 484 1804 de
529 1744 754 1805 subtus
814 1746 1155 1825 pendentis
1217 1749 1568 1809 munimine
1629 1748 1977 1810 roboratas».
2040 1748 2280 1810 Datum
2329 1747 2518 1809 None
2564 1751 2626 1809 in
2675 1748 2843 1810 dicta
2889 1759 3105 1811 nostra

395 1856 750 1918 kathedrali
781 1860 1044 1920 ecclesia
1091 1863 1290 1921 sancti
1322 1859 1572 1936 Asselli,
1615 1862 1736 1923 sub
1781 1881 1954 1924 anno
2000 1861 2243 1923 domini
2281 1860 2459 1923 M.11.
2480 1860 2548 1926 C.
2568 1861 2641 1923 L.
2660 1860 2834 1924 VIII.
2874 1865 3107 1924 mensis

396 1971 779 2051 septembris
824 1973 929 2033 die
973 1976 1188 2035 tercio.

573 2167 639 2224 [ε
683 2170 974 2242 ιἐυονκοὲ
1002 2169 1312 2246 priJepisa
1367 2168 1614 2246 kaptola
1657 2170 1900 2245 zagreb.
1948 2172 2033 2228 od
2060 2172 2203 2244 god.
2250 2171 2425 2229 1384.
2479 2176 2521 2225 1.
2554 2168 2878 2247 februara
2925 2189 2965 2226 u
3012 2168 3102 2226 kr.

397 2273 524 2329 dri.
591 2292 690 2347 ug.
758 2272 890 2331 ark.
941 2292 982 2331 u
1042 2274 1317 2331 Budimu
1363 2274 1452 2333 M.
1509 2274 1577 2333 O.
1627 2274 1710 2331 D.
1759 2274 1830 2332 L.
1897 2294 1993 2333 no.
2064 2278 2202 2332 474.
2264 2274 2487 2347 (Stura
2546 2274 2706 2348 sign.
2770 2274 2856 2332 N.
2904 2275 2981 2332 R.
3030 2272 3105 2331 A.

395 2379 558 2446 sizsc.
613 2380 750 2434 465.
799 2398 898 2437 no,
949 2374 1099 2451 28.)
1148 2379 1384 2455 Postoji
1441 2380 1616 2454 ovdje
1641 2381 1758 2456 jos*
1797 2380 1824 2437 i
1852 2380 2124 2456 potvra'a
2184 2378 2394 2455 kralja
2459 2379 2865 2453 Sagismunda
2928 2381 3014 2435 od
3042 2398 3107 2453 g.

393 2484 559 2537 1412.
610 2501 694 2539 na
741 2480 942 2539 molbu
1000 2482 1252 2539 Utzlffena
1309 2483 1453 2540 sina
1499 2482 1724 2559 Matije
1767 2486 1845 2541 de
1900 2482 2252 2555 Gomolyan.
2302 2482 2421 2551 (M.
2480 2482 2546 2541 O.
2599 2482 2679 2539 D.
2744 2481 2782 2531 Ῑ.
2856 2484 3103 2539 33332.

403 2588 597 2644 Siara
647 2586 806 2661 sign.
857 2586 943 2643 Ν.
992 2587 1067 2644 R.
1112 2586 1184 2644 A.
1213 2589 1394 2664 fasc,
1432 2590 1573 2647 446.
1607 2607 1702 2646 ne.
1735 2588 1876 2653 14.).
1926 2586 2187 2645 Razlike
2232 2590 2585 2645 naznac‘ene
2627 2606 2703 2645 su
2750 2606 2791 2641 ‚u
2836 2603 3104 2645 namma.

588 2691 832 2750 Wenzel
879 2690 1086 2749 Codex
1126 2692 1276 2768 dipl.
1325 2691 1559 2768 Arpad.
1609 2700 1766 2749 cont.
1830 2692 1953 2751 Vol.
2018 2690 2149 2750 VII.
2205 2694 2556 2748 495—496.
2603 2725 2689 2733 -—
2736 2690 3114 2748 Kukulr'evid

391 2800 548 2873 Reg.
599 2818 693 2856 no,
749 2798 885 2853 759.

1662 3106 1854 3185 619.

391 3302 596 3381 1258,
641 3304 702 3368 5.
751 3298 1082 3367 oktobra..
1134 3300 1193 3365 U
1241 3299 1394 3382 Splj
1403 3300 1548 3365 etu.

391 3508 662 3592 Kaptol
714 3507 1024 3594 sph‘etskz
1089 3507 1247 3592 daje
1307 3505 1637 3580 Draiem‘,
1701 3508 1878 3570 kc‘en
1946 3508 2171 3571 Debre
2230 3507 2570 3570 Ladobela
2616 3529 2709 3570 na
2754 3507 3109 3572 dofiivotno

1112 3619 1430 3705 uit'vanje
1456 3619 1690 3704 jedna
1739 3620 1973 3706 bugnu
2021 3620 2324 3705 (uh'em‘k
2338 3625 2396 3690 P)

569 3813 642 3873 In
689 3815 954 3874 nomine
1000 3814 1201 3873 eterni
1248 3822 1311 3873 et
1359 3813 1592 3873 summi
1641 3812 1744 3874 dei
1790 3832 1999 3874 amen.
2045 3810 2246 3875 Anno
2295 3813 2753 3874 incarnacionis
2822 3813 3109 3874 eiusdem

389 3925 729 3987 millesimo
789 3926 1236 3986 ducentesimo
1287 3927 1816 4008 quinquagesimo
1863 3935 2115 4000 octau0,
2169 3925 2490 3987 indicione
2536 3926 2838 4001 secunda,
2884 3928 3110 4005 quinto

388 4040 497 4101 die
543 4041 820 4100 intrante
878 4041 1144 4114 octubri,
1208 4039 1607 4117 temporibus
1668 4039 1913 4100 domini
1975 4040 2228 4122 Rogerii
2292 4039 2665 4100 venerabilis
2712 4036 3107 4118 Spalatensis

389 4152 870 4232 archiepiscopi,
931 4152 1162 4213 nobilis
1222 4153 1332 4212 viri
1382 4149 1697 4214 Guidonis
1757 4153 2009 4213 comitis
2072 4151 2408 4213 Modrusse
2454 4161 2519 4212 et
2564 4151 2878 4213 Vinodoli
2921 4161 3104 4230 pote-

389 4267 594 4340 statiS‚
634 4263 828 4342 Srece
891 4263 1144 4342 Cacete,
1190 4263 1480 4347 Gregorii
1545 4262 1782 4339 Grube,
1827 4263 2035 4326 Dobri
2097 4264 2375 4342 Dusicce
2442 4264 2737 4326 iudicum.
2782 4263 3107 4327 Dominus

387 4378 682 4440 Thomas
737 4376 1132 4458 Spalatensis
1193 4377 1677 4439 archidiaconus
1741 4396 1888 4439 cum
1950 4397 2213 4440 assensu
2257 4388 2321 4440 et
2366 4378 2698 4440 uoluntate
2752 4380 2957 4440 tocius
3004 4397 3107 4440 ca-

387 4491 571 4570 pituli
619 4490 796 4552 dedit
840 4489 1184 4574 Dragehne
1233 4489 1357 4552 filie
1402 4490 1624 4553 Dobre
1671 4491 1987 4552 Ladobeli
2034 4491 2363 4571 quandam
2408 4492 2692 4575 bugnam
2738 4491 2963 4572 prefati
3005 4511 3111 4554 ca-

389 4603 593 4683 pituli,
626 4623 753 4684 que
799 4616 894 4666 est
940 4603 1165 4666 subtus
1211 4603 1544 4666 ecclesiam
1591 4606 1790 4665 sancti
1837 4601 2102 4666 Andree
2149 4603 2231 4665 de
2280 4603 2335 4666 F
2337 4605 2618 4680 enestris,
2662 4614 2730 4666 ut
2777 4607 2913 4685 ipsa
2962 4623 3110 4668 eam

389 4719 563 4779 bene
621 4719 994 4797 pauimento
1039 4726 1105 4778 et
1149 4717 1284 4778 aliis
1329 4717 1448 4778 sibi
1511 4719 1878 4778 necessariis
1938 4716 2173 4778 debeat
2233 4716 2539 4796 adaptare
2584 4727 2649 4779 et
2694 4736 2897 4794 usque
2943 4717 3111 4779 dum

391 4832 626 4892 vixerit
656 4833 721 4892 in
751 4833 887 4909 ipsa
921 4849 1178 4892 manere
1227 4830 1472 4910 absque
1516 4830 1678 4892 illius
1724 4829 2151 4892 archidiaconi
2185 4830 2287 4891 uel
2320 4829 2576 4910 capituli
2612 4830 2825 4912 aliqua
2855 4839 3107 4892 contra-

392 4945 693 5006 dictione.
727 4944 850 5004 Pro
897 4946 1073 5005 cuius
1115 4945 1427 5024 pensione
1459 4953 1610 5005 octo
1641 4943 1882 5005 solidos
1928 4942 2338 5005 denariorum
2384 4962 2733 5023 paruorum
2782 4945 3111 5008 annuatim

577 5155 594 5184 ¹
633 5153 804 5208 ocito
842 5153 933 5206 sali
974 5154 1416 5218 successoribuS‚
1455 5153 1548 5206 sto
1585 5154 1828 5221 potvrda
1864 5153 1993 5206 ima.
