3797 5795
1901 423 1973 430 -
2041 386 2298 450 320-

2007 680 2198 760 809.

744 869 947 934 1264.
995 870 1055 935 u
1100 845 1372 936 cazani.

754 1057 932 1121 Pred
976 1061 1426 1124 Cazmanskz'm
1474 1064 1809 1146 kaptolom
1852 1064 2149 1149 prodaju
2193 1062 2426 1127 st-'novc'
2471 1063 2793 1148 Vosinovz'
2809 1061 3200 1147 podlot'int'ci
3219 1061 3456 1146 gratia

1544 1175 1795 1239 Garz‘c‘a
1841 1177 2038 1261 svoju
2086 1177 2330 1260 zemlju
2398 1177 2459 1237 V
2453 1175 2648 1239 uffetz'.

916 1365 1055 1427 Nos
1084 1367 1432 1445 capitulum
1475 1366 1881 1430 Chasmensis
1913 1369 2179 1430 ecclesie
2225 1368 2652 1450 significamus
2697 1369 2997 1428 omnibus
3040 1367 3448 1446 presencium

742 1497 854 1556 per
914 1488 1220 1554 tenorem,
1282 1481 1459 1559 quod
1528 1483 1852 1542 constituti
1922 1500 2140 1542 coram
2203 1482 2389 1542 nobis
2455 1481 2871 1560 personaliter
2933 1481 3015 1540 ab
3075 1499 3200 1541 una
3263 1492 3450 1559 parte

746 1591 1038 1652 chhete
1084 1592 1245 1654 filius
1290 1641 1546 1654 .....
1562 1595 1580 1631 ²
1626 1594 1709 1654 ab
1755 1594 1950 1655 altera
1999 1614 2150 1654 uero
2185 1595 2464 1672 Voynch
2495 1605 2558 1654 et
2593 1591 2850 1656 Chuerk
2880 1593 2986 1654 filii
3020 1593 3216 1671 Voyn
3265 1593 3456 1652 ioba-

742 1705 964 1786 giones
1008 1707 1189 1766 castri
1223 1706 1305 1767 de
1337 1705 1572 1788 Garyg‚
1619 1708 1821 1787 quiet
1855 1707 2126 1768 confessi
2173 1719 2337 1781 sunt,
2385 1707 2561 1785 quod
2611 1725 2806 1768 unam
2853 1707 3228 1785 particulam
3277 1717 3450 1766 terre

743 1819 1025 1895 ipsorum
1072 1838 1189 1898 pro
1237 1822 1519 1898 quinque
1583 1822 1809 1881 mareis
1863 1823 1992 1881 iam
2055 1823 2333 1898 acceptis
2393 1820 2604 1881 eidem
2669 1820 2966 1881 VVlchete
3028 1829 3092 1880 et
3151 1821 3282 1879 suis
3339 1837 3453 1897 per

741 1949 890 1991 eum
953 1933 1424 1993 successoribus
1489 1934 1924 1994 uendidissent
1989 1934 2120 1993 iure
2180 1944 2493 2012 perpetuo
2554 1932 3033 2012 possidendam.
3097 1930 3203 1992 Ad
3249 1950 3450 2010 quarn

742 2053 974 2105 terram
1020 2045 1549 2106 reambulandam
1595 2067 1712 2124 pro
1759 2047 2083 2128 signandis
2129 2049 2316 2106 metis
2347 2056 2409 2106 et
2442 2045 2757 2127 erigendis
2791 2048 3078 2106 misimus
3109 2045 3447 2105 hominem

744 2169 1051 2232 nostrum,
1098 2163 1203 2237 qui
1251 2159 1334 2218 ad
1382 2179 1500 2220 nos
1546 2160 1808 2220 tandem
1856 2160 2107 2220 rediens
2155 2172 2359 2220 metas
2404 2161 2596 2237 ipsius
2643 2169 2805 2219 terre
2836 2157 3101 2237 pacifice
3132 2168 3197 2218 et
3229 2159 3452 2232 quiete

740 2283 999 2346 erecta5‚
1044 2275 1179 2332 sine
1225 2273 1742 2333 contradiccione
1788 2275 2078 2333 omnium
2126 2275 2479 2334 uicinorum
2528 2284 2590 2332 et
2637 2282 3079 2352 cognatorum,
3111 2271 3274 2330 dixit
3309 2289 3448 2330 esse

739 2385 913 2446 tales
981 2385 1187 2446 Prima
1250 2397 1421 2446 meta
1476 2387 1692 2464 incipit
1737 2386 1822 2446 ab
1868 2387 2112 2447 oriente
2177 2389 2352 2446 iuxta
2413 2403 2656 2455 nemus
2703 2385 2808 2444 ubi
2879 2395 2976 2446 est
3035 2384 3228 2444 arbor
3291 2401 3446 2464 egur

742 2517 929 2559 cruce
988 2501 1233 2580 signata
1278 2511 1341 2559 et
1390 2509 1563 2560 meta
1625 2510 1827 2560 terrea
1873 2499 2252 2560 circumfusa
2300 2501 2477 2558 iuxta
2525 2508 2758 2558 terram
2819 2497 3177 2558 eorundem
3224 2495 3446 2557 uendi-

742 2623 950 2672 torum
1015 2632 1127 2690 per
1188 2613 1364 2691 quod
1428 2631 1653 2672 nemus
1713 2612 1889 2673 uadit
1936 2613 2018 2672 ad
2065 2613 2360 2672 arborem
2410 2610 2500 2672 tul
2548 2629 2734 2672 cruce
2797 2613 3112 2692 signatam
3160 2621 3224 2671 et
3273 2623 3444 2669 meta

741 2736 943 2785 terrea
1003 2726 1479 2799 circumfusam;
1541 2726 1690 2786 inde
1750 2725 2024 2786 declinat
2070 2725 2153 2785 ad
2202 2743 2505 2805 magnam
2573 2727 2744 2784 uiam
2807 2727 2982 2783 iuxta
3047 2740 3243 2800 quam
3306 2731 3448 2782 sunt

741 2837 867 2899 due
911 2849 1113 2900 tei-ree
1158 2849 1359 2913 mete;
1404 2839 1487 2899 ibi
1535 2839 1897 2918 relinquens
1945 2841 2146 2918 ipsam
2179 2839 2350 2899 uiam
2381 2837 2586 2899 tendit
2617 2836 2701 2897 ad
2732 2849 2945 2916 partes
2993 2835 3442 2897 meridionales

740 2962 803 3012 et
851 2955 1022 3014 uenit
1066 2952 1150 3012 ad
1196 2953 1489 3013 arborem
1538 2953 1799 3013 beretne
1847 2971 2032 3013 cruce
2078 2954 2392 3033 signatam
2428 2963 2489 3012 et
2523 2960 2694 3012 meta
2726 2968 2927 3011 terrea
2975 2948 3443 3021 circumfusam,

740 3066 889 3126 inde
948 3068 1121 3126 uenit
1166 3065 1248 3126 ad
1298 3064 1559 3127 fluuium
1630 3066 1898 3127 Platerni
1949 3065 2053 3126 ubi
2103 3076 2248 3126 sunt
2311 3065 2437 3125 due
2505 3064 2782 3137 arbores,
2843 3082 3112 3143 quarum
3163 3081 3290 3122 una
3355 3073 3445 3121 est

740 3178 879 3239 ihor
923 3189 985 3238 et
1030 3178 1227 3239 altera
1287 3188 1557 3260 gyurtan
1606 3198 1790 3239 cruce
1836 3181 2081 3260 signate
2128 3190 2190 3238 ct
2238 3190 2412 3238 meta
2474 3188 2677 3238 terrea
2723 3177 3119 3249 circumfuse‚
3165 3175 3252 3236 ibi
3299 3176 3444 3235 uici-

741 3304 924 3351 natur
986 3301 1150 3352 terre
1210 3290 1473 3372 Drugan
1529 3304 1593 3351 et
1648 3303 1811 3351 terre
1860 3290 2063 3363 Iwan;
2137 3290 2286 3351 inde
2347 3310 2460 3369 per
2506 3290 2784 3351 eundem
2833 3290 3096 3350 fluuium
3169 3288 3437 3349 Platerni

741 3406 917 3464 iuxta
948 3413 1179 3464 terram
1212 3404 1359 3464 dicti
1392 3403 1657 3485 Drugan
1703 3404 1978 3465 declinat
2009 3404 2093 3464 ad
2123 3414 2373 3482 partem
2419 3402 2882 3463 occidentalem
2916 3416 2979 3463 ct
3011 3420 3126 3481 per
3158 3401 3433 3462 eundem

742 3516 1011 3577 Platerni
1059 3517 1228 3578 cadit
1287 3518 1350 3577 in
1410 3515 1771 3586 Chasmam,
1819 3518 1902 3576 ibi
1951 3518 2267 3595 reliquens
2314 3528 2546 3577 terram
2594 3515 2858 3597 Drugan
2906 3518 3215 3575 uicinatur
3279 3526 3437 3575 terre

743 3632 1019 3710 magistri
1090 3630 1308 3708 Moys;
1368 3630 1518 3689 inde
1565 3640 1785 3690 contra
1831 3629 2110 3690 eundem
2173 3628 2436 3689 fluuium
2485 3627 2761 3693 Chasma
2807 3631 2980 3689 uenit
3043 3630 3332 3707 superius
3379 3630 3433 3687 in

744 3760 979 3823 magno
1039 3745 1255 3821 spacio
1324 3742 1405 3803 ad
1473 3744 1765 3803 arborem
1828 3742 2055 3803 keures
2115 3762 2300 3803 cruce
2361 3744 2709 3824 signatam;
2772 3742 2920 3802 inde
2982 3742 3208 3802 iterum
3269 3741 3440 3801 uenit

740 3855 821 3915 ad
885 3856 1159 3933 priorem
1232 3868 1469 3916 metam
1531 3870 1593 3915 et
1654 3855 1891 3916 ibidem
1962 3858 2352 3916 terminatur.
2418 3856 2487 3916 In
2551 3859 2727 3916 cuius
2785 3857 2872 3915 rei
2936 3856 3318 3914 memoriam
3381 3863 3440 3912 et

739 3968 934 4027 robur
980 3980 1225 4028 nostras
1272 3968 1507 4028 litteras
1546 3968 1932 4029 contulimus
1977 3977 2198 4027 nostro
2230 3968 2434 4049 sigillo
2480 3970 2923 4028 communitas
2973 3966 3216 4027 Datum
3263 3984 3434 4027 anno

741 4080 985 4141 domini
1033 4079 1367 4141 millesimo
1413 4080 1854 4141 ducentesimo
1901 4083 2304 4160 sexagesimo
2351 4090 2594 4158 quartO.

927 4274 1225 4346 Original
1262 4294 1295 4329 s
1338 4272 1553 4348 kcy'ega
1600 4276 1725 4329 visi
1767 4294 1850 4330 na
1897 4276 2148 4348 crve’noj
2188 4274 2452 4349 sm'lenoj
2493 4274 2669 4330 vrvce'
2715 4280 2897 4343 pedat
2939 4293 2979 4328 u
3027 4272 3252 4328 arkivu
3297 4271 3440 4327 kne-

741 4398 885 4435 30va
933 4378 1280 4449 Batthya'mz
1330 4398 1368 4434 n
1416 4378 1773 4434 Ko'rmendu
1820 4378 1891 4434 Α.
1957 4378 2016 4435 V.
2069 4378 2139 4433 L.
2191 4378 2240 4434 l.
2293 4397 2385 4434 no.
2442 4382 2526 4431 41.
2870 4440 2880 4451 .

933 4482 1175 4539 {Venzel
1224 4482 1363 4539 Cod.
1410 4482 1559 4557 dipl.
1609 4479 1845 4557 Arpacz'.
1892 4490 2044 4538 cont.
2093 4482 2260 4539 Vlll.
2298 4486 2426 4539 108.
2459 4516 2543 4522 —
2575 4480 2954 4556 .Kukulje·v1‘c'
2995 4482 3139 4554 Re‘g.
3173 4500 3268 4537 no,
3305 4484 3436 4538 878.

922 4944 935 4973 ¹
972 4943 1236 5009 Potpuno
1274 4944 1578 5012 izblijedilo
1620 4960 1653 4995 u
1692 4944 1970 5013 originalu
2013 4946 2026 4995 i
2067 4944 2367 5013 necitljivo.
