<?xml version="1.0" encoding="UTF-8"?>
<!DOCTYPE html PUBLIC "-//W3C//DTD XHTML 1.0 Transitional//EN"
    "http://www.w3.org/TR/xhtml1/DTD/xhtml1-transitional.dtd">
<html xmlns="http://www.w3.org/1999/xhtml" xml:lang="en" lang="en">
 <head>
  <title>
</title>
<meta http-equiv="Content-Type" content="text/html;charset=utf-8" />
  <meta name='ocr-system' content='tesseract 3.04.00' />
  <meta name='ocr-capabilities' content='ocr_page ocr_carea ocr_par ocr_line ocrx_word'/>
</head>
<body>
  <div class='ocr_page' id='page_1' title='image "./codexdiplomatic00umjegoog_0101.png"; bbox 0 0 3797 5795; ppageno 0'>
   <div class='ocr_carea' id='block_1_1' title="bbox 1781 394 2145 455">
    <p class='ocr_par' dir='ltr' id='par_1_1' title="bbox 1781 394 2145 455">
     <span class='ocr_line' id='line_1_1' title="bbox 1781 394 2145 455; baseline 0 -20"><span class='ocrx_word' id='word_1_1' title='bbox 1781 394 2145 455; x_wconf 64' lang='grc'>-88-</span> 
     </span>
    </p>
   </div>
   <div class='ocr_carea' id='block_1_2' title="bbox 589 583 3315 3261">
    <p class='ocr_par' dir='ltr' id='par_1_2' title="bbox 594 583 3315 2579">
     <span class='ocr_line' id='line_1_2' title="bbox 608 583 3315 663; baseline -0.003 -18"><span class='ocrx_word' id='word_1_2' title='bbox 608 594 674 645; x_wconf 91' lang='lat' dir='ltr'>et</span> <span class='ocrx_word' id='word_1_3' title='bbox 720 584 1003 645; x_wconf 87' lang='lat' dir='ltr'>nobilem</span> <span class='ocrx_word' id='word_1_4' title='bbox 1048 586 1257 645; x_wconf 89' lang='lat' dir='ltr'>uirum</span> <span class='ocrx_word' id='word_1_5' title='bbox 1307 594 1636 663; x_wconf 84' lang='lat' dir='ltr'><strong>tamquam</strong></span> <span class='ocrx_word' id='word_1_6' title='bbox 1699 584 2208 644; x_wconf 87' lang='lat' dir='ltr'>inarbitratorem</span> <span class='ocrx_word' id='word_1_7' title='bbox 2258 597 2320 644; x_wconf 92' lang='lat' dir='ltr'>et</span> <span class='ocrx_word' id='word_1_8' title='bbox 2366 583 2771 644; x_wconf 79' lang='lat' dir='ltr'>amicabilem</span> <span class='ocrx_word' id='word_1_9' title='bbox 2832 583 3315 660; x_wconf 88' lang='lat' dir='ltr'>conpositorem</span> 
     </span>
     <span class='ocr_line' id='line_1_3' title="bbox 606 694 3311 775; baseline -0.003 -16"><span class='ocrx_word' id='word_1_10' title='bbox 606 712 755 759; x_wconf 89' lang='lat' dir='ltr'>cum</span> <span class='ocrx_word' id='word_1_11' title='bbox 787 697 1056 758; x_wconf 88' lang='lat' dir='ltr'>domino</span> <span class='ocrx_word' id='word_1_12' title='bbox 1104 698 1298 758; x_wconf 89' lang='lat' dir='ltr'>Pasca</span> <span class='ocrx_word' id='word_1_13' title='bbox 1333 696 1670 759; x_wconf 86' lang='lat' dir='ltr'>Uaricasso</span> <span class='ocrx_word' id='word_1_14' title='bbox 1709 698 1951 771; x_wconf 84' lang='lat' dir='ltr'>nunti0‚</span> <span class='ocrx_word' id='word_1_15' title='bbox 1997 706 2425 775; x_wconf 83' lang='lat' dir='ltr'>procuratore,</span> <span class='ocrx_word' id='word_1_16' title='bbox 2469 695 2714 757; x_wconf 89' lang='lat' dir='ltr'>sindico</span> <span class='ocrx_word' id='word_1_17' title='bbox 2746 705 2811 756; x_wconf 90' lang='lat' dir='ltr'>et</span> <span class='ocrx_word' id='word_1_18' title='bbox 2841 694 3311 755; x_wconf 85' lang='lat' dir='ltr'>ambasciatore</span> 
     </span>
     <span class='ocr_line' id='line_1_4' title="bbox 610 806 3313 890; baseline -0.002 -21"><span class='ocrx_word' id='word_1_19' title='bbox 610 812 972 871; x_wconf 89' lang='lat' dir='ltr'>communis</span> <span class='ocrx_word' id='word_1_20' title='bbox 1029 810 1274 890; x_wconf 88' lang='lat' dir='ltr'>Jadere‚</span> <span class='ocrx_word' id='word_1_21' title='bbox 1341 821 1532 889; x_wconf 90' lang='lat' dir='ltr'>prout</span> <span class='ocrx_word' id='word_1_22' title='bbox 1613 811 1975 870; x_wconf 85' lang='lat' dir='ltr'>continetur</span> <span class='ocrx_word' id='word_1_23' title='bbox 2022 811 2086 869; x_wconf 89' lang='lat' dir='ltr'>in</span> <span class='ocrx_word' id='word_1_24' title='bbox 2132 808 2373 869; x_wconf 87' lang='lat' dir='ltr'>cartula</span> <span class='ocrx_word' id='word_1_25' title='bbox 2432 808 2825 887; x_wconf 89' lang='lat' dir='ltr'>infrascripta</span> <span class='ocrx_word' id='word_1_26' title='bbox 2886 852 3140 867; x_wconf 91' lang='grc'><strong>.....</strong></span> <span class='ocrx_word' id='word_1_27' title='bbox 3185 806 3313 865; x_wconf 89' lang='lat' dir='ltr'>cati</span> 
     </span>
     <span class='ocr_line' id='line_1_5' title="bbox 608 920 3313 1003; baseline -0.001 -20"><span class='ocrx_word' id='word_1_28' title='bbox 608 924 831 983; x_wconf 88' lang='lat' dir='ltr'>notarii</span> <span class='ocrx_word' id='word_1_29' title='bbox 879 942 996 1003; x_wconf 93' lang='lat' dir='ltr'>pro</span> <span class='ocrx_word' id='word_1_30' title='bbox 1043 926 1183 1002; x_wconf 90' lang='lat' dir='ltr'>ipso</span> <span class='ocrx_word' id='word_1_31' title='bbox 1252 924 1577 984; x_wconf 90' lang='lat' dir='ltr'>communi</span> <span class='ocrx_word' id='word_1_32' title='bbox 1649 933 1712 983; x_wconf 93' lang='lat' dir='ltr'>et</span> <span class='ocrx_word' id='word_1_33' title='bbox 1775 925 1907 983; x_wconf 89' lang='lat' dir='ltr'>eius</span> <span class='ocrx_word' id='word_1_34' title='bbox 1964 925 2383 995; x_wconf 87' lang='lat' dir='ltr'><strong>universitate,</strong></span> <span class='ocrx_word' id='word_1_35' title='bbox 2453 932 2519 982; x_wconf 91' lang='lat' dir='ltr'>ut</span> <span class='ocrx_word' id='word_1_36' title='bbox 2592 920 2896 999; x_wconf 89' lang='lat' dir='ltr'>quicquid</span> <span class='ocrx_word' id='word_1_37' title='bbox 2966 921 3127 979; x_wconf 89' lang='lat' dir='ltr'>inter</span> <span class='ocrx_word' id='word_1_38' title='bbox 3193 936 3313 979; x_wconf 88' lang='lat' dir='ltr'>eos</span> 
     </span>
     <span class='ocr_line' id='line_1_6' title="bbox 607 1033 3309 1102; baseline -0.002 -6"><span class='ocrx_word' id='word_1_39' title='bbox 607 1035 778 1096; x_wconf 90' lang='lat' dir='ltr'>idem</span> <span class='ocrx_word' id='word_1_40' title='bbox 824 1035 1124 1098; x_wconf 90' lang='lat' dir='ltr'>dominus</span> <span class='ocrx_word' id='word_1_41' title='bbox 1189 1035 1414 1099; x_wconf 86' lang='lat' dir='ltr'>Simon</span> <span class='ocrx_word' id='word_1_42' title='bbox 1478 1036 1708 1097; x_wconf 80' lang='lat' dir='ltr'>dixerit</span> <span class='ocrx_word' id='word_1_43' title='bbox 1769 1046 1833 1096; x_wconf 93' lang='lat' dir='ltr'>et</span> <span class='ocrx_word' id='word_1_44' title='bbox 1881 1035 2231 1097; x_wconf 87' lang='lat' dir='ltr'>laudauerit</span> <span class='ocrx_word' id='word_1_45' title='bbox 2298 1045 2361 1095; x_wconf 91' lang='lat' dir='ltr'>et</span> <span class='ocrx_word' id='word_1_46' title='bbox 2430 1035 2767 1095; x_wconf 82' lang='lat' dir='ltr'>arbitratus</span> <span class='ocrx_word' id='word_1_47' title='bbox 2842 1033 3045 1102; x_wconf 85' lang='lat' dir='ltr'>suerit,</span> <span class='ocrx_word' id='word_1_48' title='bbox 3098 1042 3309 1093; x_wconf 89' lang='lat' dir='ltr'>ratum</span> 
     </span>
     <span class='ocr_line' id='line_1_7' title="bbox 605 1147 3311 1229; baseline -0.001 -21"><span class='ocrx_word' id='word_1_49' title='bbox 605 1148 873 1209; x_wconf 89' lang='lat' dir='ltr'>habetur</span> <span class='ocrx_word' id='word_1_50' title='bbox 939 1166 1128 1226; x_wconf 87' lang='lat' dir='ltr'>super</span> <span class='ocrx_word' id='word_1_51' title='bbox 1173 1148 1473 1209; x_wconf 86' lang='lat' dir='ltr'>omnibus</span> <span class='ocrx_word' id='word_1_52' title='bbox 1519 1159 1582 1209; x_wconf 91' lang='lat' dir='ltr'>et</span> <span class='ocrx_word' id='word_1_53' title='bbox 1626 1168 1744 1227; x_wconf 88' lang='lat' dir='ltr'>pro</span> <span class='ocrx_word' id='word_1_54' title='bbox 1791 1148 2093 1209; x_wconf 89' lang='lat' dir='ltr'>omnibus</span> <span class='ocrx_word' id='word_1_55' title='bbox 2151 1147 2330 1209; x_wconf 87' lang='lat' dir='ltr'>factis</span> <span class='ocrx_word' id='word_1_56' title='bbox 2390 1156 2453 1208; x_wconf 91' lang='lat' dir='ltr'>et</span> <span class='ocrx_word' id='word_1_57' title='bbox 2515 1148 2785 1229; x_wconf 87' lang='lat' dir='ltr'>negotiis</span> <span class='ocrx_word' id='word_1_58' title='bbox 2850 1156 2981 1207; x_wconf 92' lang='lat' dir='ltr'>tam</span> <span class='ocrx_word' id='word_1_59' title='bbox 3046 1162 3311 1227; x_wconf 87' lang='lat' dir='ltr'>genera-</span> 
     </span>
     <span class='ocr_line' id='line_1_8' title="bbox 605 1257 3311 1341; baseline -0.001 -21"><span class='ocrx_word' id='word_1_60' title='bbox 605 1261 769 1321; x_wconf 87' lang='lat' dir='ltr'>libus</span> <span class='ocrx_word' id='word_1_61' title='bbox 816 1280 1010 1339; x_wconf 87' lang='lat' dir='ltr'>quam</span> <span class='ocrx_word' id='word_1_62' title='bbox 1057 1261 1435 1340; x_wconf 85' lang='lat' dir='ltr'>specialibus</span> <span class='ocrx_word' id='word_1_63' title='bbox 1481 1263 1842 1321; x_wconf 88' lang='lat' dir='ltr'>communis</span> <span class='ocrx_word' id='word_1_64' title='bbox 1887 1261 2180 1334; x_wconf 86' lang='lat' dir='ltr'>Ancone,</span> <span class='ocrx_word' id='word_1_65' title='bbox 2212 1280 2337 1341; x_wconf 91' lang='lat' dir='ltr'>que</span> <span class='ocrx_word' id='word_1_66' title='bbox 2370 1260 2616 1321; x_wconf 88' lang='lat' dir='ltr'>dictum</span> <span class='ocrx_word' id='word_1_67' title='bbox 2655 1277 3001 1320; x_wconf 89' lang='lat' dir='ltr'>commune</span> <span class='ocrx_word' id='word_1_68' title='bbox 3033 1257 3311 1322; x_wconf 89' lang='lat' dir='ltr'>Ancone</span> 
     </span>
     <span class='ocr_line' id='line_1_9' title="bbox 602 1368 3303 1453; baseline -0.001 -19"><span class='ocrx_word' id='word_1_69' title='bbox 602 1384 665 1434; x_wconf 92' lang='lat' dir='ltr'>et</span> <span class='ocrx_word' id='word_1_70' title='bbox 711 1374 998 1453; x_wconf 86' lang='lat' dir='ltr'>specialis</span> <span class='ocrx_word' id='word_1_71' title='bbox 1042 1392 1316 1453; x_wconf 88' lang='lat' dir='ltr'>persona</span> <span class='ocrx_word' id='word_1_72' title='bbox 1363 1374 1446 1435; x_wconf 87' lang='lat' dir='ltr'>de</span> <span class='ocrx_word' id='word_1_73' title='bbox 1477 1373 1752 1436; x_wconf 86' lang='lat' dir='ltr'>Ancona</span> <span class='ocrx_word' id='word_1_74' title='bbox 1799 1385 2036 1453; x_wconf 87' lang='lat' dir='ltr'>petere,</span> <span class='ocrx_word' id='word_1_75' title='bbox 2080 1374 2291 1435; x_wconf 83' lang='lat' dir='ltr'>dicere</span> <span class='ocrx_word' id='word_1_76' title='bbox 2338 1385 2401 1434; x_wconf 90' lang='lat' dir='ltr'>et</span> <span class='ocrx_word' id='word_1_77' title='bbox 2440 1392 2702 1434; x_wconf 88' lang='lat' dir='ltr'>mouere</span> <span class='ocrx_word' id='word_1_78' title='bbox 2746 1368 3076 1453; x_wconf 86' lang='lat' dir='ltr'>pousset(!)</span> <span class='ocrx_word' id='word_1_79' title='bbox 3124 1388 3303 1431; x_wconf 89' lang='lat' dir='ltr'>com-</span> 
     </span>
     <span class='ocr_line' id='line_1_10' title="bbox 604 1486 3307 1568; baseline -0.002 -21"><span class='ocrx_word' id='word_1_80' title='bbox 604 1488 778 1548; x_wconf 89' lang='lat' dir='ltr'>muni</span> <span class='ocrx_word' id='word_1_81' title='bbox 825 1497 887 1547; x_wconf 85' lang='lat' dir='ltr'>et</span> <span class='ocrx_word' id='word_1_82' title='bbox 934 1497 1156 1548; x_wconf 87' lang='lat' dir='ltr'>contra</span> <span class='ocrx_word' id='word_1_83' title='bbox 1203 1507 1547 1549; x_wconf 90' lang='lat' dir='ltr'>commune</span> <span class='ocrx_word' id='word_1_84' title='bbox 1603 1486 1831 1568; x_wconf 85' lang='lat' dir='ltr'>Jadere</span> <span class='ocrx_word' id='word_1_85' title='bbox 1877 1498 1941 1548; x_wconf 89' lang='lat' dir='ltr'>et</span> <span class='ocrx_word' id='word_1_86' title='bbox 1987 1507 2023 1548; x_wconf 91' lang='lat' dir='ltr'>e</span> <span class='ocrx_word' id='word_1_87' title='bbox 2070 1506 2400 1559; x_wconf 69' lang='lat' dir='ltr'>conum-50,</span> <span class='ocrx_word' id='word_1_88' title='bbox 2464 1505 2591 1565; x_wconf 92' lang='lat' dir='ltr'>que</span> <span class='ocrx_word' id='word_1_89' title='bbox 2652 1486 2891 1547; x_wconf 89' lang='lat' dir='ltr'>dictum</span> <span class='ocrx_word' id='word_1_90' title='bbox 2956 1502 3307 1545; x_wconf 90' lang='lat' dir='ltr'>commune</span> 
     </span>
     <span class='ocr_line' id='line_1_11' title="bbox 594 1595 3301 1680; baseline -0.001 -21"><span class='ocrx_word' id='word_1_91' title='bbox 594 1598 823 1680; x_wconf 87' lang='lat' dir='ltr'>Jadere</span> <span class='ocrx_word' id='word_1_92' title='bbox 868 1610 930 1660; x_wconf 85' lang='lat' dir='ltr'>et</span> <span class='ocrx_word' id='word_1_93' title='bbox 977 1601 1263 1678; x_wconf 89' lang='lat' dir='ltr'>specialis</span> <span class='ocrx_word' id='word_1_94' title='bbox 1303 1620 1576 1679; x_wconf 89' lang='lat' dir='ltr'>persona</span> <span class='ocrx_word' id='word_1_95' title='bbox 1622 1601 1704 1661; x_wconf 90' lang='lat' dir='ltr'>de</span> <span class='ocrx_word' id='word_1_96' title='bbox 1744 1600 1974 1680; x_wconf 89' lang='lat' dir='ltr'>Jadera</span> <span class='ocrx_word' id='word_1_97' title='bbox 2019 1610 2254 1680; x_wconf 77' lang='lat' dir='ltr'>petere,</span> <span class='ocrx_word' id='word_1_98' title='bbox 2300 1600 2509 1661; x_wconf 86' lang='lat' dir='ltr'>dicere</span> <span class='ocrx_word' id='word_1_99' title='bbox 2555 1609 2619 1660; x_wconf 89' lang='lat' dir='ltr'>et</span> <span class='ocrx_word' id='word_1_100' title='bbox 2664 1618 2925 1659; x_wconf 89' lang='lat' dir='ltr'>mouere</span> <span class='ocrx_word' id='word_1_101' title='bbox 2970 1595 3301 1678; x_wconf 68' lang='lat' dir='ltr'>poussetss)</span> 
     </span>
     <span class='ocr_line' id='line_1_12' title="bbox 602 1709 3299 1789; baseline -0.001 -16"><span class='ocrx_word' id='word_1_102' title='bbox 602 1715 929 1773; x_wconf 89' lang='lat' dir='ltr'>communi</span> <span class='ocrx_word' id='word_1_103' title='bbox 996 1723 1058 1772; x_wconf 92' lang='lat' dir='ltr'>et</span> <span class='ocrx_word' id='word_1_104' title='bbox 1121 1723 1342 1773; x_wconf 89' lang='lat' dir='ltr'>contra</span> <span class='ocrx_word' id='word_1_105' title='bbox 1409 1732 1756 1773; x_wconf 87' lang='lat' dir='ltr'>commune</span> <span class='ocrx_word' id='word_1_106' title='bbox 1825 1713 1907 1773; x_wconf 92' lang='lat' dir='ltr'>de</span> <span class='ocrx_word' id='word_1_107' title='bbox 1974 1712 2250 1775; x_wconf 87' lang='lat' dir='ltr'>Ancona</span> <span class='ocrx_word' id='word_1_108' title='bbox 2322 1732 2521 1789; x_wconf 90' lang='lat' dir='ltr'>usque</span> <span class='ocrx_word' id='word_1_109' title='bbox 2590 1715 2651 1773; x_wconf 92' lang='lat' dir='ltr'>in</span> <span class='ocrx_word' id='word_1_110' title='bbox 2720 1711 3058 1772; x_wconf 88' lang='lat' dir='ltr'>odiernum</span> <span class='ocrx_word' id='word_1_111' title='bbox 3126 1709 3299 1770; x_wconf 89' lang='lat' dir='ltr'>diem</span> 
     </span>
     <span class='ocr_line' id='line_1_13' title="bbox 599 1824 3297 1907; baseline -0 -24"><span class='ocrx_word' id='word_1_112' title='bbox 599 1834 848 1886; x_wconf 89' lang='lat' dir='ltr'>tantum</span> <span class='ocrx_word' id='word_1_113' title='bbox 882 1835 944 1886; x_wconf 89' lang='lat' dir='ltr'>et</span> <span class='ocrx_word' id='word_1_114' title='bbox 977 1826 1168 1885; x_wconf 87' lang='lat' dir='ltr'>etiam</span> <span class='ocrx_word' id='word_1_115' title='bbox 1201 1825 1285 1886; x_wconf 93' lang='lat' dir='ltr'>ad</span> <span class='ocrx_word' id='word_1_116' title='bbox 1316 1826 1778 1905; x_wconf 87' lang='lat' dir='ltr'>quietationem</span> <span class='ocrx_word' id='word_1_117' title='bbox 1825 1824 2245 1907; x_wconf 83' lang='lat' dir='ltr'>satiendam(!)</span> <span class='ocrx_word' id='word_1_118' title='bbox 2294 1836 2357 1887; x_wconf 92' lang='lat' dir='ltr'>et</span> <span class='ocrx_word' id='word_1_119' title='bbox 2388 1825 2817 1905; x_wconf 87' lang='lat' dir='ltr'>recipiendam</span> <span class='ocrx_word' id='word_1_120' title='bbox 2864 1825 2949 1885; x_wconf 89' lang='lat' dir='ltr'>de</span> <span class='ocrx_word' id='word_1_121' title='bbox 2994 1824 3297 1884; x_wconf 90' lang='lat' dir='ltr'>omnibus</span> 
     </span>
     <span class='ocr_line' id='line_1_14' title="bbox 600 1936 3299 2021; baseline -0.001 -23"><span class='ocrx_word' id='word_1_122' title='bbox 600 1946 664 1998; x_wconf 90' lang='lat' dir='ltr'>et</span> <span class='ocrx_word' id='word_1_123' title='bbox 707 1938 968 2019; x_wconf 85' lang='lat' dir='ltr'>singulis</span> <span class='ocrx_word' id='word_1_124' title='bbox 1013 1938 1388 2019; x_wconf 87' lang='lat' dir='ltr'>supradictis</span> <span class='ocrx_word' id='word_1_125' title='bbox 1432 1949 1496 1999; x_wconf 92' lang='lat' dir='ltr'>et</span> <span class='ocrx_word' id='word_1_126' title='bbox 1527 1939 1612 2000; x_wconf 87' lang='lat' dir='ltr'>ad</span> <span class='ocrx_word' id='word_1_127' title='bbox 1645 1940 1860 2000; x_wconf 86' lang='lat' dir='ltr'>omnia</span> <span class='ocrx_word' id='word_1_128' title='bbox 1892 1950 1955 1999; x_wconf 90' lang='lat' dir='ltr'>et</span> <span class='ocrx_word' id='word_1_129' title='bbox 1989 1938 2233 2021; x_wconf 87' lang='lat' dir='ltr'>singula</span> <span class='ocrx_word' id='word_1_130' title='bbox 2279 1940 2473 1999; x_wconf 93' lang='lat' dir='ltr'>libere</span> <span class='ocrx_word' id='word_1_131' title='bbox 2504 1950 2568 1999; x_wconf 94' lang='lat' dir='ltr'>et</span> <span class='ocrx_word' id='word_1_132' title='bbox 2599 1937 2974 2020; x_wconf 86' lang='lat' dir='ltr'>generaliter</span> <span class='ocrx_word' id='word_1_133' title='bbox 3008 1936 3299 1998; x_wconf 83' lang='lat' dir='ltr'>facienda</span> 
     </span>
     <span class='ocr_line' id='line_1_15' title="bbox 599 2049 3291 2131; baseline -0.001 -20"><span class='ocrx_word' id='word_1_134' title='bbox 599 2050 1046 2128; x_wconf 87' lang='lat' dir='ltr'>pertractanda</span> <span class='ocrx_word' id='word_1_135' title='bbox 1091 2061 1154 2111; x_wconf 92' lang='lat' dir='ltr'>et</span> <span class='ocrx_word' id='word_1_136' title='bbox 1199 2052 1700 2131; x_wconf 89' lang='lat' dir='ltr'>perconplenda,</span> <span class='ocrx_word' id='word_1_137' title='bbox 1762 2070 1887 2130; x_wconf 86' lang='lat' dir='ltr'>que</span> <span class='ocrx_word' id='word_1_138' title='bbox 1949 2054 2010 2112; x_wconf 91' lang='lat' dir='ltr'>in</span> <span class='ocrx_word' id='word_1_139' title='bbox 2072 2051 2371 2131; x_wconf 85' lang='lat' dir='ltr'>predictis</span> <span class='ocrx_word' id='word_1_140' title='bbox 2416 2066 2480 2113; x_wconf 91' lang='lat' dir='ltr'>et</span> <span class='ocrx_word' id='word_1_141' title='bbox 2525 2050 2813 2131; x_wconf 89' lang='lat' dir='ltr'>quolibet</span> <span class='ocrx_word' id='word_1_142' title='bbox 2858 2049 3291 2129; x_wconf 82' lang='lat' dir='ltr'>predictorum</span> 
     </span>
     <span class='ocr_line' id='line_1_16' title="bbox 599 2160 3295 2245; baseline -0 -23"><span class='ocrx_word' id='word_1_143' title='bbox 599 2160 826 2223; x_wconf 87' lang='lat' dir='ltr'>suerint</span> <span class='ocrx_word' id='word_1_144' title='bbox 872 2174 1190 2241; x_wconf 89' lang='lat' dir='ltr'>oportuna</span> <span class='ocrx_word' id='word_1_145' title='bbox 1236 2175 1300 2225; x_wconf 92' lang='lat' dir='ltr'>et</span> <span class='ocrx_word' id='word_1_146' title='bbox 1345 2164 1651 2243; x_wconf 83' lang='lat' dir='ltr'>expedire</span> <span class='ocrx_word' id='word_1_147' title='bbox 1700 2164 2101 2239; x_wconf 89' lang='lat' dir='ltr'>uidebuntur,</span> <span class='ocrx_word' id='word_1_148' title='bbox 2135 2164 2361 2225; x_wconf 88' lang='lat' dir='ltr'>dantes</span> <span class='ocrx_word' id='word_1_149' title='bbox 2406 2166 2463 2225; x_wconf 87' lang='lat' dir='ltr'>ei</span> <span class='ocrx_word' id='word_1_150' title='bbox 2509 2165 2775 2226; x_wconf 88' lang='lat' dir='ltr'>liberam</span> <span class='ocrx_word' id='word_1_151' title='bbox 2822 2174 2884 2225; x_wconf 91' lang='lat' dir='ltr'>et</span> <span class='ocrx_word' id='word_1_152' title='bbox 2930 2162 3295 2245; x_wconf 86' lang='lat' dir='ltr'>generalem</span> 
     </span>
     <span class='ocr_line' id='line_1_17' title="bbox 598 2250 3298 2356; baseline -0 -21"><span class='ocrx_word' id='word_1_153' title='bbox 598 2274 1212 2337; x_wconf 87' lang='lat' dir='ltr'>administrationem</span> <span class='ocrx_word' id='word_1_154' title='bbox 1278 2279 1341 2337; x_wconf 93' lang='lat' dir='ltr'>in</span> <span class='ocrx_word' id='word_1_155' title='bbox 1403 2250 1702 2355; x_wconf 81' lang='lat' dir='ltr'>predictis</span> <span class='ocrx_word' id='word_1_156' title='bbox 1761 2289 1824 2338; x_wconf 91' lang='lat' dir='ltr'>et</span> <span class='ocrx_word' id='word_1_157' title='bbox 1885 2278 2170 2353; x_wconf 86' lang='lat' dir='ltr'>quolibet</span> <span class='ocrx_word' id='word_1_158' title='bbox 2240 2277 2670 2356; x_wconf 90' lang='lat' dir='ltr'>predictorum</span> <span class='ocrx_word' id='word_1_159' title='bbox 2736 2287 2961 2347; x_wconf 51' lang='lat' dir='ltr'>ratum,</span> <span class='ocrx_word' id='word_1_160' title='bbox 2988 2276 3298 2348; x_wconf 87' lang='lat' dir='ltr'>habitum,</span> 
     </span>
     <span class='ocr_line' id='line_1_18' title="bbox 599 2388 3300 2471; baseline 0 -24"><span class='ocrx_word' id='word_1_161' title='bbox 599 2388 901 2466; x_wconf 89' lang='lat' dir='ltr'>quicquid</span> <span class='ocrx_word' id='word_1_162' title='bbox 947 2408 1059 2468; x_wconf 91' lang='lat' dir='ltr'>per</span> <span class='ocrx_word' id='word_1_163' title='bbox 1105 2389 1346 2450; x_wconf 89' lang='lat' dir='ltr'>dictum</span> <span class='ocrx_word' id='word_1_164' title='bbox 1393 2389 1702 2451; x_wconf 88' lang='lat' dir='ltr'>sindicum</span> <span class='ocrx_word' id='word_1_165' title='bbox 1754 2390 1993 2451; x_wconf 88' lang='lat' dir='ltr'>factum</span> <span class='ocrx_word' id='word_1_166' title='bbox 2041 2392 2224 2451; x_wconf 90' lang='lat' dir='ltr'>fuerit</span> <span class='ocrx_word' id='word_1_167' title='bbox 2269 2402 2333 2451; x_wconf 91' lang='lat' dir='ltr'>et</span> <span class='ocrx_word' id='word_1_168' title='bbox 2380 2390 2667 2471; x_wconf 89' lang='lat' dir='ltr'>quolibet</span> <span class='ocrx_word' id='word_1_169' title='bbox 2713 2390 3145 2469; x_wconf 88' lang='lat' dir='ltr'>predictorum</span> <span class='ocrx_word' id='word_1_170' title='bbox 3178 2389 3300 2450; x_wconf 89' lang='lat' dir='ltr'>sub</span> 
     </span>
     <span class='ocr_line' id='line_1_19' title="bbox 597 2500 2225 2579; baseline 0.002 -19"><span class='ocrx_word' id='word_1_171' title='bbox 597 2500 916 2579; x_wconf 87' lang='lat' dir='ltr'>ypotheca</span> <span class='ocrx_word' id='word_1_172' title='bbox 965 2502 1284 2564; x_wconf 89' lang='lat' dir='ltr'>bonorum</span> <span class='ocrx_word' id='word_1_173' title='bbox 1332 2503 1480 2563; x_wconf 89' lang='lat' dir='ltr'>dicti</span> <span class='ocrx_word' id='word_1_174' title='bbox 1529 2506 1890 2565; x_wconf 89' lang='lat' dir='ltr'>communis</span> <span class='ocrx_word' id='word_1_175' title='bbox 1938 2502 2225 2565; x_wconf 90' lang='lat' dir='ltr'>Ancone.</span> 
     </span>
    </p>

    <p class='ocr_par' dir='ltr' id='par_1_3' title="bbox 594 2612 3303 3034">
     <span class='ocr_line' id='line_1_20' title="bbox 770 2612 3300 2695; baseline -0 -19"><span class='ocrx_word' id='word_1_176' title='bbox 770 2612 906 2676; x_wconf 87' lang='lat' dir='ltr'>Sub</span> <span class='ocrx_word' id='word_1_177' title='bbox 951 2633 1123 2675; x_wconf 91' lang='lat' dir='ltr'>anno</span> <span class='ocrx_word' id='word_1_178' title='bbox 1170 2614 1412 2676; x_wconf 86' lang='lat' dir='ltr'>domini</span> <span class='ocrx_word' id='word_1_179' title='bbox 1461 2613 1959 2689; x_wconf 86' lang='lat' dir='ltr'>M.CC.L.VIII.,</span> <span class='ocrx_word' id='word_1_180' title='bbox 2007 2616 2403 2695; x_wconf 89' lang='lat' dir='ltr'>temporibus</span> <span class='ocrx_word' id='word_1_181' title='bbox 2434 2616 2674 2677; x_wconf 87' lang='lat' dir='ltr'>domini</span> <span class='ocrx_word' id='word_1_182' title='bbox 2713 2615 3062 2677; x_wconf 81' lang='lat' dir='ltr'>Alexandri</span> <span class='ocrx_word' id='word_1_183' title='bbox 3111 2633 3300 2694; x_wconf 81' lang='lat' dir='ltr'>pape,</span> 
     </span>
     <span class='ocr_line' id='line_1_21' title="bbox 597 2725 3303 2808; baseline 0 -22"><span class='ocrx_word' id='word_1_184' title='bbox 597 2725 700 2786; x_wconf 90' lang='lat' dir='ltr'>die</span> <span class='ocrx_word' id='word_1_185' title='bbox 731 2726 879 2788; x_wconf 93' lang='lat' dir='ltr'>lune</span> <span class='ocrx_word' id='word_1_186' title='bbox 911 2726 1149 2788; x_wconf 88' lang='lat' dir='ltr'>XVIII.</span> <span class='ocrx_word' id='word_1_187' title='bbox 1177 2730 1463 2789; x_wconf 87' lang='lat' dir='ltr'>intrantis</span> <span class='ocrx_word' id='word_1_188' title='bbox 1495 2729 1810 2803; x_wconf 86' lang='lat' dir='ltr'>februarii,</span> <span class='ocrx_word' id='word_1_189' title='bbox 1841 2729 2189 2790; x_wconf 89' lang='lat' dir='ltr'>indictione</span> <span class='ocrx_word' id='word_1_190' title='bbox 2223 2732 2446 2808; x_wconf 85' lang='lat' dir='ltr'>prima,</span> <span class='ocrx_word' id='word_1_191' title='bbox 2477 2740 2773 2808; x_wconf 87' lang='lat' dir='ltr'>presente</span> <span class='ocrx_word' id='word_1_192' title='bbox 2799 2727 3089 2790; x_wconf 89' lang='lat' dir='ltr'>Antonio</span> <span class='ocrx_word' id='word_1_193' title='bbox 3110 2726 3303 2794; x_wconf 77' lang='lat' dir='ltr'>Roffi.</span> 
     </span>
     <span class='ocr_line' id='line_1_22' title="bbox 594 2823 3299 2916; baseline 0 -16"><span class='ocrx_word' id='word_1_194' title='bbox 594 2836 858 2900; x_wconf 88' lang='lat' dir='ltr'>Stefano</span> <span class='ocrx_word' id='word_1_195' title='bbox 907 2839 1159 2916; x_wconf 87' lang='lat' dir='ltr'>Liberii,</span> <span class='ocrx_word' id='word_1_196' title='bbox 1205 2840 1393 2903; x_wconf 90' lang='lat' dir='ltr'>Petro</span> <span class='ocrx_word' id='word_1_197' title='bbox 1440 2823 1808 2916; x_wconf 85' lang='lat' dir='ltr'>Marcellini,</span> <span class='ocrx_word' id='word_1_198' title='bbox 1855 2842 2071 2905; x_wconf 87' lang='lat' dir='ltr'>Vitale</span> <span class='ocrx_word' id='word_1_199' title='bbox 2124 2843 2286 2903; x_wconf 89' lang='lat' dir='ltr'>Petri</span> <span class='ocrx_word' id='word_1_200' title='bbox 2324 2843 2526 2916; x_wconf 81' lang='lat' dir='ltr'>Falce,</span> <span class='ocrx_word' id='word_1_201' title='bbox 2566 2840 3024 2904; x_wconf 86' lang='lat' dir='ltr'>Bartholomeo</span> <span class='ocrx_word' id='word_1_202' title='bbox 3056 2838 3299 2904; x_wconf 84' lang='lat' dir='ltr'>Stelani</span> 
     </span>
     <span class='ocr_line' id='line_1_23' title="bbox 596 2952 3082 3034; baseline 0 -22"><span class='ocrx_word' id='word_1_203' title='bbox 596 2952 744 3027; x_wconf 73' lang='lat' dir='ltr'>Ince</span> <span class='ocrx_word' id='word_1_204' title='bbox 790 2952 1081 3027; x_wconf 85' lang='lat' dir='ltr'>dominiS,</span> <span class='ocrx_word' id='word_1_205' title='bbox 1123 2952 1368 3034; x_wconf 75' lang='lat' dir='ltr'>jacobo</span> <span class='ocrx_word' id='word_1_206' title='bbox 1417 2955 1574 3016; x_wconf 90' lang='lat' dir='ltr'>Boni</span> <span class='ocrx_word' id='word_1_207' title='bbox 1625 2958 1894 3028; x_wconf 76' lang='lat' dir='ltr'>comitiS,</span> <span class='ocrx_word' id='word_1_208' title='bbox 1944 2957 2239 3017; x_wconf 89' lang='lat' dir='ltr'>Rainerio</span> <span class='ocrx_word' id='word_1_209' title='bbox 2286 2955 2443 3018; x_wconf 87' lang='lat' dir='ltr'>Simi</span> <span class='ocrx_word' id='word_1_210' title='bbox 2492 2967 2554 3016; x_wconf 92' lang='lat' dir='ltr'>et</span> <span class='ocrx_word' id='word_1_211' title='bbox 2602 2956 2887 3034; x_wconf 90' lang='lat' dir='ltr'>pluribus</span> <span class='ocrx_word' id='word_1_212' title='bbox 2934 2956 3082 3016; x_wconf 87' lang='lat' dir='ltr'>aliis.</span> 
     </span>
    </p>

    <p class='ocr_par' dir='ltr' id='par_1_4' title="bbox 589 3065 3299 3261">
     <span class='ocr_line' id='line_1_24' title="bbox 766 3065 3299 3148; baseline 0 -22"><span class='ocrx_word' id='word_1_213' title='bbox 766 3065 908 3148; x_wconf 87' lang='lat' dir='ltr'>Ego</span> <span class='ocrx_word' id='word_1_214' title='bbox 956 3067 1475 3128; x_wconf 85' lang='lat' dir='ltr'>Bonusadcursus</span> <span class='ocrx_word' id='word_1_215' title='bbox 1523 3070 1794 3129; x_wconf 87' lang='lat' dir='ltr'>civitatis</span> <span class='ocrx_word' id='word_1_216' title='bbox 1839 3067 2119 3130; x_wconf 90' lang='lat' dir='ltr'>Ancone</span> <span class='ocrx_word' id='word_1_217' title='bbox 2166 3071 2447 3130; x_wconf 85' lang='lat' dir='ltr'>notarius</span> <span class='ocrx_word' id='word_1_218' title='bbox 2510 3069 2628 3129; x_wconf 92' lang='lat' dir='ltr'>hec</span> <span class='ocrx_word' id='word_1_219' title='bbox 2675 3069 2893 3130; x_wconf 89' lang='lat' dir='ltr'>omnia</span> <span class='ocrx_word' id='word_1_220' title='bbox 2938 3067 3021 3128; x_wconf 88' lang='lat' dir='ltr'>de</span> <span class='ocrx_word' id='word_1_221' title='bbox 3074 3067 3299 3128; x_wconf 92' lang='lat' dir='ltr'>uolun-</span> 
     </span>
     <span class='ocr_line' id='line_1_25' title="bbox 589 3181 3068 3261; baseline -0 -21"><span class='ocrx_word' id='word_1_222' title='bbox 589 3187 723 3240; x_wconf 89' lang='lat' dir='ltr'>tate</span> <span class='ocrx_word' id='word_1_223' title='bbox 767 3189 832 3240; x_wconf 93' lang='lat' dir='ltr'>et</span> <span class='ocrx_word' id='word_1_224' title='bbox 879 3181 1184 3242; x_wconf 88' lang='lat' dir='ltr'>mandato</span> <span class='ocrx_word' id='word_1_225' title='bbox 1229 3182 1564 3260; x_wconf 86' lang='lat' dir='ltr'>potestatis</span> <span class='ocrx_word' id='word_1_226' title='bbox 1609 3181 1872 3260; x_wconf 90' lang='lat' dir='ltr'>predicti</span> <span class='ocrx_word' id='word_1_227' title='bbox 1923 3193 1985 3242; x_wconf 89' lang='lat' dir='ltr'>et</span> <span class='ocrx_word' id='word_1_228' title='bbox 2032 3182 2310 3243; x_wconf 87' lang='lat' dir='ltr'>conscilii</span> <span class='ocrx_word' id='word_1_229' title='bbox 2359 3184 2574 3261; x_wconf 86' lang='lat' dir='ltr'>scripsi</span> <span class='ocrx_word' id='word_1_230' title='bbox 2623 3193 2684 3242; x_wconf 86' lang='lat' dir='ltr'>et</span> <span class='ocrx_word' id='word_1_231' title='bbox 2732 3181 3068 3261; x_wconf 89' lang='lat' dir='ltr'>publicaui.</span> 
     </span>
    </p>
   </div>
   <div class='ocr_carea' id='block_1_3' title="bbox 768 3383 1386 3455">
    <p class='ocr_par' dir='ltr' id='par_1_5' title="bbox 768 3383 1386 3455">
     <span class='ocr_line' id='line_1_26' title="bbox 768 3383 1386 3455; baseline -0.002 -17"><span class='ocrx_word' id='word_1_232' title='bbox 768 3383 953 3455; x_wconf 60' lang='lat' dir='ltr'>(Szgn</span> <span class='ocrx_word' id='word_1_233' title='bbox 959 3401 997 3438; x_wconf 82' lang='lat' dir='ltr'><em>u</em></span> <span class='ocrx_word' id='word_1_234' title='bbox 1002 3401 1058 3438; x_wconf 89' lang='lat' dir='ltr'>m</span> <span class='ocrx_word' id='word_1_235' title='bbox 1107 3383 1356 3438; x_wconf 80' lang='lat' dir='ltr'>notarii.</span> <span class='ocrx_word' id='word_1_236' title='bbox 1368 3386 1386 3444; x_wconf 86' lang='lat'><em>)</em></span> 
     </span>
    </p>
   </div>
   <div class='ocr_carea' id='block_1_4' title="bbox 591 3599 3290 3777">
    <p class='ocr_par' dir='ltr' id='par_1_6' title="bbox 591 3599 3290 3777">
     <span class='ocr_line' id='line_1_27' title="bbox 775 3599 3290 3674; baseline 0 -20"><span class='ocrx_word' id='word_1_237' title='bbox 775 3599 1070 3671; x_wconf 58' lang='lat' dir='ltr'>Orzginal</span> <span class='ocrx_word' id='word_1_238' title='bbox 1111 3617 1148 3654; x_wconf 78' lang='lat' dir='ltr'><em>u</em></span> <span class='ocrx_word' id='word_1_239' title='bbox 1196 3599 1418 3655; x_wconf 78' lang='lat' dir='ltr'>arke&#39;vu</span> <span class='ocrx_word' id='word_1_240' title='bbox 1446 3599 1932 3674; x_wconf 76' lang='lat' dir='ltr'>jugoslavenskc</span> <span class='ocrx_word' id='word_1_241' title='bbox 1978 3599 2328 3674; x_wconf 74' lang='lat' dir='ltr'>akademije’</span> <span class='ocrx_word' id='word_1_242' title='bbox 2375 3620 2415 3656; x_wconf 84' lang='lat' dir='ltr'><em>u</em></span> <span class='ocrx_word' id='word_1_243' title='bbox 2462 3599 2761 3672; x_wconf 77' lang='lat' dir='ltr'>Zagrebu.</span> <span class='ocrx_word' id='word_1_244' title='bbox 2830 3599 3186 3674; x_wconf 77' lang='lat' dir='ltr'>Diplmnata</span> <span class='ocrx_word' id='word_1_245' title='bbox 3234 3620 3290 3654; x_wconf 80' lang='lat' dir='ltr'>a.</span> 
     </span>
     <span class='ocr_line' id='line_1_28' title="bbox 591 3701 1830 3777; baseline 0.002 -22"><span class='ocrx_word' id='word_1_246' title='bbox 591 3703 758 3759; x_wconf 79' lang='lat'><strong><em>1258.</em></strong></span> <span class='ocrx_word' id='word_1_247' title='bbox 810 3737 883 3742; x_wconf 95' lang='lat'>——</span> <span class='ocrx_word' id='word_1_248' title='bbox 937 3701 1312 3777; x_wconf 68' lang='lat' dir='ltr'>Kukuljevic‘</span> <span class='ocrx_word' id='word_1_249' title='bbox 1352 3704 1500 3776; x_wconf 80' lang='lat' dir='ltr'>Reg.</span> <span class='ocrx_word' id='word_1_250' title='bbox 1551 3703 1639 3759; x_wconf 85' lang='lat' dir='ltr'>br.</span> <span class='ocrx_word' id='word_1_251' title='bbox 1699 3707 1732 3756; x_wconf 85' lang='lat'><em>7</em></span> <span class='ocrx_word' id='word_1_252' title='bbox 1738 3707 1830 3758; x_wconf 78' lang='lat'>50.</span> 
     </span>
    </p>
   </div>
   <div class='ocr_carea' id='block_1_5' title="bbox 1848 4168 2039 4247">
    <p class='ocr_par' dir='ltr' id='par_1_7' title="bbox 1848 4168 2039 4247">
     <span class='ocr_line' id='line_1_29' title="bbox 1848 4168 2039 4247; baseline -0.01 0"><span class='ocrx_word' id='word_1_253' title='bbox 1848 4168 2039 4247; x_wconf 87' lang='grc'><strong>605.</strong></span> 
     </span>
    </p>
   </div>
   <div class='ocr_carea' id='block_1_6' title="bbox 587 4376 2601 4653">
    <p class='ocr_par' dir='ltr' id='par_1_8' title="bbox 587 4376 2601 4653">
     <span class='ocr_line' id='line_1_30' title="bbox 587 4376 1660 4458; baseline 0 -14"><span class='ocrx_word' id='word_1_254' title='bbox 587 4379 787 4458; x_wconf 84' lang='grc'><strong>1258,</strong></span> <span class='ocrx_word' id='word_1_255' title='bbox 833 4379 894 4442; x_wconf 84' lang='grc'>4.</span> <span class='ocrx_word' id='word_1_256' title='bbox 940 4379 1205 4445; x_wconf 75' lang='lat' dir='ltr'>marta.</span> <span class='ocrx_word' id='word_1_257' title='bbox 1254 4377 1310 4442; x_wconf 86' lang='grc' dir='ltr'>Ι]</span> <span class='ocrx_word' id='word_1_258' title='bbox 1350 4376 1660 4444; x_wconf 84' lang='lat' dir='ltr'>Ankoni.</span> 
     </span>
     <span class='ocr_line' id='line_1_31' title="bbox 1278 4567 2601 4653; baseline 0.001 -22"><span class='ocrx_word' id='word_1_259' title='bbox 1278 4569 1541 4653; x_wconf 74' lang='lat' dir='ltr'>Ugovor</span> <span class='ocrx_word' id='word_1_260' title='bbox 1588 4567 1881 4653; x_wconf 83' lang='lat' dir='ltr'>z&#39;zmedju</span> <span class='ocrx_word' id='word_1_261' title='bbox 1932 4569 2169 4631; x_wconf 78' lang='lat' dir='ltr'>Zadra</span> <span class='ocrx_word' id='word_1_262' title='bbox 2216 4568 2252 4630; x_wconf 81' lang='grc' dir='ltr'>ι’</span> <span class='ocrx_word' id='word_1_263' title='bbox 2289 4569 2601 4632; x_wconf 78' lang='lat' dir='ltr'>Ankone.</span> 
     </span>
    </p>
   </div>
   <div class='ocr_carea' id='block_1_7' title="bbox 581 4759 3288 5179">
    <p class='ocr_par' dir='ltr' id='par_1_9' title="bbox 581 4759 3288 5179">
     <span class='ocr_line' id='line_1_32' title="bbox 759 4759 3286 4840; baseline 0 -19"><span class='ocrx_word' id='word_1_264' title='bbox 759 4763 831 4821; x_wconf 92' lang='lat' dir='ltr'>In</span> <span class='ocrx_word' id='word_1_265' title='bbox 893 4763 1154 4822; x_wconf 89' lang='lat' dir='ltr'>nomine</span> <span class='ocrx_word' id='word_1_266' title='bbox 1230 4761 1472 4821; x_wconf 89' lang='lat' dir='ltr'>domini</span> <span class='ocrx_word' id='word_1_267' title='bbox 1535 4762 1730 4822; x_wconf 89' lang='lat' dir='ltr'>nostri</span> <span class='ocrx_word' id='word_1_268' title='bbox 1787 4761 1936 4840; x_wconf 87' lang='lat' dir='ltr'>Jesu</span> <span class='ocrx_word' id='word_1_269' title='bbox 1999 4759 2225 4826; x_wconf 85' lang='lat' dir='ltr'>Christi</span> <span class='ocrx_word' id='word_1_270' title='bbox 2288 4783 2325 4822; x_wconf 90' lang='lat' dir='ltr'>a</span> <span class='ocrx_word' id='word_1_271' title='bbox 2394 4764 2721 4823; x_wconf 87' lang='lat' dir='ltr'>nativitate</span> <span class='ocrx_word' id='word_1_272' title='bbox 2781 4762 3066 4823; x_wconf 83' lang='lat' dir='ltr'>eiusdem</span> <span class='ocrx_word' id='word_1_273' title='bbox 3114 4781 3286 4822; x_wconf 91' lang='lat' dir='ltr'>anno</span> 
     </span>
     <span class='ocr_line' id='line_1_33' title="bbox 583 4872 3288 4954; baseline -0.001 -18"><span class='ocrx_word' id='word_1_274' title='bbox 583 4872 1023 4942; x_wconf 76' lang='lat' dir='ltr'>MCCLVIII..</span> <span class='ocrx_word' id='word_1_275' title='bbox 1096 4875 1491 4952; x_wconf 88' lang='lat' dir='ltr'>temporibus</span> <span class='ocrx_word' id='word_1_276' title='bbox 1565 4873 1810 4934; x_wconf 89' lang='lat' dir='ltr'>domini</span> <span class='ocrx_word' id='word_1_277' title='bbox 1895 4872 2249 4936; x_wconf 83' lang='lat' dir='ltr'>Alexandri</span> <span class='ocrx_word' id='word_1_278' title='bbox 2320 4895 2505 4954; x_wconf 91' lang='lat' dir='ltr'>pape,</span> <span class='ocrx_word' id='word_1_279' title='bbox 2596 4875 2697 4936; x_wconf 88' lang='lat' dir='ltr'>die</span> <span class='ocrx_word' id='word_1_280' title='bbox 2767 4875 2931 4949; x_wconf 86' lang='lat' dir='ltr'>lune,</span> <span class='ocrx_word' id='word_1_281' title='bbox 3022 4876 3135 4937; x_wconf 91' lang='lat' dir='ltr'>IV.</span> <span class='ocrx_word' id='word_1_282' title='bbox 3196 4877 3288 4936; x_wconf 88' lang='lat' dir='ltr'>in-</span> 
     </span>
     <span class='ocr_line' id='line_1_34' title="bbox 581 4986 3287 5066; baseline 0 -18"><span class='ocrx_word' id='word_1_283' title='bbox 581 4997 790 5048; x_wconf 89' lang='lat' dir='ltr'>trante</span> <span class='ocrx_word' id='word_1_284' title='bbox 851 4989 1098 5057; x_wconf 85' lang='lat' dir='ltr'>marti0‚</span> <span class='ocrx_word' id='word_1_285' title='bbox 1162 4986 1505 5048; x_wconf 86' lang='lat' dir='ltr'>indictione</span> <span class='ocrx_word' id='word_1_286' title='bbox 1576 4989 1798 5066; x_wconf 88' lang='lat' dir='ltr'>prima,</span> <span class='ocrx_word' id='word_1_287' title='bbox 1858 4990 2109 5049; x_wconf 85' lang='lat' dir='ltr'>civitate</span> <span class='ocrx_word' id='word_1_288' title='bbox 2158 4987 2448 5049; x_wconf 87' lang='lat' dir='ltr'>Ancone.</span> <span class='ocrx_word' id='word_1_289' title='bbox 2517 4988 2837 5050; x_wconf 89' lang='lat' dir='ltr'>Dominus</span> <span class='ocrx_word' id='word_1_290' title='bbox 2884 4989 3287 5050; x_wconf 78' lang='lat' dir='ltr'>Marcellinus</span> 
     </span>
     <span class='ocr_line' id='line_1_35' title="bbox 584 5098 3285 5179; baseline 0 -18"><span class='ocrx_word' id='word_1_291' title='bbox 584 5100 927 5161; x_wconf 88' lang='lat' dir='ltr'>Bartolocti</span> <span class='ocrx_word' id='word_1_292' title='bbox 991 5098 1284 5174; x_wconf 68' lang='lat' dir='ltr'>sindicuS,</span> <span class='ocrx_word' id='word_1_293' title='bbox 1344 5113 1715 5179; x_wconf 88' lang='lat' dir='ltr'>procurator</span> <span class='ocrx_word' id='word_1_294' title='bbox 1762 5113 1824 5162; x_wconf 92' lang='lat' dir='ltr'>et</span> <span class='ocrx_word' id='word_1_295' title='bbox 1873 5103 2128 5161; x_wconf 90' lang='lat' dir='ltr'>nuntius</span> <span class='ocrx_word' id='word_1_296' title='bbox 2172 5105 2535 5162; x_wconf 88' lang='lat' dir='ltr'>communis</span> <span class='ocrx_word' id='word_1_297' title='bbox 2584 5099 2859 5164; x_wconf 85' lang='lat' dir='ltr'>Ancone</span> <span class='ocrx_word' id='word_1_298' title='bbox 2906 5105 3168 5163; x_wconf 89' lang='lat' dir='ltr'>nomine</span> <span class='ocrx_word' id='word_1_299' title='bbox 3220 5113 3285 5163; x_wconf 84' lang='lat' dir='ltr'>et</span> 
     </span>
    </p>
   </div>
  </div>
 </body>
</html>
