3797 5795
1494 338 1901 401 —191-

363 530 556 589 lameo
574 524 636 608 (Ι)
661 526 742 586 de
766 526 1030 587 Dumini
1049 538 1112 587 et
1137 528 1478 589 Leonardo
1505 530 1720 605 Picato
1747 532 1992 591 ciuibus
2020 530 2435 593 Arbensibus.
2464 533 2684 594 Pateat
2708 536 3047 613 vnicuique

364 661 464 721 per
517 642 634 701 hoc
691 642 1015 718 scriptum,
1065 641 1240 719 quod
1303 661 1422 705 nos
1485 641 1766 719 Dobrica
1829 663 1995 705 uxor
2054 645 2384 720 quondam
2450 644 2648 725 Stepe
2709 646 2792 707 de
2856 646 3044 707 Petro

363 753 579 830 Bucola
623 764 684 813 et
731 754 956 814 Petrus
1017 754 1204 815 filius·
1241 774 1422 815 meus
1489 756 1808 817 donamus
1853 768 1917 817 et
1964 759 2381 818 concedimus
2426 760 2608 819 vobis
2652 757 2918 819 Andree
2962 759 3045 820 de

363 866 716 949 Cotopagna
777 868 898 927 ciui
958 867 1147 947 Jadre
1207 871 1425 927 omnia
1485 870 1660 929 bona
1721 880 1854 930 tam
1919 870 2179 931 mobilia
2242 890 2434 951 quam
2501 870 2874 946 immobilia,
2919 890 3046 951 que

354 982 544 1041 dictus
573 980 764 1058 Stepe
812 982 1075 1041 maritus
1122 976 1317 1061 mei(!)
1353 980 1634 1057 Dobriee
1681 992 1743 1043 et
1790 993 1973 1060 pater
2019 983 2217 1064 meio)
2252 984 2419 1044 Petri
2454 986 2516 1044 in
2544 982 2737 1063 Jadra
2787 994 2849 1045 et
2900 993 3044 1045 toto

361 1098 482 1157 eius
523 1094 798 1154 districtu
848 1094 1035 1153 nobis
1065 1096 1128 1152 in
1161 1103 1548 1155 testamento
1593 1096 1850 1169 dimisit,
1895 1096 2193 1158 confecto
2243 1116 2357 1175 per
2405 1096 2795 1159 Grimerium
2827 1097 3039 1160 Alexii

359 1208 696 1269 Arbensem
757 1208 1078 1267 notarium
1124 1215 1187 1267 et
1235 1206 1414 1285 quod
1459 1207 1542 1268 de
1588 1218 1804 1269 cetero
1864 1228 2013 1269 cum
2077 1212 2301 1271 uestris
2371 1209 2711 1271 heredibus
2758 1210 2859 1271 uel
2906 1230 3045 1271 suc-

355 1321 690 1382 cessoribus
733 1320 991 1398 plenam
1041 1320 1327 1380 habeatis
1373 1331 1437 1381 et
1483 1321 1750 1381 liberam
1797 1331 2183 1400 potestatem
2232 1326 2450 1383 omnia
2498 1324 2668 1383 dicta
2714 1324 2887 1384 bona
2937 1324 3043 1384 ha-

358 1434 555 1507 bendi,
610 1432 887 1507 tenendi,
947 1433 1335 1513 possidendi,
1397 1434 1737 1509 vendendi,
1799 1433 2105 1509 donandi,
2167 1435 2528 1510 allienandi,
2590 1437 2920 1519 obligandi
2982 1451 3045 1499 et

359 1558 542 1608 totam
603 1558 874 1607 vestram
937 1547 1336 1607 uoluntatem
1387 1549 1446 1605 in
1495 1557 1874 1625 perpetuum
1942 1549 2213 1609 faciendi
2276 1551 2412 1610 sine
2466 1549 2727 1610 alicuius
2772 1569 3047 1630 persone

355 1660 860 1732 contradictione,
889 1660 1196 1720 facientes
1232 1662 1490 1738 insuper
1520 1679 1634 1738 per
1667 1678 1785 1720 nos
1818 1672 1882 1720 et
1916 1672 2169 1722 nostros
2216 1662 2482 1723 heredes
2512 1663 2611 1723 uel
2648 1676 3045 1723 successores

359 1792 530 1851 super
587 1776 800 1833 omnia
861 1772 1036 1832 bona
1093 1783 1309 1832 nostra
1374 1775 1702 1850 presencia
1749 1784 1811 1833 et
1858 1773 2067 1835 futura
2112 1775 2297 1834 vobis
2342 1775 2611 1835 domino
2672 1774 2937 1837 Andree
2982 1785 3047 1837 et

357 1889 562 1947 uestris
621 1885 960 1947 heredibus
1003 1886 1104 1946 vel
1149 1885 1620 1946 successoribus
1680 1886 1744 1945 in
1806 1897 2189 1965 perpetuum
2251 1885 2445 1947 finem
2495 1898 2557 1947 et
2603 1888 3044 1949 remissionem

353 2000 428 2059 de
471 2000 652 2059 bonis
695 2000 1072 2078 supradictis
1117 2010 1181 2059 et
1225 2009 1489 2077 pactum
1538 1998 1620 2059 de
1666 2008 1882 2059 cetero
1930 2018 2063 2059 non
2110 2000 2411 2077 petend0‚
2456 2001 2713 2079 insuper
2758 2002 3044 2061 contenti

352 2131 556 2173 sumus
610 2131 802 2173 causa
863 2113 1046 2173 huius
1104 2114 1644 2173 remuneracionis
1712 2114 2066 2190 suscepisse
2132 2113 2375 2173 solidos
2445 2113 2865 2195 quadraginta
2936 2112 3045 2173 de-

355 2228 657 2286 nariorum
705 2237 1081 2287 venetorum
1129 2245 1494 2305 paruorum.

513 2342 754 2414 (Drugi
797 2340 1097 2417 rukopis).

506 2451 545 2529 -ἱ-
591 2452 728 2533 Ego
778 2451 1224 2513 Martinuscius
1272 2452 1354 2512 de
1400 2452 1708 2534 Slouigna
1755 2455 2161 2514 examinator
2209 2471 2475 2513 manum
2522 2456 2679 2513 misi.

509 2564 646 2646 Ego
693 2564 967 2626 Michael
1016 2565 1069 2627 F
1071 2566 1301 2626 ederici
1353 2564 1676 2639 Dras(se?)
1747 2564 2061 2628 Arbensis
2108 2568 2389 2625 notarius
2452 2565 2567 2626 hiis
2630 2566 2885 2626 interfui
2946 2584 3045 2624 ro-

349 2692 539 2757 gatuS,
585 2680 800 2757 scripsi
846 2689 910 2738 et
963 2680 1277 2739 roboraui.

517 2872 816 2947 Orzjginal
856 2892 896 2929 u
943 2872 1166 2929 arkivu
1213 2881 1571 2930 samos-tana
1618 2892 1704 2930 sv.
1757 2872 1993 2947 Marije
2040 2892 2079 2928 u
2126 2872 2355 2930 Zadru.

1604 3181 1794 3260 698Ω

354 3322 538 3404 1261,
584 3325 690 3388 27.
742 3325 1008 3388 mma.
1066 3321 1124 3386 U
1171 3320 1480 3404 SpIJetu.

354 3512 700 3598 Rasprava
749 3513 910 3576 radi
949 3511 1232 3596 zz'danja
1278 3511 1446 3574 bolte
1477 3533 1524 3572 u
1554 3517 1957 3573 samos-fanu
1988 3516 2217 3596 svetog·
2246 3509 2635 3573 Benedz‘kta
2668 3532 2714 3572 u
2754 3509 3041 3595 Spljetu.

514 3706 586 3766 In
634 3707 895 3766 nomine
939 3704 1185 3765 domini
1233 3704 1429 3763 nostri
1482 3701 1630 3782 Jesu
1693 3700 1938 3766 Christi.
2006 3701 2203 3765 Anno
2264 3724 2301 3762 a
2367 3704 2695 3763 natiuitate
2758 3703 3041 3763 eiusdem

355 3817 678 3878 millesimo
725 3817 1168 3878 ducentesimo
1214 3819 1617 3898 sexagesimo
1664 3817 1891 3894 prim0‚
1937 3815 2294 3876 indiccione
2344 3825 2584 3894 quarta,
2646 3814 2749 3875 die
2816 3825 3043 3892 quarto

351 3941 616 3991 exeunte
662 3933 909 4004 marti0,
953 3940 1260 4011 regnante
1305 3929 1572 3990 domino
1622 3940 1840 3989 nostro
1888 3929 2040 3989 Bela
2093 3929 2495 3989 serenissimo
2541 3946 2691 4008 rege
2742 3928 3044 4009 Vngarie‚

353 4044 736 4124 temporibus
803 4043 1048 4104 domini
1109 4044 1364 4124 Rogerii
1431 4042 1806 4103 venerabilis
1873 4040 2264 4120 Spalatensis
2309 4041 2784 4120 archiepiscopi,
2832 4039 3044 4101 Miche

355 4155 558 4230 Madii,
602 4156 892 4238 Gregorii
941 4153 1160 4218 Grube
1205 4165 1268 4215 et
1317 4156 1478 4216 Petri
1528 4153 1856 4218 Cerneche
1904 4154 2201 4216 iudicum.
2269 4155 2339 4216 In
2404 4156 2665 4214 nomine
2730 4153 2931 4214 eterni
2976 4163 3039 4214 et

349 4273 571 4330 summi
619 4269 722 4330 dei
767 4287 977 4329 amen.
1043 4267 1242 4329 Anno
1311 4270 1762 4328 incarnationis
1830 4267 2115 4328 eiusdem
2188 4267 2524 4328 millesimo
2596 4265 3040 4327 ducentesimo

351 4383 873 4464 quinquagesimo
948 4392 1198 4456 octauo,
1266 4381 1612 4442 indictione
1679 4383 1904 4460 prima,
1970 4380 2074 4441 die
2120 4383 2305 4441 tertio
2354 4381 2627 4440 intrante
2673 4378 3039 4457 septembri,

353 4496 742 4576 temporibus
787 4495 1030 4556 domini
1077 4495 1335 4576 Rogerii
1379 4493 1770 4573 Spalatensis
1813 4493 2290 4573 archiepiscopi,
2324 4492 2555 4553 nobilis
2584 4493 2697 4552 uiri
2732 4489 3048 4552 Guidonis

357 4611 597 4670 comitis
642 4607 974 4670 Modrusie
1034 4619 1097 4668 et
1145 4607 1453 4670 Uinodoli
1519 4609 1868 4686 potestatis,
1919 4606 2227 4686 Johannis
2298 4604 2577 4686 Cigaide‚
2645 4602 2841 4686 Dragi
2908 4603 3048 4667 Ste—

353 4721 554 4798 phani,
599 4719 854 4783 Alberti
908 4720 1108 4801 Jancii
1172 4720 1470 4781 iudicum.
1541 4719 1704 4782 Cum
1770 4737 1925 4798 sepe
1992 4729 2055 4778 et
2116 4720 2327 4797 sepius
2393 4717 2657 4778 domina
2724 4716 3045 4778 abbatissa

354 4835 708 4895 monasterii
753 4837 954 4895 sancti
1001 4833 1323 4894 Benedicti
1375 4853 1502 4894 una
1546 4851 1697 4893 cum
1727 4852 1846 4894 suo
1893 4840 2219 4892 conuentu
2265 4849 2379 4909 per
2422 4849 2609 4891 suum
2655 4831 3045 4891 aduocatum

349 4965 558 5008 coram
604 4947 875 5008 domino
920 4954 1238 5026 potestate
1270 4957 1334 5008 et
1364 4948 1490 5006 suis
1522 4945 1831 5006 iudicibus
1879 4945 2348 5022 querimoniam
2394 4945 2793 5023 proposuerit
2824 4952 3045 5003 contra

354 5063 718 5143 magistrum
788 5059 1078 5121 Marcum
1151 5059 1382 5121 Loduli
1457 5061 1801 5119 murat-ium
1873 5075 2067 5134 super
2112 5075 2210 5131 e0,
2256 5055 2433 5134 quod
2478 5055 2733 5118 dicebat
2800 5054 3043 5115 boltam
