3797 5795
1841 416 1925 425 —
1986 382 2113 447 258
2198 418 2267 427 -·

691 574 1040 653 peruenire,
1104 572 1278 651 quod
1328 576 1628 655 magister
1675 573 2001 651 Nycolaus
2069 574 2482 635 cancellarius
2544 574 2977 654 dapiferorum
3050 586 3410 635 nostrorum

692 704 913 747 comes
958 686 1040 745 de
1089 685 1364 747 Kemluc
1410 698 1473 747 et
1522 686 1872 747 Iwachinus
1920 688 2222 768 magister
2280 689 2725 767 pincernarum
2776 688 2926 750 Bele
2973 689 3161 749 ducis
3205 689 3412 747 tocius

693 798 1050 871 Sclauonie‚
1113 798 1423 859 karissimi
1486 798 1591 860 filii
1640 800 1855 873 nostri,
1902 800 1985 859 ad
2032 810 2317 860 nostram
2380 800 2761 861 accedentes
2808 802 3209 880 presenciam
3256 810 3405 861 sunt

695 911 986 972 confessi.
1056 910 1252 989 Quod
1322 931 1470 973 cum
1541 911 1743 973 Karul
1805 924 1870 972 et
1934 912 2269 974 Ladizlaus
2328 911 2437 973 filii
2506 914 2826 993 Reynoldi
2873 935 2913 974 a
2956 917 3248 993 primeuo
3295 933 3407 973 sue

693 1026 969 1104 puericie
1025 1036 1334 1104 tempore,
1393 1026 1557 1104 patri
1602 1044 1825 1085 eorum
1873 1024 2207 1105 Stephano
2270 1026 2563 1087 videlicet
2608 1026 2780 1087 bano
2827 1028 3159 1106 quondam
3208 1027 3413 1087 tocius

693 1135 1032 1199 Sclauonie
1078 1140 1392 1200 existente
1437 1150 1502 1199 et
1547 1141 1638 1199 eis
1681 1150 1862 1219 grata
1907 1140 2141 1218 pariter
2186 1150 2251 1199 et
2296 1152 2561 1219 accepta
2606 1141 2871 1201 seruicia
2917 1138 3189 1201 fideliter
3234 1142 3409 1217 inpe-

694 1251 952 1323 dissent,
1021 1252 1312 1313 uolentes
1357 1252 1551 1313 iidem
1599 1253 1934 1312 meritoriis
1980 1254 2262 1330 ipsorum
2310 1253 2587 1313 seruiciis
2652 1254 2874 1315 debito
2920 1271 3217 1313 ocurrere
3262 1270 3406 1313 cum

694 1363 944 1439 fauore;
999 1368 1060 1425 in
1109 1367 1358 1445 signum
1422 1366 1750 1426 cuiusdam
1824 1365 2268 1425 retribucionis
2332 1376 2565 1426 terram
2622 1385 2843 1427 eorum
2892 1365 3257 1428 &meielde
3304 1384 3414 1425 uo-

696 1487 926 1550 catam,
972 1497 1164 1556 quam
1214 1497 1332 1539 nos
1377 1482 1538 1557 patri
1571 1496 1790 1539 eorum
1826 1491 1891 1539 et
1922 1481 2013 1540 eis
2046 1482 2306 1541 nomine
2351 1499 2464 1541 seu
2517 1482 2770 1540 racione
2818 1490 2980 1541 terre
3012 1481 3147 1539 sine
3178 1477 3415 1539 herede

697 1590 1070 1651 decedentis
1138 1592 1632 1666 contuleramuS,
1695 1595 1856 1653 inter
1903 1591 2147 1654 Draum
2195 1605 2259 1654 et
2308 1592 2731 1672 Plutuycham
2778 1596 3183 1665 existentem,
3229 1591 3415 1652 dictis

699 1702 898 1764 Karul
945 1716 1008 1765 et
1058 1703 1378 1778 Ladizla0,
1426 1706 1486 1764 in
1533 1708 2211 1783 recompensacionem
2258 1705 2543 1768 fidelium
2590 1708 2999 1767 seruiciorum
3049 1704 3412 1766 eorundem

695 1817 1118 1889 contulerunt,
1195 1816 1598 1878 donauerunt
1667 1829 1732 1877 et
1801 1818 2118 1879 dederunt
2179 1822 2311 1880 iure
2380 1831 2693 1899 perpetuo
2766 1818 3228 1897 possidendam
3294 1816 3414 1877 sub

697 1929 939 1989 eisdem
986 1932 1276 2009 antiquis-
1320 1933 1507 1990 metis
1554 1942 1616 1990 et
1664 1932 1966 2004 terminiS,
2012 1933 2243 2007 quibus
2298 1932 2505 1993 dictus
2553 1932 2746 1993 Zeme
2792 1931 3144 1992 dinoscitur
3190 1948 3411 2008 posse-

697 2042 881 2103 disse.
929 2042 1059 2105 Sed
1107 2045 1253 2121 quia
1301 2046 1488 2103 ceteri
1548 2044 1769 2117 fratres
1815 2064 2036 2105 eorum
2087 2045 2299 2106 adhuc
2344 2047 2404 2105 in
2453 2055 2624 2105 etate
2670 2045 2920 2105 fuerant
2988 2055 3210 2104 tenera
3255 2060 3407 2101 con-

697 2157 895 2216 stituti
927 2166 991 2216 et
1024 2156 1313 2216 nondum
1361 2156 1691 2217 collacioni
1727 2176 1949 2217 eorum
1984 2157 2150 2218 facte
2182 2176 2569 2218 consensum
2602 2176 2717 2218 seu
2743 2175 3075 2217 assensum
3122 2155 3415 2215 debitum

697 2278 995 2346 poterant
1071 2268 1373 2330 adhibere
1436 2269 1533 2329 uel
1603 2270 1886 2348 prebere,
1959 2270 2149 2331 iidem
2217 2272 2492 2352 magistri
2560 2270 2885 2349 Nycolaus
2943 2280 3006 2329 et
3058 2267 3414 2329 Iwachinus

697 2392 1176 2460 assumpserunt
1225 2400 1294 2442 se
1341 2381 1601 2442 firmiter
1663 2382 2040 2464 obliganteS,
2100 2384 2277 2459 quod
2332 2386 2379 2443 si
2428 2384 2653 2463 prefati
2718 2382 2920 2443 Karul
2964 2393 3029 2443 et
3078 2380 3416 2442 Ladizlaus

699 2493 830 2553 ullo
877 2513 1160 2573 unquam
1209 2505 1501 2573 tempore
1546 2514 1660 2573 per
1704 2495 1927 2555 fratres
1974 2496 2289 2557 dictorum
2354 2497 2635 2578 magistri
2686 2495 2954 2575 Nycolai
3004 2508 3069 2555 et
3120 2491 3418 2554 Iwachini

698 2610 956 2667 racione
1002 2609 1339 2685 porcioniS‚
1403 2627 1529 2686 que
1576 2628 1688 2667 eos
1733 2608 1814 2669 de
1860 2608 2147 2687 predicta
2194 2620 2357 2670 terra
2404 2612 2776 2690 contingere
2846 2608 3129 2679 deberet,
3178 2608 3417 2684 inpete-

699 2731 934 2794 rentur,
997 2732 1235 2781 extunc
1281 2720 1472 2781 iidem
1542 2720 1740 2782 Karul
1803 2733 1864 2781 et
1931 2722 2300 2783 Ladizlaum
2369 2723 2769 2800 supradictos
2835 2720 3142 2800 expedire
3212 2720 3421 2779 modis

697 2833 1000 2893 omnibus
1068 2844 1452 2908 tenere-ntur,
1534 2834 1710 2895 salua
1779 2846 1999 2894 tamen
2068 2843 2132 2895 et
2202 2835 2375 2895 illesa
2448 2836 2803 2895 collacione
2872 2852 3093 2894 eorum
3166 2834 3421 2912 penitus

695 2957 1086 3007 remanente.
1134 2946 1216 3006 Et
1261 2950 1590 3026 pecierunt
1639 2968 1674 3007 a
1723 2948 1908 3007 nobis
1954 2949 2277 3020 instanter,
2324 2960 2390 3009 ut
2437 2948 2859 3009 collacionem
2908 2965 3133 3008 eorum
3182 2946 3420 3008 factam

695 3060 1119 3120 seruientibus
1165 3062 1291 3119 suis
1337 3062 1688 3138 prenotatis
1735 3072 1955 3121 nostro
2004 3061 2412 3142 dignaremur
2456 3061 2786 3142 priuilegio
2833 3058 3229 3120 confirmare.
3278 3059 3421 3120 Nos

695 3170 888 3251 igitur
933 3173 1356 3251 peticionibus
1401 3173 1794 3252 prefatorum
1858 3175 2141 3255 magistri
2188 3173 2457 3252 Nycolai
2504 3185 2567 3234 et
2616 3173 2909 3234 Iwachini
2982 3171 3417 3234 fauorabiliter

695 3282 1001 3358 inclinati,
1049 3287 1332 3345 maxime
1379 3287 1466 3345 ob
1515 3288 1737 3346 merita
1792 3288 2203 3347 seruiciorum
2249 3286 2621 3359 eorundem,
2668 3287 3089 3347 collacionem
3138 3305 3249 3347 seu
3300 3286 3416 3345 do-

697 3400 1038 3457 nacionem
1111 3417 1334 3458 eorum
1408 3398 1660 3471 factam,
1731 3402 1790 3459 in
1861 3399 1980 3459 hac
2047 3411 2227 3478 parte
2295 3410 2498 3459 ratam
2568 3399 2879 3460 habentes
2947 3409 3009 3460 et
3059 3413 3416 3479 acceptam,

695 3511 1162 3584 prenominatis
1208 3511 1408 3571 Karul
1441 3521 1502 3571 et
1539 3512 1857 3587 LadizlaO,
1905 3531 1979 3572 ac
2027 3532 2139 3590 per
2170 3532 2282 3573 eos
2316 3512 2655 3572 heredibus
2698 3530 2921 3572 eorum
2974 3511 3414 3590 heredumque

697 3622 1172 3683 successoribus
1203 3626 1577 3684 auctoritate
1607 3627 2007 3702 presencium
2041 3625 2342 3685 duximus
2374 3623 2905 3699 confirmandam,
2952 3627 3015 3684 in
3054 3624 3409 3685 eorundem

698 3745 1023 3810 potestate
1053 3745 1364 3814 perpetuo
1395 3737 1778 3797 duraturam.
1817 3737 1884 3796 In
1919 3740 2093 3798 cuius
2125 3740 2209 3798 rei
2244 3749 2619 3816 perpetuam
2667 3737 3034 3798 firmitatem
3084 3749 3413 3816 presentes

700 3844 1000 3908 dedimus
1044 3847 1280 3908 litteras
1339 3849 1515 3929 sigilli
1566 3852 1760 3909 nostri
1824 3850 2138 3928 dupplicis
2186 3852 2537 3910 munimine
2596 3851 2949 3910 roboratas
3014 3849 3255 3912 Datum
3304 3870 3416 3929 per

703 3977 933 4021 manus
967 3963 1246 4041 magistri
1279 3961 1549 4021 Farcasii
1597 3961 1808 4022 electi¹
1857 3960 2157 4022 Albensis
2202 3963 2345 4023 aule
2393 3976 2607 4023 nostre
2655 3963 3145 4024 vicecancellarii
3198 3964 3412 4024 dilecti

705 4082 770 4130 et
832 4071 1036 4132 fidelis
1099 4075 1314 4146 nostri,
1382 4092 1553 4133 anno
1618 4074 1860 4135 domini
1935 4073 2340 4138 M⁰CC⁰LX⁰
2408 4079 2622 4149 terci0,
2690 4078 2863 4155 regni
2936 4087 3151 4136 autem
3222 4079 3413 4136 nostri

704 4203 876 4244 anno
923 4185 1062 4246 XX.
1111 4198 1360 4247 octauo,

879 4379 944 4436 [ε
988 4380 1232 4436 izvorne
1267 4382 1527 4455 potvrde
1571 4379 1778 4455 kralja
1831 4381 2237 4453 b‘aegt‘sltcunda
2283 4384 2368 4438 od
2398 4404 2463 4455 g.
2514 4385 2686 4437 1389.
2734 4385 2823 4437 13.
2870 4384 3031 4454 juna
3080 4402 3121 4438 u
3166 4381 3257 4437 kr.
3310 4403 3413 4455 ug.

704 4484 832 4540 drz'.
868 4484 998 4541 ark.
1040 4505 1080 4540 u
1112 4486 1425 4542 Budt'mu:
1473 4487 1558 4542 M.
1607 4487 1674 4543 O.
1713 4487 1790 4543 D.
1823 4485 1892 4542 L.
1954 4505 2046 4542 no.
2089 4489 2223 4541 549.
2278 4487 2499 4559 (Stara
2530 4489 2688 4562 sign.
2725 4489 2807 4546 JV.
2844 4489 2921 4544 R.
2954 4487 3026 4544 Α.
3058 4491 3237 4564 fasc.
3278 4491 3415 4543 563.

703 4607 800 4644 κο.
851 4591 978 4660 24.)
1015 4621 1096 4630 —-
1147 4589 1390 4646 Wenzel
1425 4595 1686 4665 §tampca
1731 4589 1885 4646 kako
1932 4590 2072 4657 veli,
2122 4610 2236 4647 ουκ
2274 4591 2522 4666 povelju
2558 4603 2641 4668 po
2687 4593 2893 4649 izvorn
2904 4592 3009 4648 ileu
3045 4612 3085 4648 u
3118 4593 3241 4649 dri.
3278 4591 3413 4649 ark.

701 4691 782 4749 N
776 4710 815 4746 u
863 4695 957 4766 taj
982 4713 1048 4748 sc
1082 4711 1154 4748 uz
1186 4695 1446 4766 najvec‘u
1485 4696 1741 4768 pomnju
1767 4695 1794 4749 i
1815 4696 2166 4770 nastojanje
2211 4696 2497 4769 dotic'nog
2540 4697 2869 4753 linovm'ka
2917 4699 3044 4772 nije
3084 4701 3415 4773 pronaJaO.

895 4797 1140 4853 [Venzel
1189 4797 1328 4854 cod.
1382 4798 1528 4872 dipl.
1567 4799 1710 4874 Arp.
1748 4807 1902 4855 cont.
1972 4799 2137 4856 I'lll.
2180 4804 2398 4855 58-9,
2440 4835 2514 4842 —-
2552 4801 2927 4876 Kukuljcvic'
2956 4803 3103 4875 Reg.
3140 4821 3235 4858 no.
3276 4807 3415 4856 844.

891 4993 904 5021 ¹
937 4992 1210 5061 Jamacno
1251 4995 1362 5046 ima
1401 4994 1531 5046 biti:
1571 4998 1864 5063 prepositi.
