3797 5795
1575 392 1830 454 -369
1897 427 1981 434 —

453 581 573 640 mei
612 580 669 638 in
711 588 892 640 antea
939 579 1182 640 licitum
1227 583 1306 640 sit
1364 580 1536 640 dicto
1601 583 1990 642 monasterio
2051 599 2165 642 seu
2224 581 2488 642 ecclesie
2555 583 2752 641 sancti
2823 579 3122 658 'Nycolay

448 693 692 770 eiusque
733 692 1197 754 successoribus
1243 693 1444 754 dictas
1491 697 1706 756 vineas
1752 714 1930 756 meas
1975 707 2037 756 et
2084 693 2324 773 reliqua
2370 693 2492 754 alia
2536 694 2709 754 bona
2779 711 2923 754 mea
2985 712 3123 753 mo-

447 804 592 866 bilia
632 814 690 865 et
730 805 1076 865 immobilia
1121 806 1320 867 libere
1364 806 1600 869 habere
1643 818 2087 888 perpetuoque
2132 808 2460 886 possidere
2491 825 2639 867 cum
2672 806 2864 884 plena
2894 808 3125 866 virtute

443 932 510 978 et
542 927 830 998 potestate
859 918 1316 991 intromitendi,
1347 919 1644 994 habendi,
1675 920 1953 994 tenendi,
1984 920 2369 999 possidendi,
2402 919 2615 992 dandi,
2636 917 2941 990 donandi,
2964 937 3118 978 uen-

444 1031 634 1092 dendi
673 1041 728 1091 et
773 1031 947 1091 omni
995 1031 1196 1091 modo
1242 1032 1574 1106 alienandi,
1617 1032 1862 1112 absque
1910 1051 2054 1093 mea
2100 1033 2203 1093 uel
2247 1034 2509 1094 alicuius
2554 1031 2828 1091 hominis
2874 1040 3126 1090 contra-

443 1143 724 1204 dictione.
769 1142 1232 1204 Verumtamen
1282 1163 1412 1205 non
1459 1147 1538 1206 sit
1585 1144 1736 1205 mihi
1783 1148 2205 1224 suprascripte
2267 1145 2549 1206 Vitaline
2610 1144 2851 1204 licitum
2920 1143 3124 1204 dictas

443 1259 650 1316 vineas
687 1257 782 1316 uel
829 1257 1104 1335 aliquam
1153 1278 1238 1318 ex
1283 1260 1374 1318 eis
1419 1268 1529 1318 aut
1573 1257 1813 1339 aliquid
1861 1258 1943 1318 de
1988 1258 2289 1337 predictis
2335 1259 2522 1318 bonis
2568 1259 2726 1317 meis
2772 1256 2854 1317 de
2901 1268 3115 1318 cetero

441 1367 642 1448 aliqua
683 1369 845 1429 dicta
888 1373 1122 1449 inopia,
1168 1373 1525 1444 occasione,
1586 1373 1964 1432 necessitate
2010 1371 2108 1431 uel
2171 1370 2438 1431 utilitate
2484 1371 2785 1434 uendere.
2829 1364 3125 1453 don[a]1·e

439 1484 546 1544 uel
584 1483 782 1561 aliquo
825 1483 1026 1544 modo
1070 1484 1347 1545 alienare
1393 1497 1525 1545 tam
1570 1503 1689 1563 pro
1734 1486 1949 1545 anima
1997 1502 2192 1560 quarn
2254 1503 2372 1562 pro
2434 1502 2703 1562 corpore
2764 1482 2948 1543 alicui
3012 1481 3124 1542 ho-

440 1597 587 1656 mini
629 1596 878 1656 ecclesie
925 1594 1068 1656 loco
1114 1615 1226 1657 seu
1272 1597 1576 1678 religioni.
1630 1595 1739 1658 Ob
1785 1615 1985 1675 quam
2046 1596 2393 1670 dationem,
2440 1595 2879 1668 donationem,
2926 1594 3118 1654 tradi-

437 1710 680 1782 tionem,
725 1710 1304 1784 transactationem,
1351 1709 1761 1771 offersionem
1807 1729 1923 1770 seu
1969 1709 2362 1770 oblationem
2412 1706 2603 1768 nichil
2663 1707 2835 1767 aliud
2880 1716 3034 1784 peto
3080 1727 3119 1766 a

439 1822 738 1882 sororibus
781 1840 894 1882 seu
940 1825 1259 1883 conuersis
1306 1823 1457 1883 dicti
1505 1823 1890 1895 monasterii,
1938 1824 2053 1882 nisi
2099 1823 2323 1882 missas
2353 1832 2417 1881 et
2450 1821 2773 1880 orationes
2803 1819 2888 1879 ad
2919 1818 3113 1879 deum

437 1953 555 2013 pro
581 1937 776 1994 anima
823 1953 968 1996 mea
1014 1938 1268 2014 meique
1316 1938 1520 1996 mariti
1568 1947 1632 1996 et
1678 1935 1804 2009 filii,
1849 1944 1914 1996 et
1959 1936 2047 1995 sic
2091 1934 2211 1995 hec
2272 1952 2533 2013 presens
2594 1943 2767 1992 carta
2813 1931 3114 1992 roborem

437 2049 704 2108 obtineat
775 2059 1084 2127 perpetue
1142 2048 1472 2109 firmitatis
1555 2047 1798 2110 Actum
1861 2057 1957 2108 est
2018 2047 2143 2108 hoc
2204 2057 2268 2107 et
2328 2045 2653 2106 firmatum
2716 2042 3119 2123 presentibus

435 2159 550 2221 hiis
589 2163 810 2222 vocatis
856 2174 918 2222 et
965 2165 1201 2244 rogatis
1264 2162 1531 2222 testibus
1591 2161 1886 2222 videlicet
1950 2159 2181 2221 Bai-the
2244 2159 2376 2220 filio
2441 2157 2774 2237 quondam
2829 2155 3123 2236 Jurislaui

429 2275 517 2334 de
557 2273 732 2353 Stepe
777 2285 839 2336 et
888 2274 1138 2336 Prodde
1185 2274 1314 2336 filio
1364 2276 1527 2335 Petri
1578 2275 1727 2335 dicti
1777 2272 2067 2356 (jeconis.

603 2430 838 2508 (Drugz'
875 2433 1172 2512 rukopis).

601 2555 727 2636 Ego
775 2555 1176 2634 Lampridius
1223 2555 1306 2616 de
1355 2555 1579 2615 Nicola
1626 2555 2034 2614 examinator
2080 2571 2343 2612 manum
2393 2552 2550 2612 misi.

601 2705 858 2782 lt’ukopis
901 2705 1018 2763 kao
1068 2725 1106 2762 u
1155 2705 1352 2762 tekstu
1400 2704 1612 2760 listine
1639 2724 1660 2758 .-

599 2851 725 2934 Ego
771 2853 831 2915 V
836 2855 1144 2943 incentius
1206 2850 1472 2912 ecclesie
1533 2859 1752 2910 sancte
1817 2848 2018 2909 Mai-ie
2081 2848 2336 2908 maioris
2382 2846 2645 2907 clericus
2688 2854 2752 2907 et
2792 2845 3115 2926 Jadrensis

427 2967 694 3025 notarius
734 2966 1029 3045 predictis
1073 2965 1327 3026 interfui
1371 2974 1650 3044 rogatuS,
1682 2972 1750 3022 ut
1781 2960 2013 3021 audiue
2062 2961 2225 3021 hanc
2271 2970 2513 3020 cartam
2544 2960 2781 3037 scripsi,
2813 2957 3113 3018 roboraui

428 3090 494 3137 et
538 3080 704 3159 signo
748 3079 932 3140 solito
977 3081 1240 3160 signaui.

602 3240 622 3300 (
630 3231 770 3303 Segn
776 3250 873 3287 um
920 3230 1202 3287 notarii).

607 3420 889 3495 Orzjginal
929 3442 968 3478 u
1015 3420 1240 3477 arkivu
1269 3415 1758 3494 jugoslavenske
1804 3415 2157 3488 akademije
2206 3433 2245 3470 u
2294 3412 2579 3486 Zagrebu
2643 3411 3005 3487 Diplomata
3053 3430 3111 3467 a.

443 3527 598 3578 1265.
640 3560 718 3569 —
761 3526 1134 3597 Kukuljevic'
1176 3526 1323 3597 Reg.
1375 3543 1467 3579 κο.
1523 3526 1656 3578 884.

1665 3916 1854 3995 852.

445 4092 612 4161 1266.
655 4098 716 4162 3.
761 4098 1028 4161 marta.

443 4282 594 4347 Pred
647 4287 1018 4351 Gerardom
1078 4282 1664 4367 vz‘cepreceptorom
1728 4276 2190 4363 templarskt'm
2256 4274 2632 4358 ostavljaju
2697 4274 3023 4336 Leonard
3080 4274 3113 4335 ι’

437 4396 690 4463 Rorand
729 4398 965 4463 sz'novz'
1021 4394 1429 4482 Stjepanovz'
1465 4394 1696 4478 2:6me
1740 4390 1924 4476 svoje
1970 4391 2259 4453 Horwat
2302 4388 2335 4451 z·
2390 4388 2568 4463 Wsa,
2622 4384 2991 4471 nemoguc‘z‘
3030 4385 3104 4447 z'lz

1254 4505 1560 4593 zlrkupz'tz',
1614 4510 1866 4568 mes‘tru
1916 4502 2267 4567 Hoholdu.

577 4705 708 4766 Nos
765 4704 957 4765 frater
1018 4701 1341 4765 Gerardus
1409 4702 1888 4778 vicepreceptor
1955 4695 2189 4755 domus
2256 4692 2585 4772 hospitalis
2656 4692 2844 4754 Noue
2907 4689 3097 4754 Curie

427 4819 696 4879 omnibus
741 4826 1070 4898 presentes
1115 4817 1352 4877 litteras
1399 4812 1771 4892 inspecturis
1817 4809 2121 4870 duximus
2167 4804 2671 4887 significandum,
2728 4804 2906 4884 quod
2954 4822 3103 4863 cum

421 4932 750 4993 secundum
796 4942 1090 4992 tenorem
1135 4929 1480 4989 litterarum
1530 4919 1764 5006 Ch(ak)
1811 4922 1962 4981 bani
2009 4921 2259 4981 comitis
2305 4916 2762 5001 Zta)ladiensiS‚
2809 4916 3100 4993 Dyonisii

417 5047 644 5106 comitis
687 5046 770 5107 de
816 5042 1086 5123 Syrmia,
1149 5044 1256 5121 qui
1322 5042 1482 5100 inter
1543 5036 1960 5098 Leonardum
2023 5045 2085 5093 et
2154 5031 2529 5092 Rorandum
2579 5029 2743 5090 filios
2790 5027 3100 5106 Stephani

492 5194 622 5239 con.
659 5196 822 5239 nm..
859 5195 920 5239 v.
2931 5158 3017 5221 24
