3797 5795
1619 373 1943 434 -7-

430 565 564 641 ipse
610 562 868 622 uolebat
916 562 1166 623 soluere
1211 563 1492 623 eundem
1541 561 2005 640 Lampredium
2054 561 2379 642 Sagarelle
2425 562 2507 622 de
2552 563 2743 622 rebus
2789 561 3136 624 mobilibus

428 684 539 735 aut
585 674 668 734 de
715 674 1150 736 immobilibus
1198 676 1390 754 ipsius
1424 674 1793 754 Lampredii
1826 674 2095 750 Descice
2140 693 2287 735 cum
2334 675 2574 734 bocaro
2615 676 2785 735 curie
2815 691 3017 755 usque
3047 674 3133 736 ad

431 806 751 849 summam
823 787 1052 848 ualoris
1120 789 1399 866 ipsorum
1462 788 1802 866 pecudum.
1871 789 1953 848 Et
2017 807 2161 848 cum
2229 807 2341 866 per
2402 790 2609 866 ipsum
2678 787 3137 866 Lampredium

431 901 752 983 Sagarelle
798 900 1304 979 responderetur,
1337 900 1514 979 quod
1545 903 1681 980 ipse
1711 901 1972 962 uolebat
2011 903 2289 979 recipere
2336 900 2687 979 predictam
2736 899 3133 962 solucionem

429 1013 842 1074 solummodo
887 1016 949 1074 in
995 1013 1349 1092 pecudibus
1414 1025 1479 1074 et
1550 1032 1681 1074 non
1743 1015 1808 1073 in
1868 1014 2003 1074 aliis
2070 1015 2274 1088 rebu5‚
2342 1033 2461 1074 nos
2506 1013 2737 1074 auditis
2784 1014 2929 1074 hinc
2989 1015 3138 1074 inde

430 1127 771 1205 propositis
837 1137 902 1187 et
973 1145 1162 1204 super
1229 1128 1551 1205 premissis
1617 1145 1762 1186 cum
1837 1127 2211 1188 consiliariis
2256 1126 2475 1186 habito
2538 1126 2804 1187 consilio
2852 1127 3135 1209 diligenti

431 1239 734 1300 duximus
765 1239 1196 1310 iudicandum,
1221 1239 1399 1319 quod
1424 1242 1558 1318 ipse
1587 1239 2009 1318 Lampredius
2044 1239 2368 1322 Sagarelle
2398 1241 2705 1317 reciperet
2738 1239 3137 1300 solucionem

431 1352 515 1411 ab
561 1353 700 1432 ipso
748 1351 1010 1430 Duymo
1073 1352 1155 1413 de
1200 1353 1390 1413 rebus
1449 1355 1542 1414 sui
1591 1353 1896 1414 debitoris
1966 1353 2323 1413 secundum
2372 1354 2599 1413 iustam
2647 1353 3136 1412 extimationem

431 1467 710 1543 ipsarum
778 1465 1116 1544 pecudum.
1185 1463 1250 1526 A
1311 1485 1439 1544 qua
1507 1468 1822 1526 sententia
1890 1466 2097 1526 dictus
2166 1464 2589 1544 Lampredius
2660 1465 3001 1544 appellavit
3072 1477 3135 1526 et

431 1577 782 1638 secundum
848 1587 1154 1638 statutum
1219 1579 1490 1639 ciuitatis
1550 1578 1794 1657 Spalati
1855 1579 2353 1659 appellationem
2424 1596 2603 1638 suam
2676 1578 2907 1653 exequi
2980 1578 3141 1638 infra

433 1693 773 1751 terminum
805 1690 1047 1752 editum
1081 1709 1211 1751 non
1243 1694 1502 1752 curauit.
1545 1691 1742 1752 Vnde
1785 1690 2065 1752 eundem
2113 1691 2385 1751 iudicem
2434 1690 2768 1768 Duymum
2817 1689 3138 1751 Kasarum

430 1802 734 1864 duximus
779 1803 1248 1864 absoluendum
1313 1804 1394 1864 de
1455 1803 1861 1865 fideiussione
1908 1808 2185 1882 ipsarum
2234 1803 2557 1882 pecudum
2605 1804 2688 1863 ab
2738 1805 3139 1881 impetitione

433 1915 716 1976 eiusdem
767 1915 1134 1994 Lampredii
1199 1917 1520 1998 Sagarelle
1581 1928 1644 1978 et
1706 1918 1877 1978 idem
1943 1897 2367 1996 Lampredius
2426 1936 2497 1977 se
2558 1927 2776 1977 tenere
2822 1915 2906 1977 ad
2951 1934 3136 1976 suum

432 2027 792 2089 debitorem
841 2029 1093 2091 debeat.
1140 2027 1384 2091 Actum
1433 2034 1494 2089 in
1545 2031 1808 2091 ecclesia
1855 2033 2053 2090 sancti
2092 2029 2441 2090 Laurencii.
2488 2029 2747 2091 Testes:
2793 2026 3142 2110 Gregorius

433 2140 671 2214 Grube‚
719 2141 940 2204 Petrus
987 2141 1332 2216 Cerneche‚
1380 2141 1671 2226 Co(s)me
1719 2142 1883 2203 Petri
1940 2141 2261 2204 Kamurcii
2309 2153 2373 2204 et
2420 2142 2561 2204 allii.

607 2254 746 2337 Ego
793 2253 1135 2318 Geruasius
1179 2253 1509 2318 Grubesce
1553 2257 1958 2317 examinator
2002 2268 2308 2334 precepto
2356 2258 2527 2316 curie
2573 2257 2811 2334 scripsi.

605 2368 745 2450 Ego
795 2367 1058 2431 Amicus
1125 2368 1495 2448 capellanus
1561 2371 1854 2430 comunis
1922 2369 2314 2447 Spalatensis
2384 2370 2619 2429 iuratus
2690 2369 2973 2428 notarius
3046 2367 3141 2427 his

431 2481 676 2542 interfui
740 2491 802 2540 et
864 2482 946 2543 de
1011 2483 1317 2544 mandato
1379 2482 1660 2544 iudicum
1722 2494 1981 2563 rogatus
2040 2483 2256 2560 scripsi
2316 2495 2379 2542 et
2452 2493 2764 2542 consueto
2810 2481 2994 2562 signo
3040 2499 3139 2540 ro-

439 2595 680 2656 borani.

619 2762 639 2809 ,s
649 2748 1013 2820 sll0n0g›·atn
1063 2748 1217 2818 not.)

621 2938 918 3013 Ortjginal
959 2958 998 2995 u
1046 2937 1269 2995 arkivu
1300 2937 1546 3013 kaptola
1579 2958 1620 2994 u
1655 2938 1890 3013 Sijetu
1924 2956 1982 2993 a.
2023 2940 2189 2993 1256.
2240 2937 2441 3007 (XVI.
2498 2942 2542 3004 l,
2586 2938 2739 3006 100).
2780 2968 2861 2977 -—-
2910 2935 3155 2992 Wenzel

447 3042 586 3101 Cod.
651 3043 882 3119 Arpad.
949 3042 1096 3118 dipl.
1164 3043 1296 3101 Vll.
1351 3047 1473 3100 451.
1523 3045 1623 3118 spo
1669 3041 1862 3117 kopiji
1906 3062 1945 3099 u
1993 3042 2113 3098 bec'.
2165 3043 2269 3116 taj.
2316 3039 2589 3113 arkivu).
2643 3073 2725 3080 —
2772 3038 3151 3113 Kukuljevic‘

438 3150 585 3221 Reg.
633 3168 726 3204 no,
785 3150 919 3205 695.

1705 3472 1897 3553 542.

445 3685 648 3763 1256,
696 3688 806 3751 29.
852 3686 1120 3749 marta.
1166 3683 1227 3749 U
1271 3682 1775 3749 Dubrovniku.

443 3874 658 3937 Senot
718 3872 1132 3939 dubrovao‘kz'
1169 3874 1328 3959 daje
1387 3874 1610 3937 lvanu
1663 3870 1977 3956 Ranjz'm'
2017 3868 2054 3933 ι’
2098 3868 2409 3954 ΜιῚια]“ἰιι
2462 3867 2747 3931 Bt'nzolz'
2792 3874 3131 3952 punomoc‘

1086 3988 1176 4051 da
1221 3986 1448 4071 sklope
1496 4006 1746 4071 ugovor
1793 4006 1828 4046 s
1867 3984 2152 4068 gradem
2208 3982 2525 4045 Fz'rmom.

635 4180 782 4241 Hoc
827 4189 924 4241 est
972 4179 1345 4258 exemplum
1398 4178 1728 4240 cuiusdam
1778 4178 2176 4238 instrumenti
2224 4176 2401 4235 cuius
2446 4186 2634 4235 tenor
2680 4172 2821 4235 talis
2866 4182 2981 4235 est.

621 4292 820 4355 Anno
889 4293 1338 4353 incarnationis
1406 4292 1649 4353 domini
1719 4289 2056 4351 millesimo
2125 4288 2567 4349 ducentesimo
2614 4286 3151 4368 quinquagesimo

444 4418 652 4481 sext0‚
698 4409 933 4467 mensis
981 4406 1182 4466 martii
1219 4406 1403 4466 tertio
1436 4405 1539 4465 die
1570 4412 1836 4475 astante,
1869 4402 2138 4482 Raguse,
2184 4400 2475 4461 ordinata
2523 4400 2693 4460 curia
2740 4416 2887 4459 cum
2936 4400 3150 4459 sonitu

438 4538 773 4599 campane.
845 4519 983 4581 Nos
1050 4517 1348 4580 Andreas
1415 4517 1498 4579 de
1565 4516 1746 4579 Auro
1817 4533 2039 4575 comes
2108 4514 2364 4595 Ragusii
2433 4531 2581 4574 cum
2651 4511 3022 4572 consiliariis
3092 4522 3156 4571 et

445 4652 562 4693 nos
613 4650 961 4693 commune
1033 4633 1286 4713 Ragusii
1336 4642 1398 4691 et
1445 4648 1592 4691 cum
1641 4630 2009 4691 laudatione
2054 4629 2247 4687 totius
2291 4625 2509 4706 populi
2560 4626 2810 4707 Raguse
2857 4625 3155 4685 commit-

443 4756 654 4807 tentes
703 4747 1168 4806 committimus
1199 4754 1262 4806 et
1293 4744 1554 4823 plenam
1601 4742 2123 4803 commissionem
2156 4740 2384 4801 damus
2416 4738 2597 4800 vobis
2644 4736 2965 4798 nobilibus
3010 4738 3156 4796 viris

445 4858 736 4920 Michaeli
801 4858 886 4919 de
935 4858 1192 4935 Pinqola
1253 4870 1316 4919 et
1365 4856 1630 4934 Iohanni
1695 4855 1778 4916 de
1841 4855 2107 4915 Ranana
2184 4851 2431 4913 dilectis
2494 4864 2558 4913 et
2619 4850 2940 4911 nobilibus
3005 4867 3157 4909 con—

439 4972 688 5033 ciuibus
732 4982 796 5033 et
842 4970 1351 5032 ambasatoribus
1423 4970 1669 5043 nostriS‚
1715 4980 1784 5029 ut
1829 4969 2049 5027 omnia
2094 4984 2222 5046 que
2266 4966 2537 5026 feceritis
2582 4974 2645 5026 et
2692 4962 3157 5034 ordinaueritis‚

453 5084 852 5147 firmaueritis
897 5095 962 5146 et
1007 5083 1550 5145 concordaueritis
1594 5100 1742 5143 cum
1789 5090 2109 5159 potestate
2155 5090 2218 5139 et
2264 5079 2591 5139 communi
2642 5076 2836 5138 Firmi
2882 5076 3155 5136 ciuitatis
