3797 5795
1878 325 2153 387 —422
2223 361 2292 370 —-

734 515 1027 593 quamuis
1088 513 1327 575 nonulli
1372 515 1475 593 pie
1520 518 1830 576 memorie
1876 519 2124 576 romani
2169 514 2506 595 pontifices
2550 515 3033 595 predecessores
3081 519 3276 578 nostri
3323 536 3443 596 per

733 645 879 686 suas
925 626 1161 688 litteras
1193 637 1257 688 et
1288 626 1593 688 mandata
1640 628 1825 688 uobis
1854 647 1967 690 seu
1998 627 2384 708 quibusdam
2430 639 2716 690 uestrum
2763 629 3012 690 diuersa
3057 629 3432 690 monialium

733 757 845 799 seu
904 757 1195 800 sororum
1258 743 1645 802 monasteria
1707 741 1948 802 ordinis
2010 743 2211 802 sancti
2255 739 2600 823 Augustini
2647 751 2958 820 perpetuo
3005 742 3284 824 regenda
3331 761 3442 802 co-

736 854 977 912 misisse
1023 853 1359 926 dictantur,
1407 871 1527 914 nos
1572 863 1789 914 tamen
1836 857 1922 914 ita
1956 853 2204 914 illorum
2253 854 2624 915 vtilitatibus
2668 853 2958 915 uolentes
2997 873 3112 934 per
3143 865 3436 916 nostrum

736 967 1149 1026 ministerium
1197 967 1533 1044 prouideri,
1579 966 1759 1046 quod
1802 985 2024 1027 cursus
2067 967 2546 1045 predicacioniS‚
2577 985 2772 1046 quam
2805 987 2892 1026 ex
2937 969 3222 1028 iniuncto
3253 967 3440 1028 vobis

735 1077 923 1138 oficio
998 1078 1369 1160 diligencius
1442 1081 1773 1152 exercetiS,
1846 1082 2206 1141 animarum
2285 1079 2581 1140 curandis
2641 1079 3008 1160 langoribus
3081 1079 3442 1141 fructuosus

735 1209 1049 1252 concursu
1133 1194 1635 1271 occupacionum
1726 1191 2164 1271 multiplicium
2235 1202 2515 1271 nequeat
2613 1191 2931 1252 retardari.
3026 1193 3436 1253 Presencium

734 1306 1107 1365 auctoritate
1168 1306 1519 1378 statuimuS,
1565 1315 1633 1366 ut
1680 1306 1990 1366 moniales
2049 1324 2161 1366 seu
2231 1323 2480 1366 sorores
2527 1304 2891 1365 huiusmodi
2937 1305 3117 1365 vobis
3163 1315 3274 1366 aut
3321 1305 3446 1366 illis

734 1426 1011 1478 vestrum
1045 1419 1275 1497 quibus
1305 1429 1451 1479 sunt
1481 1437 1595 1498 per
1632 1419 1893 1479 eosdem
1929 1418 2429 1497 predecessoreS,
2462 1428 2532 1478 ut
2561 1417 2937 1496 predictum,
2969 1429 3062 1478 est
3095 1420 3436 1491 commise,

735 1528 838 1590 uel
883 1550 1009 1610 que
1054 1550 1168 1610 per
1214 1541 1277 1591 te
1321 1530 1405 1592 fili
1454 1533 1754 1612 magister
1798 1550 1913 1592 seu
1956 1531 2442 1610 predecessores
2487 1543 2648 1604 tuos
2695 1533 2802 1610 qui
2852 1530 3095 1592 fuerant
3121 1550 3240 1609 pro
3277 1541 3446 1591 tem-

734 1663 891 1723 pore
935 1653 1043 1704 aut
1090 1663 1203 1723 per
1248 1643 1523 1723 capitula
1566 1644 1883 1727 generalia
1930 1645 2194 1723 predicti
2243 1644 2481 1704 ordinis
2511 1645 2631 1704 sub
2663 1655 2870 1704 vestra
2915 1662 3028 1705 seu
3074 1643 3442 1722 aliquorum

736 1776 821 1817 ex
866 1757 1048 1817 vobis
1092 1775 1259 1830 cura,
1305 1758 1441 1818 sine
1486 1754 1913 1838 c(uius)quam
1959 1757 2307 1836 preiudicio
2353 1767 2500 1817 sunt
2543 1767 2818 1835 recepte,
2863 1755 2987 1817 hoc
3034 1777 3070 1816 a
3118 1756 3304 1817 nobis
3354 1775 3442 1816 ex

736 1868 1099 1930 huiusmodi
1160 1871 1558 1930 comissionis
1626 1869 1726 1930 uel
1790 1871 2182 1948 recepcionis
2243 1869 2556 1930 beneficio
2603 1879 3096 1948 consequantur,
3141 1869 3442 1938 videlicet

737 1982 914 2060 quod
959 1985 1093 2061 ipse
1139 1983 1259 2043 sub
1304 1993 1515 2043 vestro
1578 1984 1942 2064 magisterio
1987 1995 2050 2044 et
2097 1983 2387 2043 doctrina
2449 1991 2932 2060 vestrorumque
2977 2000 3448 2054 successorum,

735 2097 839 2175 qui
887 2115 1004 2175 pro
1050 2108 1343 2174 tempore
1387 2095 1614 2157 fuerint
1662 2098 1722 2156 in
1755 2107 2138 2175 perpetuum
2184 2095 2464 2156 debeant
2509 2113 2901 2174 permanere.
2949 2095 3128 2173 Ipsas
3177 2113 3444 2174 quoque

736 2226 813 2268 ac
856 2227 1073 2269 earum
1122 2211 1503 2270 monasteria
1550 2209 1731 2268 vobis
1776 2221 1840 2270 et
1887 2209 2094 2270 eidem
2159 2208 2366 2268 ordini
2411 2225 2488 2267 ac
2533 2208 3000 2268 successoribus
3062 2209 3444 2267 auctoritate

737 2320 1085 2399 apostolica
1149 2321 1232 2382 de
1292 2340 1466 2382 nouo
1526 2322 1920 2382 comittimus
1963 2322 2045 2382 ad
2093 2321 2428 2396 cautelam,
2481 2330 2548 2381 ut
2594 2322 2948 2381 animarum
2993 2321 3276 2399 ipsarum
3321 2319 3450 2380 sol-

737 2433 1127 2496 licitudinem
1174 2445 1465 2516 gerentes
1511 2445 1573 2495 et
1606 2454 1823 2496 curam
1870 2437 2089 2514 eisque
2135 2435 2218 2496 de
2249 2433 2834 2508 constitucionibus‚
2880 2434 3170 2494 eiusdem
3202 2433 3448 2493 ordinis

737 2566 862 2626 que
908 2549 1055 2626 ipsis
1115 2558 1491 2626 competunt
1551 2547 1947 2620 exhibentes
1993 2547 2222 2608 eadem
2285 2549 2670 2608 monasteria
2717 2566 2826 2607 seu
2873 2546 3186 2606 moniales
3231 2558 3295 2606 et
3342 2565 3446 2606 so-

736 2679 909 2720 rores
952 2660 1269 2739 predictas
1299 2681 1414 2740 per
1446 2680 1561 2721 uos
1594 2661 1693 2721 uel
1738 2660 1897 2722 alios
1943 2663 2137 2739 ipsius
2183 2659 2420 2720 ordinis
2467 2662 2656 2720 uestri
2706 2659 2926 2719 fratres
2973 2677 3139 2737 quos
3185 2657 3268 2718 ad
3316 2657 3446 2719 hoc

739 2772 1007 2834 idoneos
1066 2793 1203 2834 esse
1264 2777 1579 2848 noveritiS,
1627 2776 1936 2852 quociens
1981 2773 2335 2852 expedierit
2383 2773 2659 2844 visitetis,
2706 2772 3084 2853 corrigendo
3133 2783 3196 2832 et
3243 2772 3443 2833 refor-

739 2886 977 2948 mando
1024 2885 1263 2949 ibidem
1310 2900 1443 2949 tam
1492 2889 1553 2947 in
1601 2889 1809 2967 capite
1847 2906 2045 2967 quam
2079 2888 2141 2947 in
2177 2885 2495 2960 membris,
2527 2904 2653 2966 que
2700 2886 3120 2946 correccionis
3151 2895 3216 2947 et
3247 2883 3448 2946 refor-

737 3002 1047 3061 macionis
1106 2999 1317 3061 officio
1382 3001 1662 3061 uideritis
1722 3001 2024 3081 indigere.
2073 3000 2414 3060 Instituatis
2460 3011 2678 3059 autem
2725 2997 3174 3059 nichilominus
3219 3009 3283 3059 et
3333 2999 3450 3059 de

734 3114 1005 3173 stituatis
1049 3116 1581 3174 monasteriorum
1630 3112 1992 3175 huiusmodi
2039 3113 2366 3191 priorissas
2396 3131 2472 3173 ac
2502 3114 2670 3173 circa
2715 3112 2977 3173 easdem
3009 3114 3342 3191 priorissas
3383 3124 3446 3173 et

734 3224 1047 3286 moniales
1105 3245 1215 3286 seu
1280 3245 1528 3287 sorores
1587 3227 1669 3287 ad
1718 3227 2106 3287 monasteria
2149 3225 2434 3304 predicta
2480 3243 2826 3286 conuersos
2871 3235 2936 3286 et
2981 3224 3322 3286 familiares
3379 3229 3440 3285 in

732 3337 884 3416 ipsis
929 3341 1325 3399 monasteriis
1368 3341 1669 3400 continue
1716 3339 2024 3420 degentes
2067 3341 2320 3399 mutetis
2366 3350 2430 3399 et
2477 3338 2798 3411 ordinetiS,
2844 3352 3030 3417 prout
3077 3338 3441 3399 secundum

734 3448 931 3510 deum
992 3450 1273 3511 uideritis
1317 3452 1639 3530 expedire.
1706 3452 1958 3513 Eleccio
2005 3462 2222 3512 tamen
2267 3452 2704 3531 priorissarum
2754 3451 3068 3513 dictarum
3114 3451 3310 3512 libere
3359 3450 3444 3511 ad

732 3574 1092 3625 conuentus
1139 3568 1667 3627 monasteriorum
1714 3568 2027 3643 pertineat
2073 3564 2525 3644 predictorum.
2573 3564 2862 3643 Quarum
2893 3563 3308 3625 confirmacio
3357 3563 3446 3625 ad

732 3686 799 3735 te
845 3676 931 3737 fili
978 3679 1277 3758 magister
1337 3678 1572 3757 ubique
1620 3691 1683 3739 et
1728 3678 1812 3739 ad
1858 3678 2142 3760 singulos
2205 3688 2484 3739 vestrum
2549 3677 2651 3739 filii
2717 3681 2959 3755 priores
3019 3680 3081 3737 in
3135 3696 3247 3739 sua
3295 3696 3444 3757 pro-

730 3790 941 3850 uincia
988 3790 1092 3851 uel
1136 3790 1220 3851 ad
1266 3811 1395 3867 eos,
1441 3791 1673 3871 quibus
1718 3793 1783 3853 id
1830 3792 2187 3865 comisistis,
2233 3793 2536 3870 precipue
2566 3792 2922 3870 pertinebit.
2985 3788 3440 3854 Confessiones

730 3918 889 3961 uero
935 3922 1048 3982 per
1095 3922 1211 3964 vos
1256 3903 1354 3965 uel
1400 3904 1621 3965 fratres
1666 3905 1934 3967 eosdem
1979 3904 2248 3965 audiatis
2294 3903 2541 3963 illarum
2587 3914 2652 3965 et
2698 3904 3059 3964 ministretis
3105 3906 3193 3963 eis
3237 3904 3445 3965 eccle-

726 4014 984 4076 siastica
1029 4026 1442 4078 sacramenta.
1491 4018 1736 4079 Verum
1785 4036 1865 4078 ne
1913 4037 2030 4097 pro
2077 4036 2175 4090 e0‚
2221 4016 2398 4096 quod
2428 4018 2493 4076 in
2539 4016 2858 4095 aliquibus
2900 4028 2965 4077 et
3010 4016 3252 4077 eisdem
3301 4036 3440 4078 mo-

728 4130 1023 4189 nasteriis
1068 4129 1289 4190 fratres
1334 4132 1521 4191 vestri
1569 4130 1807 4191 ordinis
1852 4130 2127 4191 residere
2173 4132 2480 4190 continuo
2527 4147 2657 4189 non
2690 4139 3002 4204 tenentur,
3032 4149 3149 4207 pro
3180 4129 3437 4191 defectu

726 4241 1080 4302 sacerdotis
1126 4244 1325 4321 possit
1368 4242 1611 4303 eisdem
1673 4243 2058 4304 monialibus
2102 4261 2216 4302 seu
2261 4243 2584 4311 sororibus
2648 4243 3101 4303 detrimentum
3147 4244 3214 4303 in
3261 4244 3440 4321 spiri-

726 4352 1011 4415 tualibus
1041 4356 1390 4429 imminere,
1420 4354 1503 4416 ad
1535 4355 1972 4417 confessiones
2004 4374 2223 4416 earum
2271 4357 2334 4415 in
2367 4356 2758 4416 necessitatis
2788 4354 3050 4416 articulo
3081 4355 3440 4417 audiendas

726 4473 797 4523 et
844 4478 1244 4529 sacramenta
1288 4468 1653 4530 huiusmodi
1698 4469 2116 4530 ministranda
2164 4468 2485 4548 deputetis
2537 4468 2786 4547 aliquos
2831 4468 3137 4529 discretos
3183 4480 3246 4529 et
3293 4488 3437 4547 pro-

728 4577 922 4640 uidos
965 4580 1348 4660 capellanOS,
1396 4601 1560 4661 quos
1605 4582 1788 4643 vobis
1833 4582 2145 4661 deputare
2191 4601 2267 4643 ac
2308 4592 2554 4643 mutare
2582 4582 2787 4657 liceat,
2819 4592 3007 4661 prout
3041 4582 3223 4643 vobis
3267 4581 3440 4642 vide-

726 4686 905 4751 bitur
948 4695 1271 4774 expedire,
1304 4715 1435 4756 non
1466 4694 1764 4757 obstante
1794 4696 2008 4775 aliqua
2039 4698 2356 4756 contraria
2397 4695 2864 4756 constitucione
2893 4694 3160 4774 predicti
3201 4693 3442 4756 ordinis

729 4808 923 4866 vestri
990 4819 1053 4868 et
1123 4826 1507 4888 quacunque
1574 4807 1928 4888 apostolice
1995 4808 2164 4870 sedis
2233 4808 2636 4889 indulgencia
2682 4825 2988 4869 concessa
3031 4808 3135 4868 uel
3180 4810 3242 4869 in
3288 4828 3432 4887 pos-

736 4925 945 4980 terum
994 4921 1430 4997 concedenda,
1477 4922 1559 4982 de
1606 4941 1730 4998 qua
1774 4924 1836 4981 in
1870 4924 2104 4983 nostris
2137 4920 2356 4982 litteris
2387 4919 2522 4980 fieri
2567 4920 2802 4981 debeat
2841 4922 3092 4982 mencio
3137 4920 3436 5000 specialis,

737 5032 841 5092 uel
888 5034 1267 5113 quibusdam
1324 5034 1541 5097 litteris
1596 5036 1792 5097 felicis
1837 5034 2306 5096 recordacionis
2353 5033 2713 5093 Innocencii
2764 5053 2930 5113 pape
2977 5033 3436 5113 predecessoris
