3797 5795
1579 706 1773 785 539.

365 912 540 990 1256,
582 911 681 974 21.
728 913 995 976 marta.
1042 911 1103 977 U
1147 910 1479 980 Stolnom
1522 914 1914 999 Bioqradu.

363 1099 518 1162 Bela
576 1099 758 1183 kralj
812 1101 1105 1183 ugarskr'
1158 1101 1192 1163 ι’
1245 1102 1561 1167 hrvatskt'
1628 1099 2008 1192 dozvoly‘uy'e
2060 1109 2509 1195 gradjam'ma
2581 1133 2671 1173 na
2744 1111 3020 1174 Gradeu

1080 1216 1300 1300 sajam
1351 1239 1387 1278 0
1433 1217 1778 1303 blagdanu
1824 1242 1916 1284 sv.
1967 1222 2240 1285 Marka.

519 1404 637 1465 Nos
668 1401 869 1486 B(ela)
902 1407 1006 1467 dei
1050 1411 1259 1488 gracia
1293 1429 1405 1469 rex
1442 1409 1767 1492 Hungarie
1807 1423 1925 1474 ete.
1974 1414 2400 1496 significamus
2445 1417 2744 1476 omnibus
2791 1417 3022 1496 quibus

360 1527 649 1596 presentes
692 1517 1169 1595 hostendentur‚
1200 1523 1377 1600 quod
1410 1524 1726 1586 voluimus
1756 1546 1831 1587 ac
1864 1529 2312 1601 concessimus,
2343 1539 2408 1588 ut
2443 1531 2502 1588 in
2540 1539 2762 1590 monte
2807 1528 3016 1590 Grech

362 1629 437 1690 de
477 1630 772 1711 zagrabia.
817 1632 1101 1694 nundine
1133 1635 1217 1694 ab
1248 1646 1398 1696 octo
1429 1636 1655 1698 diebus
1700 1649 1849 1700 ante
1896 1640 2126 1701 festum
2176 1641 2345 1702 beati
2393 1641 2590 1702 Marci
2637 1643 3020 1723 evangeliste

366 1743 687 1821 incipiendo
732 1763 935 1823 usque
981 1757 1242 1809 octavas
1286 1750 1573 1811 eiusdem
1619 1752 1759 1812 sesti
1807 1755 1943 1813 sine
1989 1754 2226 1814 tributo
2274 1754 2560 1832 quolibet
2607 1755 3019 1816 celebrentur.

369 1854 534 1916 Unde
572 1859 951 1936 quicumque
982 1859 1081 1920 vel
1116 1861 1566 1941 undecumque
1612 1864 1924 1926 voluerint
1971 1866 2110 1942 illic,
2155 1886 2374 1927 secure
2405 1878 2470 1928 et
2500 1868 2694 1928 libere
2740 1867 3016 1928 debeant

366 1967 643 2041 advenire,
686 1969 982 2031 faciendo
1030 1984 1471 2049 mercaturam,
1518 1995 1737 2038 secure
1789 1978 1871 2038 ad
1927 1981 2182 2058 propria
2229 1991 2637 2052 revertantur,
2685 1981 3022 2058 nullusque

366 2081 499 2157 ipsis
539 2081 806 2162 dampna
872 2084 967 2145 vel
1029 2087 1352 2148 molestias
1412 2101 1737 2167 presumat
1784 2093 2182 2170 aliquatenus
2229 2095 2520 2174 irrogare,
2565 2112 2712 2154 cum
2760 2094 3025 2155 velimus

369 2210 469 2252 eos
507 2193 633 2254 illuc
676 2200 1045 2278 congregari
1094 2201 1213 2259 sub
1262 2211 1476 2262 nostra
1522 2207 1931 2281 proteccione
1978 2206 2249 2284 speciali.
2295 2205 2534 2267 Datum
2583 2217 2737 2286 aput
2785 2204 3020 2267 Albam

366 2307 587 2378 curiam,
646 2310 706 2368 in
772 2311 935 2370 festo
1004 2314 1205 2372 sancti
1279 2313 1622 2389 Benedicti,
1694 2337 1866 2377 anno
1939 2319 2180 2379 domini
2255 2317 2438 2383 MCC
2490 2321 3022 2401 quinquagesimo

366 2427 545 2476 sext0.

523 2611 757 2671 Ikallic'
794 2615 963 2672 Mon.
1009 2617 1121 2675 civ.
1169 2619 1357 2693 Zagr.
1406 2621 1457 2678 I.
1509 2624 1605 2680 26.
1653 2623 1739 2678 br.
1796 2627 1883 2682 31.
1935 2657 2015 2666 ——
2065 2625 2439 2702 Kukuljevic‘
2475 2627 2626 2700 Reg.
2677 2645 2771 2682 κο.
2828 2628 2965 2682 694.

1580 2958 1772 3037 540.

360 3155 531 3237 1256,
571 3161 673 3224 24.
724 3166 988 3229 marta.

356 3347 503 3409 Bela
532 3351 713 3437 kralj
738 3354 1026 3439 ugarskt‘
1051 3356 1085 3419 ι’
1106 3358 1424 3421 Ιιντ]αί,ς,ἐι“
1443 3357 1756 3442 prz'znaje
1784 3356 2088 3421 §esterim
2125 3359 2387 3439 plemen
2397 3357 2534 3421 ima
2570 3357 3012 3442 Gory'anskt'm

1304 3472 1589 3556 njz'leovu
1638 3470 2032 3555 djedovz'nu.

502 3654 695 3739 (B)ela
756 3660 859 3721 dei
919 3666 1127 3743 gracia
1192 3664 1537 3745 Hungarie,
1598 3664 1945 3737 Dalmacie‚
2007 3664 2228 3737 Kame,
2274 3662 2510 3734 Serme,
2557 3661 2837 3737 Gallicie,
2889 3663 3012 3725 Lo-

341 3767 619 3845 domerie‚
666 3772 1104 3854 Comanieque
1152 3797 1265 3837 rex
1313 3778 1616 3837 universis
1663 3787 1989 3855 presentes
2037 3776 2274 3837 litteras
2323 3777 2696 3853 inspecturis
2746 3776 3016 3838 salutem

338 3883 397 3941 in
439 3888 715 3947 omniurn
760 3888 1089 3950 salvatore.
1140 3890 1543 3973 Excellencia
1607 3893 1775 3972 regia
1838 3888 2133 3950 remediis
2200 3888 2536 3969 invigilans
2582 3889 3014 3951 subiectorum

332 3997 485 4058 solet
528 4017 601 4059 ea
644 4000 993 4062 litterarum
1041 4004 1408 4063 testimonio
1456 4004 1772 4077 roborare,
1804 4022 1932 4083 que
1963 4002 2243 4083 legitime
2291 4004 2728 4077 terminantur,
2775 4022 2854 4062 ne
2903 4003 3017 4065 hiis

330 4130 617 4189 processu
680 4124 1043 4193 temporum
1107 4119 1167 4176 in
1233 4117 1471 4176 irritum
1553 4119 1863 4177 revocatis
1927 4116 2168 4176 veritati
2233 4114 2598 4193 preiudicet‚
2645 4114 2883 4176 salsitas
2951 4128 3014 4175 et

329 4224 610 4303 iniquitas
654 4228 973 4307 prevaleat
1020 4230 1299 4307 equitati.
1346 4229 1621 4289 Proinde
1652 4228 1735 4289 ad
1769 4230 2208 4289 universorum
2258 4229 2562 4288 noticiam
2609 4239 2830 4288 tenore
2876 4248 3016 4307 pre-

323 4342 594 4401 sencium
643 4341 938 4402 volumus
996 4343 1339 4420 pervenire,
1400 4343 1575 4422 quod
1638 4360 1781 4402 cum
1846 4352 1993 4420 post
2055 4360 2374 4401 recessum
2433 4341 2844 4403 Tartarorum
2894 4360 3011 4419 pro

322 4454 687 4515 revocandis
733 4455 968 4515 iuribus
1013 4457 1195 4516 castri
1259 4453 1538 4515 indebite
1601 4456 1928 4533 occupatis
1991 4474 2106 4533 per
2152 4465 2362 4514 totum
2409 4472 2676 4535 regnum
2723 4464 3012 4515 nostrum

318 4564 592 4628 diversos
654 4568 893 4628 iudices
961 4569 1363 4641 misissemUS,
1425 4570 1584 4628 inter
1629 4578 1876 4628 ceteros
1925 4565 2107 4630 Chal<
2153 4585 2374 4627 comes
2419 4566 2502 4625 de
2547 4564 2736 4640 Gara,
2781 4567 3012 4627 ensifer

318 4692 546 4756 noster,
591 4680 862 4742 dilectus
921 4692 1137 4741 noster
1184 4692 1247 4741 et
1298 4680 1500 4741 fidelis
1560 4700 1677 4741 sex
1725 4681 2183 4761 generaciones
2228 4678 2312 4739 de
2357 4681 2666 4739 comitatu
2713 4677 2882 4740 Gara
2928 4680 3010 4739 ad

320 4804 593 4855 nostram
644 4796 1039 4873 presenciam
1086 4796 1375 4854 evocavit
1421 4804 1482 4854 et
1516 4803 1713 4854 terras
1759 4792 2115 4854 eorundem
2165 4794 2426 4853 nomine
2471 4802 2776 4853 terrarum
2826 4796 3007 4853 castri

318 4920 519 4967 castro
551 4910 789 4968 restitui
838 4907 1185 4988 repetebat.
1248 4906 1493 4967 Eedem
1540 4918 1757 4967 autem
1806 4908 2260 4987 generaciones
2305 4926 2388 4965 ex
2434 4906 2702 4966 adverso
2750 4925 3011 4984 respon-

318 5020 557 5095 derunt,
605 5019 786 5101 quod
832 5018 935 5082 ille
980 5030 1145 5081 terre
1192 5023 1473 5099 ipsorum
1520 5030 1732 5080 essent
1780 5019 2155 5079 hereditarie
2201 5028 2263 5078 et
2296 5018 2475 5097 quod
2519 5018 2852 5097 quondam
2899 5038 3011 5098 per

320 5132 500 5213 Moys
530 5136 837 5195 comitem
871 5133 953 5195 de
984 5131 1155 5196 Gara
1189 5135 1249 5193 in
1284 5144 1497 5194 nostra
1540 5133 1866 5211 presencia
1915 5134 2168 5192 racione
2212 5135 2398 5193 castri
2434 5134 2492 5192 in
2527 5130 2829 5191 iudicium
2875 5134 3008 5210 ipse
