3797 5795
1566 390 1972 454 „547”

398 584 637 662 scripta
715 580 980 642 donatio
1052 581 1485 643 irretractabili
1556 582 1785 641 merito
1854 579 2185 655 iudicetur,
2251 580 2316 640 in
2361 588 2608 658 partem
2679 578 3121 640 sollicitudinis

403 696 715 755 traximus
760 693 1091 755 edicenda.
1139 694 1199 755 Is
1246 695 1485 755 etenim
1516 712 1596 754 eo
1628 703 1942 772 tempore,
1985 691 2251 773 quando
2283 691 2549 753 insultus
2593 692 2854 773 pestifer
2896 691 3119 753 Tarta-

404 826 621 869 rorum
666 824 939 889 regnum
986 817 1277 869 nostrum
1323 808 1605 886 peccatis
1665 806 2071 887 exigentibus
2115 805 2351 867 viribus
2411 815 2706 867 tenuarat
2751 816 2816 867 et
2859 815 3123 886 propter

406 920 531 981 hoc
576 928 801 981 contra
848 919 1156 982 illustrem
1201 931 1452 999 patrem
1499 929 1563 980 et
1609 919 1949 980 dominum
1995 929 2286 979 nostrum
2348 936 2566 1000 regem
2613 918 2945 1000 Hungarie
2990 917 3126 979 dux

403 1031 663 1109 Austrie
718 1032 1079 1095 Fridericus
1138 1035 1249 1114 qui
1308 1032 1444 1095 aliis
1504 1033 1906 1113 temporibus
1965 1050 2166 1114 regno
2236 1030 2566 1114 Hungarie
2633 1049 2766 1092 non
2825 1041 3126 1112 potuerat

405 1149 719 1221 restitisse,
764 1156 989 1208 contra
1037 1146 1318 1208 eundem
1365 1146 1853 1209 illustrissimum
1896 1156 2150 1225 patrem
2181 1155 2473 1207 nostrum
2517 1145 2822 1206 insultum
2868 1144 3124 1217 facienS,

404 1260 776 1321 calcaneum
809 1262 1051 1341 erigere
1082 1277 1215 1321 non
1246 1262 1525 1339 expavit,
1554 1259 1833 1321 levando
1863 1271 2088 1321 contra
2120 1278 2270 1319 eum
2319 1260 2736 1321 fortissimum
2767 1260 3122 1319 exercitum

405 1372 577 1433 velut
623 1372 841 1447 hostis,
904 1372 1035 1434 duo
1084 1383 1289 1435 castra
1334 1384 1553 1435 nostra
1599 1376 1663 1433 in
1710 1370 1993 1435 confinio
2053 1371 2415 1449 Theutonie
2460 1380 2842 1444 constructa,
2886 1369 3125 1432 scilicet

406 1486 756 1547 Posonium
805 1496 869 1547 et
914 1484 1307 1564 Supronium
1353 1495 1577 1547 contra
1624 1486 1906 1548 eundem
1937 1485 2332 1548 Fridericum
2379 1484 2612 1546 ducem
2657 1503 2808 1545 cura
2853 1483 3117 1565 diligen-

413 1601 657 1660 tissima
700 1598 849 1661 forti
894 1598 1159 1661 brachio
1204 1596 1625 1661 confirmavit.
1674 1599 1818 1678 Ipse
1863 1618 2018 1660 vero
2049 1618 2134 1659 ex
2164 1598 2612 1660 ardentissima
2657 1594 2962 1658 fidelitate
3007 1615 3121 1657 sua

404 1714 715 1774 sustinere
761 1730 891 1773 non
924 1713 1161 1787 valenS,
1207 1714 1362 1791 quin
1405 1729 1755 1792 personam
1800 1730 1986 1772 suam
2033 1712 2094 1771 in
2141 1713 2282 1791 ipso
2327 1728 2674 1792 congressu
2719 1712 2896 1792 regio
2941 1709 3118 1771 lateri

404 1827 693 1899 sociaret,
752 1824 1027 1885 dimissis
1086 1835 1223 1885 tota
1283 1825 1521 1887 familia
1582 1821 1829 1905 domi(l)
1891 1842 2005 1885 sue
2066 1834 2130 1885 et
2176 1825 2436 1885 armatis
2479 1842 2677 1903 quam
2723 1823 3008 1901 pluribus
3054 1824 3118 1882 in

406 1940 627 1999 castris
672 1938 917 1999 eisdem
962 1938 1382 2017 personaliter
1426 1937 1511 1999 ad
1561 1937 1898 1998 dominum
1946 1955 2131 1997 suum
2179 1937 2482 1999 illustrem
2529 1947 2781 2017 patrem
2828 1946 3116 1997 nostrum

406 2063 472 2112 et
516 2053 727 2131 ipsum
788 2053 1142 2113 exercitum
1203 2069 1272 2112 se
1336 2050 1669 2112 transtulit.
1742 2048 1938 2113 Cuius
1998 2050 2144 2111 loco
2207 2060 2270 2112 et
2331 2052 2468 2111 vice
2529 2052 2735 2111 maior
2781 2060 2844 2112 et
2891 2048 3122 2110 ductor

406 2166 602 2226 totius
677 2165 995 2227 exercitus
1068 2164 1223 2245 regii
1284 2166 1683 2238 constitutus,
1750 2174 1883 2225 tam
1931 2173 2244 2237 strenuuS,
2291 2174 2424 2224 tam
2495 2162 2782 2245 diligens,
2850 2173 3113 2243 tamque

404 2280 907 2357 circumspectus
953 2277 1183 2339 ductor
1227 2278 1437 2337 extitit
1484 2288 1547 2338 et
1579 2278 1814 2356 pariter
1858 2276 2214 2349 dimicator,
2261 2275 2616 2352 quodlicet
2663 2294 2858 2355 quam
2905 2275 3118 2355 plures

405 2390 489 2451 de
533 2401 716 2469 parte
777 2390 1031 2451 illustris
1091 2392 1287 2469 patris
1348 2392 1543 2451 nostri
1594 2391 1657 2450 in
1704 2389 1937 2450 eadem
1983 2408 2130 2449 area
2175 2388 2263 2449 ob
2311 2407 2613 2471 magnam
2681 2388 3118 2451 fortitudinem

404 2504 583 2585 prelii
630 2502 847 2563 divino
892 2503 1128 2564 iudicio
1174 2503 1571 2577 cecidissent,
1600 2513 1819 2565 tamen
1864 2503 2002 2564 dux
2049 2504 2185 2581 ipse
2230 2522 2343 2582 per
2387 2522 2566 2564 arma
2611 2505 2782 2584 regie
2828 2504 3116 2582 potentie

386 2618 465 2676 .in
515 2618 651 2695 ipsa
695 2635 842 2677 area
874 2616 1053 2696 prelii
1095 2616 1313 2677 divino
1358 2616 1593 2677 iudicio
1639 2616 1776 2677 dies
1822 2634 1974 2677 suos
2019 2615 2242 2677 clausit
2287 2626 2633 2677 extremos,
2680 2616 2842 2677 Item
2889 2617 3118 2677 missus

402 2728 573 2790 idem
623 2728 958 2790 Rolandus
1020 2729 1227 2789 banus
1271 2747 1417 2789 cum
1465 2730 1603 2790 aliis
1646 2730 1996 2790 baronibus
2040 2747 2156 2808 per
2199 2740 2499 2809 parentes
2561 2740 2816 2790 nostros
2862 2731 2923 2790 in
2971 2729 3119 2790 sub-

388 2841 637 2904 sidium
706 2851 1091 2918 nostrorum,
1142 2851 1213 2904 ut
1284 2839 1629 2917 Cuman03‚
1698 2844 1804 2922 qui
1874 2861 1946 2904 se
2011 2862 2050 2904 a
2117 2860 2317 2926 regno
2382 2842 2712 2925 Hungarie
2779 2840 3115 2903 extrahere

398 2956 723 3031 volebant,
767 2974 884 3035 per
928 2975 1155 3016 eorum
1208 2956 1515 3017 auxilium
1563 2977 1601 3017 a
1646 2957 1952 3018 limitibus
2013 2957 2192 3038 regni
2238 2957 2569 3037 Hungarie
2629 2955 3112 3034 expelleremus,

400 3069 492 3132 Ut
556 3087 676 3129 nos
737 3071 1165 3130 inveniremur
1224 3071 1398 3148 ipsos
1459 3079 1922 3147 contempnere
1989 3088 2123 3130 non
2184 3088 2322 3143 nos,
2381 3071 2501 3148 ipsi
2559 3068 2755 3129 iidem
2814 3080 3112 3148 parentes

396 3184 597 3244 nostri
660 3193 996 3262 tamquam
1056 3183 1369 3261 promisse
1438 3183 1625 3243 nobis
1686 3181 2046 3243 dilectionis
2113 3184 2564 3256 inmnemoreS,
2609 3201 2730 3260 pro
2791 3200 2870 3243 eo
2933 3179 3110 3259 quod

396 3295 736 3357 Rolandus
780 3295 1005 3368 banuS,
1051 3312 1447 3373 quamquam
1510 3295 1689 3355 iuxta
1751 3294 2131 3356 mandatum
2193 3313 2436 3369 eorum,
2493 3305 2674 3376 grata
2733 3293 2921 3354 nobis
2995 3293 3112 3353 ob-

396 3409 621 3487 sequia
665 3407 959 3480 faciebat,
1022 3425 1136 3487 per
1192 3408 1551 3484 emulorum
1600 3406 1908 3487 obloquia
1953 3407 2313 3486 predictum
2372 3408 2614 3468 banum
2663 3417 2794 3467 tam
2841 3406 3113 3488 gravite-

396 3521 869 3596 destruxerunt,
929 3519 1109 3600 quod
1182 3521 1423 3582 banatu
1497 3539 1614 3582 suo
1676 3523 1886 3599 ipsum
1948 3519 2230 3582 indebite
2292 3520 2646 3599 spoliarunt
2705 3531 2770 3580 et
2829 3518 3111 3580 diversas

394 3636 835 3714 possessiones
880 3652 1025 3694 suas
1068 3632 1407 3694 crudeliter
1468 3633 1706 3694 destrui
1767 3642 2206 3713 preceperunt.
2271 3631 2445 3712 Quid
2490 3631 2712 3713 plura?
2779 3632 2946 3694 Baro
2992 3634 3109 3694 iste

394 3765 546 3807 cum
613 3748 792 3828 regni
868 3748 1067 3807 nostri
1142 3757 1405 3826 propter
1480 3746 1652 3807 bone
1728 3749 1961 3807 mentis
2035 3765 2147 3808 sue
2228 3748 2542 3826 optimam
2619 3745 3108 3825 dispositionem

396 3878 622 3938 emper
702 3869 905 3920 status
974 3859 1317 3920 altissimos
1384 3861 1707 3932 tenuisset,
1774 3859 2126 3938 aliquando
2193 3859 2634 3940 palatinatum,
2695 3857 3106 3937 quandoquei

392 3972 729 4046 banatum,
797 3970 1083 4032 diversos
1148 3972 1360 4051 plures
1441 3975 1801 4048 comitatuS,
1876 3991 1997 4033 nec
2057 3991 2188 4033 non
2258 3972 2401 4033 aule
2461 3973 2638 4052 regie
2685 3973 3106 4053 magistratuS,

392 4087 459 4150 in
543 4084 777 4146 iudicio
862 4087 1077 4158 iustuS‚
1152 4081 1458 4145 fidelitate
1548 4103 1759 4164 puruS,
1830 4088 2320 4146 conversatione
2387 4083 2606 4159 dulciS‚
2667 4085 2966 4146 omnibus
3041 4104 3108 4145 e.1

394 4197 747 4272 amandus;
808 4216 957 4258 cum
1018 4197 1233 4258 divina
1302 4216 1531 4258 manus
1590 4198 1853 4259 tandem
1918 4217 2188 4280 regnum
2250 4199 2445 4276 patris
2505 4200 2705 4258 nostri
2748 4197 2834 4258 ad
2878 4217 3107 4260 manus

394 4319 645 4372 nostras
706 4311 839 4371 iure
898 4311 1291 4372 successorio
1352 4311 1783 4372 universaliter
1843 4313 2277 4384 convertisset,
2323 4312 2600 4372 universi
2645 4309 2866 4372 fideles
2912 4321 3106 4384 nostr,

394 4431 532 4483 tam
592 4422 1015 4484 ecclesiastice
1076 4440 1369 4502 persone,
1430 4441 1627 4503 quam
1686 4426 2035 4486 servientes
2093 4424 2354 4506 regaleS,
2413 4426 2524 4504 qui
2587 4432 2880 4502 ternpore
2925 4436 3107 4483 corot

392 4535 672 4596 nationis
731 4545 947 4598 nostre
1014 4537 1078 4596 in
1148 4537 1463 4618 integrum
1526 4537 1908 4597 immensam
1973 4539 2542 4618 congregationem
2615 4535 2792 4616 apud
2865 4533 3102 4597 Albam

392 4646 695 4722 fecerant,
740 4658 875 4708 tam
920 4667 1237 4728 pauperes
1297 4668 1491 4728 quam
1540 4649 1766 4710 divites
1826 4651 2316 4710 coronationem
2362 4659 2647 4710 nostram
2694 4649 2912 4710 videre
2957 4667 3105 4711 cum

390 4759 631 4842 gaudio
676 4771 1147 4842 exspectantes,
1192 4780 1350 4822 voce
1397 4763 1460 4823 in
1504 4763 1707 4824 altum
1753 4764 2184 4824 communiter
2227 4762 2473 4823 elevata
2517 4762 2883 4824 huiusmodi
2929 4781 3106 4824 com-

392 4872 881 4935 mendationem
914 4874 996 4937 de
1028 4893 1305 4954 persona
1336 4893 1450 4936 sua
1481 4875 1566 4936 ad
1596 4885 1847 4937 nostras
1891 4895 2077 4936 aures
2108 4879 2312 4958 regias
2343 4875 2739 4938 extulerunt:
2786 4875 2846 4938 N
2851 4877 3108 4938 overitis

390 4985 457 5045 in
497 5003 769 5068 regnum
816 4987 1137 5069 integrum
1167 5006 1282 5048 rex
1313 5005 1705 5069 consurgens
1736 4990 1900 5050 inter
1930 5007 2160 5050 omnes
2189 4990 2466 5050 barones
2495 4989 2748 5052 illustris
2793 4991 3104 5050 memorie

392 5098 591 5178 patris
638 5101 825 5160 vestri
873 5111 937 5161 et
982 5110 1227 5162 vestros
1259 5099 1428 5162 hunc
1474 5100 1842 5162 Rolandum
1888 5101 2131 5163 banum
2165 5104 2229 5163 in
2261 5105 2440 5163 omni
2485 5102 2776 5166 bonitate
2806 5113 2870 5164 et
2903 5102 3104 5164 odore

2984 5249 3018 5286 *
