3797 5795
1865 378 2277 442 —170—

713 568 890 627 nium
939 570 1204 629 minime
1251 569 1546 630 ualituris.
1617 569 1858 631 Datum
1907 568 2203 649 Anagnie
2250 568 2387 631 XII.
2434 568 2743 629 kalendas
2802 568 2947 641 iulii,
3006 567 3435 647 pontifioetus

713 682 910 740 nostri
959 698 1136 741 anno
1183 692 1390 743 sexto.

896 872 1201 949 Ortjginal
1240 894 1281 932 u
1328 874 1552 933 arkivu
1597 870 2102 952 guberng’jalnonk
2150 895 2191 933 u
2220 876 2455 948 Zadru,
2507 875 2647 932 odio
2676 884 3035 931 samostana
3067 894 3156 931 sv.
3190 872 3437 931 Nikola-

708 976 798 1034 br.
851 980 939 1033 21.
991 979 1191 1036 Pec‘at
1235 978 1558 1056 eleg-ubljen.

1972 1322 2165 1403 677.

707 1496 915 1571 1260,
961 1496 1071 1561 20.
1111 1496 1320 1579 juna.
1368 1496 1428 1562 u
1471 1496 1779 1582 Anam.

705 1686 1155 1750 Aleksandar
1195 1685 1246 1748 I
1255 1685 1329 1749 V.
1369 1693 1741 1771 preporud'a
1785 1694 2136 1751 samostan
2175 1708 2270 1751 π).
2304 1688 2391 1751 N
2385 1686 2561 1751 ikolc
2595 1710 2641 1749 u
2674 1684 2925 1751 zal‘titu
2972 1683 3431 1769 nadbt'skupu

1653 1798 1688 1861 ι’
1727 1800 2004 1884 kaptolu
2052 1800 2467 1864 zadarskom.

878 2016 1255 2080 Alexander
1301 1997 1640 2097 episcopus
1684 2037 1905 2080 seruus
1948 2038 2279 2081 seruorum
2325 2018 2425 2081 dei
2474 2019 2821 2080 venerabili
2850 2019 3023 2079 fratri
3054 2018 3423 2079 Laurentio

703 2131 1186 2210 archiepiscopo
1249 2143 1311 2192 et
1372 2130 1620 2193 dilectis
1679 2130 1818 2193 filiis
1881 2132 2163 2212 capitulo
2224 2132 2513 2213 Jadrensi
2558 2131 2831 2193 salutem
2874 2141 2939 2192 et
2984 2130 3423 2210 apostolicam

704 2244 1242 2306 benedictionem.
1290 2242 1475 2322 Opus
1520 2246 1771 2324 pietatis
1817 2245 1954 2306 fore
2000 2245 2365 2321 dinoscitur,
2424 2248 2473 2306 si
2521 2247 2809 2324 personis
2876 2243 3071 2305 diuini
3130 2244 3426 2303 nominis

702 2378 740 2418 a
786 2358 1034 2439 scriptis
1078 2357 1270 2418 cultui
1319 2357 1553 2419 fauoris
1596 2359 1907 2421 auxilium
1954 2359 2377 2438 impendatur.
2424 2357 2563 2421 Nos
2592 2360 2779 2440 igitur
2824 2357 2907 2418 de
2951 2357 3152 2418 salute
3199 2366 3423 2417 uestra

703 2469 948 2531 solliciti
997 2470 1290 2531 uolentes
1337 2489 1454 2531 uos
1499 2470 1582 2531 ad
1629 2490 1794 2550 opus
1839 2471 2203 2532 huiusmodi
2250 2472 2534 2546 inuitare,
2577 2491 2697 2551 pro
2751 2471 2997 2532 dilectis
3041 2472 3105 2529 in
3152 2466 3420 2532 Christo

703 2582 952 2647 filiabus
983 2631 994 2643 .
1029 2631 1041 2643 .
1075 2631 1087 2642 .
1134 2584 1456 2645 abbatissa
1487 2594 1550 2643 et
1585 2594 1911 2645 conuentu
1944 2584 2317 2646 monialium
2362 2584 2745 2647 inclusarum
2796 2584 3156 2645 monasterii
3204 2582 3415 2642 sancti

703 2694 948 2757 Nicolai
991 2695 1329 2776 JadrensiS‚
1375 2696 1615 2758 ordinis
1659 2698 1859 2757 sancti
1931 2696 2228 2758 Damiani
2293 2696 2377 2759 ad
2440 2698 2799 2759 Romanam
2848 2694 3182 2757 ecclesiam
3230 2694 3419 2755 nullo

703 2808 918 2871 medio
965 2810 1358 2889 pertinentis
1387 2811 1858 2871 vniuersitatem
1893 2820 2173 2872 uestram
2206 2810 2559 2893 rogandam
2593 2809 2896 2871 duximus
2926 2818 2991 2869 et
3024 2806 3414 2868 hortandam

701 2925 764 2984 in
810 2925 1252 2986 remissionem
1314 2925 1499 2986 uobis
1565 2927 2011 3004 peccaminum
2072 2927 2489 3006 iniungentes,
2550 2925 2851 3003 quatinus
2902 2921 3165 2984 easdem
3210 2921 3417 2982 abba-

697 3038 916 3098 tissam
963 3047 1026 3099 et
1071 3047 1464 3098 conuentum
1511 3036 1822 3098 habentes
1868 3058 1985 3117 pro
2034 3039 2251 3099 diuina
2296 3049 2360 3099 et
2407 3047 2624 3099 nostra
2676 3037 3031 3098 reuerentia
3074 3053 3417 3096 commen-

699 3147 899 3222 datas,
944 3150 1112 3228 ipsas
1157 3160 1219 3209 et
1268 3149 1510 3210 dictum
1575 3153 2035 3212 monasterium
2096 3163 2308 3212 uestre
2366 3151 2781 3230 protectionis
2827 3148 3076 3210 auxiliis
3122 3146 3417 3222 fouentis

697 3261 785 3321 ita
831 3260 1009 3340 quod
1070 3279 1154 3321 ex
1217 3261 1341 3322 hoc
1405 3261 1620 3326 diuine
1665 3263 2097 3324 retributionis
2140 3263 2396 3324 uberius
2439 3267 2705 3346 gratiam
2756 3261 3129 3323 mereamini
3174 3270 3242 3321 et
3288 3279 3415 3320 nos

700 3372 1114 3435 deuotionem
1149 3383 1427 3436 uestram
1459 3375 1796 3458 condignis
1839 3395 2307 3456 prosequamur
2350 3376 2707 3438 actionibus
2749 3377 3111 3457 gratiarum.
3162 3372 3409 3434 Datum

699 3483 996 3566 Anagnie
1041 3485 1179 3548 X11.
1229 3485 1538 3548 kalendas
1584 3488 1729 3562 iulii,
1773 3488 2185 3568 pontificatus
2231 3492 2426 3551 nostri
2474 3509 2647 3551 anno
2693 3499 2899 3550 sexto,

883 3679 1183 3754 Original
1222 3700 1263 3738 u
1299 3679 1801 3757 gubernijalnom
1849 3681 2075 3741 arkivu
2108 3703 2149 3741 u
2180 3683 2412 3752 Zadru,
2460 3684 2602 3742 odio
2630 3689 2988 3742 samos-tana
3035 3700 3121 3740 εὐ.
3180 3677 3414 3738 Mkole

699 3783 787 3840 br.
839 3785 936 3840 26.
987 3785 1222 3842 Pec'ata
1268 3804 1466 3843 nema.

1958 4094 2152 4175 678.

693 4267 894 4336 1260.
939 4269 1050 4335 20.
1087 4267 1295 4352 im
1341 4267 1404 4335 u
1446 4268 1758 4356 Anam

693 4457 1140 4522 Aleksandar
1181 4458 1222 4520 I
1239 4458 1311 4524 V.
1353 4458 1737 4545 podjeljuje
1779 4465 2180 4523 samostanu
2213 4479 2305 4524 sv.
2337 4458 2593 4524 Nt'kole
2637 4481 2684 4522 u
2733 4459 2973 4523 Zadru
3014 4457 3399 4544 pavlasticu

1279 4572 1473 4658 glede
1519 4571 1860 4658 z'zopc‘enja
1905 4573 2291 4658 suspenztje
2336 4571 2371 4636 i
2407 4569 2806 4637 interdz'kta.

869 4762 1242 4825 Alexander
1265 4767 1604 4844 episcopus
1625 4783 1846 4826 seruus
1875 4784 2207 4826 seruorum
2238 4765 2343 4828 dei
2368 4765 2613 4827 dilectis
2638 4767 2700 4825 in
2725 4762 2977 4828 Christo
3002 4761 3249 4825 filiabus
3268 4810 3281 4823 .
3328 4811 3339 4824 .
3385 4811 3399 4823 .

693 4877 1015 4938 abbatisse
1061 4889 1122 4937 et
1169 4880 1516 4939 conuentui
1579 4877 1953 4939 monialium
2014 4878 2401 4940 inclusarum
2464 4879 2830 4938 monasterii
2892 4878 3091 4938 sancti
3150 4875 3397 4938 Nicolai

695 4988 1027 5068 Jadrensi5‚
1074 4991 1311 5050 ordinis
1356 4993 1554 5052 sancti
1601 4990 1918 5065 Damiani‚
1977 4990 2064 5052 ad
2126 4990 2485 5053 Romanam
2547 4990 2879 5052 ecclesiam
2944 4989 3121 5051 nullo
3182 4987 3398 5049 medio

703 5103 1093 5182 pertinentiS,
1138 5104 1406 5164 salutem
1453 5113 1518 5164 et
1563 5104 1983 5182 apostolicam
2030 5104 2566 5165 benedictionem.
2630 5101 2901 5166 Celestia
2970 5103 3395 5181 querentibus,
