3797 5795
1607 282 2011 347 -265-

473 472 948 535 meridionalem
990 483 1055 532 et
1102 472 1186 535 ibi
1237 474 1453 553 incipit
1499 486 1716 535 tenere
1785 484 2026 535 metam
2073 494 2220 535 cum
2270 472 2533 553 Chyzar,
2579 476 2729 536 inde
2774 476 3166 557 egrediendo

473 584 648 647 uadit
702 604 813 663 per
871 584 1208 665 planiciem
1255 586 1342 647 ad
1388 586 1715 667 quandam
1783 606 2089 669 magnam
2136 606 2444 666 quercum
2489 606 2677 648 cruce
2722 590 3037 669 signatam
3084 589 3169 649 ab

475 700 748 779 antique,
795 698 942 758 inde
989 699 1164 759 uadit
1208 698 1293 759 ad
1339 698 1528 761 aliam
1575 676 1883 779 quercum
1944 700 2066 761 sub
2132 718 2257 779 qua
2304 709 2399 761 est
2448 710 2617 761 meta
2666 710 2885 775 terrea,
2932 701 3169 762 deinde

477 810 649 872 uadit
689 811 770 871 ad
816 810 1142 889 quandam
1202 814 1412 890 pirum
1459 812 1579 874 sub
1627 832 1754 891 qua
1797 824 1894 874 est
1942 825 2112 874 meta
2175 824 2395 889 terrea,
2444 812 2592 873 inde
2648 816 2868 873 transit
2914 832 3027 892 per
3077 834 3172 874 ar-

479 923 662 985 bores
719 942 904 985 cruce
963 927 1244 1006 signatas
1287 935 1352 986 et
1399 926 1577 986 uadit
1623 927 1684 985 in
1733 926 2005 1008 virgulto
2061 945 2173 1004 per
2232 926 2497 987 arbores
2556 943 2742 986 cruce
2786 928 3065 1006 signatas
3110 937 3174 987 et

475 1036 546 1096 in
587 1036 710 1097 fine
751 1037 912 1098 illius
957 1036 1204 1118 virgulti
1236 1047 1332 1098 est
1363 1038 1492 1099 ilex
1526 1057 1760 1120 magna
1795 1039 1879 1099 ab
1912 1041 2177 1120 antiquo
2223 1058 2410 1100 cruce
2455 1041 2720 1120 signata,
2768 1037 2915 1099 inde
2956 1041 3175 1099 transit

473 1168 592 1228 per
633 1159 862 1210 metam
911 1159 972 1209 et
1019 1152 1352 1229 perueniet
1397 1152 1481 1211 ad
1526 1150 1790 1212 fluuium
1855 1150 2155 1214 Ozuthna
2202 1172 2327 1231 que
2374 1152 2598 1213 diuidit
2669 1161 2903 1212 terram
2952 1150 3177 1215 Chizar

481 1260 743 1323 Muthna
789 1273 1086 1325 uocatam
1131 1282 1198 1325 et
1243 1263 1392 1328 inde
1439 1265 1613 1325 uadit
1661 1284 1776 1344 per
1821 1266 2101 1327 eundern
2162 1264 2426 1325 fluuium
2498 1264 2795 1326 Ozuthna
2842 1275 2904 1324 et
2953 1266 3177 1325 transit

477 1392 596 1453 per
635 1376 928 1455 planicies
993 1377 1226 1440 multas
1272 1378 1355 1439 ad
1403 1389 1594 1458 caput
1665 1373 1896 1461 un[ius]
1968 1381 2160 1458 putei,
2208 1380 2315 1439 ubi
2362 1380 2577 1456 incipit
2648 1388 2865 1438 tenere
2938 1388 3178 1437 metam

482 1488 702 1549 iterato
745 1507 890 1549 cum
940 1487 1275 1552 Cruciseris
1321 1492 1402 1553 de
1449 1490 1692 1565 Dobza‚
1737 1511 1853 1570 per
1897 1492 2140 1552 dictum
2189 1491 2450 1552 fluuium
2498 1489 2794 1553 Ozuthna
2843 1502 2906 1550 et
2953 1501 3178 1568 postea

477 1617 600 1677 per
639 1600 885 1662 arbores
929 1604 1236 1663 tremulas
1283 1603 1549 1665 flectitur
1594 1603 1677 1665 ad
1724 1604 2111 1684 aquilonem,
2161 1605 2264 1664 ubi
2315 1604 2396 1663 de
2442 1622 2615 1665 nouo
2662 1623 2851 1683 super
2896 1604 3177 1683 quadam

483 1712 711 1773 arbore
738 1726 831 1774 est
861 1717 1114 1796 signum
1146 1719 1347 1778 crucis
1376 1718 1656 1795 positum
1689 1736 1807 1795 pro
1838 1720 2023 1797 signo
2053 1727 2117 1778 et
2148 1728 2375 1796 postea
2406 1719 2627 1777 transit
2660 1736 2771 1795 per
2796 1715 3181 1789 Ozuthnam‚

483 1825 664 1886 uadit
705 1826 782 1887 ad
827 1828 1153 1906 quandam
1201 1831 1372 1890 uiam
1406 1831 1467 1890 in
1502 1850 1621 1908 qua
1653 1839 1800 1889 sunt
1832 1829 1963 1891 due
2003 1839 2191 1904 mete,
2221 1830 2370 1890 inde
2418 1833 2638 1889 transit
2684 1848 2797 1907 per
2843 1829 3183 1907 planiciem

479 1947 552 1997 et
603 1941 875 2017 peruenit
924 1940 1009 2001 ad
1054 1941 1314 2003 arbores
1360 1942 1664 2003 tremulas
1725 1942 1844 2003 sub
1910 1943 2140 2019 quibus
2188 1945 2363 2003 iuxta
2412 1945 2581 2002 uiam
2630 1952 2776 2002 sunt
2825 1953 2949 2003 tres
2996 1953 3184 2015 mete,

481 2050 644 2111 inde
683 2051 846 2113 uadit
895 2072 1008 2131 per
1053 2055 1392 2135 virgultum
1423 2056 1508 2115 ad
1550 2068 1676 2116 tres
1723 2068 1927 2116 metas
1972 2056 2078 2115 ubi
2126 2066 2271 2117 sunt
2320 2069 2445 2116 tres
2490 2055 2749 2115 arbores
2796 2055 2948 2115 ilicis
2994 2054 3181 2115 simul

481 2176 724 2237 exorte,
765 2165 913 2227 inde
961 2166 1132 2227 uadit
1179 2187 1294 2246 per
1338 2180 1542 2229 metas
1587 2180 1652 2229 θῖ
1696 2171 1917 2229 transit
1964 2188 2077 2248 per
2124 2188 2387 2229 nemora
2432 2169 2516 2229 ad
2565 2167 2891 2246 quandam
2940 2178 3182 2227 metam

483 2278 806 2355 antiquam
857 2289 918 2339 et
967 2281 1116 2341 inde
1179 2281 1353 2342 uadit
1416 2301 1530 2361 per
1591 2291 1795 2343 metas
1840 2294 1905 2342 et
1950 2285 2278 2360 perueniet
2339 2282 2423 2341 ad
2482 2278 2815 2362 virgultum
2869 2280 3045 2358 quod
3092 2290 3190 2339 est

483 2398 648 2449 ante
706 2390 913 2453 uillam
985 2392 1132 2453 Isou
1200 2394 1306 2454 ubi
1375 2405 1470 2455 est
1543 2404 1712 2456 meta
1759 2414 1796 2455 a
1842 2405 2023 2473 parte
2094 2395 2507 2465 meridionali,
2554 2394 2703 2453 inde
2771 2392 3190 2474 progrediens

485 2501 696 2563 tendit
723 2504 800 2563 ad
832 2504 1044 2565 villam
1095 2505 1340 2567 Burizlo
1384 2508 1560 2585 apud
1608 2526 1803 2586 quam
1849 2520 1945 2567 est
1992 2520 2163 2569 meta
2195 2518 2259 2568 et
2292 2507 2441 2567 inde
2473 2506 2789 2588 egreditur
2822 2506 2905 2565 ad
2936 2516 3187 2584 partem

491 2615 970 2679 meridionalem
1012 2631 1076 2680 et
1122 2620 1328 2680 tendit
1372 2621 1456 2681 ad
1502 2622 1711 2699 pirum
1775 2621 1895 2681 sub
1958 2641 2081 2703 qua
2130 2632 2223 2682 est
2273 2632 2463 2693 meta,
2510 2620 2657 2680 inde
2719 2619 2921 2680 tendit
2969 2617 3052 2678 ad
3100 2637 3193 2677 se-

489 2726 812 2807 pedictum
859 2729 1124 2793 fluuium
1171 2730 1467 2794 Ozuthna
1515 2736 1690 2794 iuxta
1739 2754 1933 2813 quem
1980 2746 2076 2795 est
2124 2746 2295 2795 meta
2356 2734 2475 2793 sub
2521 2732 2747 2793 arbore
2794 2732 2946 2791 ilicis
2994 2741 3056 2791 et
3109 2730 3193 2790 ibi

499 2844 859 2906 transiendo
906 2843 1290 2926 Ozuthnam
1319 2848 1536 2927 incipit
1589 2857 1804 2910 tenere
1852 2858 2091 2909 metam
2138 2866 2284 2908 cum
2333 2844 2585 2925 populis
2628 2844 2710 2905 de
2758 2842 2902 2904 uilla
2950 2842 3194 2917 Dobsa,

499 2955 618 3014 ubi
657 2967 788 3018 sunt
835 2969 960 3018 tres
1008 2970 1179 3020 mete
1225 2971 1287 3020 et
1335 2963 1641 3039 incipiunt
1689 2973 1907 3022 tenere
1956 2972 2159 3022 metas
2204 2961 2287 3021 ab
2332 2960 2633 3038 aquilone
2680 2976 2823 3017 cum
2862 2955 3199 3019 Cruciseris

505 3067 592 3128 de
625 3067 830 3131 Dobza
863 3083 924 3131 et
957 3093 992 3132 a
1023 3083 1204 3151 parte
1251 3073 1648 3134 meridionali
1697 3093 1843 3134 cum
1893 3073 2037 3134 villa
2089 3074 2281 3134 Borsa
2323 3093 2359 3132 a
2392 3082 2571 3150 parte
2618 3089 2771 3130 uero
2820 3067 3199 3129 occidentali

503 3194 779 3244 remanet
827 3195 992 3245 terra
1039 3184 1266 3265 Ipoliti‚
1314 3187 1463 3248 inde
1513 3187 1714 3248 tendit
1747 3206 1860 3266 per
1893 3198 2099 3247 metas
2132 3189 2192 3247 in
2229 3185 2497 3266 virgulto
2531 3183 2615 3244 ad
2646 3185 2915 3261 primam
2962 3191 3197 3240 metam

506 3293 620 3354 ubi
660 3309 792 3357 sunt
838 3309 966 3358 tres
1009 3300 1272 3360 arbores
1331 3301 1505 3374 ilicis,
1552 3299 1786 3359 deinde
1849 3299 2053 3360 tendit
2115 3317 2229 3378 per
2276 3309 2480 3356 metas
2526 3299 2589 3355 in
2637 3295 2907 3373 planicie
2955 3304 3017 3352 et
3066 3311 3204 3371 per-

509 3409 679 3468 uenit
719 3409 798 3471 ad
845 3423 970 3472 tres
1035 3414 1296 3473 arbores
1363 3413 1615 3474 tremuli
1683 3413 1802 3474 sub
1874 3413 2103 3490 quibus
2150 3423 2241 3472 est
2292 3421 2480 3482 meta,
2527 3407 2761 3468 deinde
2824 3408 3045 3466 transit
3092 3425 3204 3484 per

511 3540 800 3602 magnam
848 3525 1016 3586 uiam
1064 3539 1129 3586 et
1177 3527 1350 3587 uadit
1395 3527 1480 3588 ad
1527 3528 1686 3588 duas
1731 3529 1903 3606 pirus
1950 3526 2069 3586 sub
2118 3525 2346 3603 quibus
2393 3532 2539 3582 sunt
2596 3529 2783 3594 mete,
2830 3518 2979 3578 inde
3028 3518 3205 3578 uadit

510 3634 598 3695 ad
642 3649 830 3698 metas
897 3641 1234 3721 angulares
1302 3641 1406 3701 ubi
1478 3643 1696 3719 incipit
1765 3653 1984 3700 tenere
2046 3649 2281 3698 metam
2354 3653 2501 3696 cum
2550 3630 2741 3707 Gatk,
2788 3632 2937 3691 inde
2986 3632 3207 3691 transit

513 3766 628 3826 per
665 3769 890 3828 paucas
935 3753 1198 3813 arbores
1243 3764 1306 3813 et
1352 3757 1642 3832 peruenit
1688 3753 1772 3814 ad
1821 3772 2013 3813 unam
2062 3752 2301 3830 tyleam
2336 3761 2399 3810 et
2432 3749 2650 3824 incipit
2698 3758 2913 3806 tenere
2964 3755 3204 3804 metam

515 3879 655 3923 cum
699 3867 999 3945 episcopo
1063 3867 1370 3928 Boznensi
1420 3878 1483 3927 et
1531 3867 1706 3927 uadit
1754 3885 1866 3944 per
1916 3876 2119 3926 metas
2188 3863 2444 3924 inferius
2490 3860 2571 3920 ad
2620 3857 2880 3920 fluuium
2935 3857 3097 3918 'llsua
3145 3869 3208 3918 et

518 3975 683 4037 uadit
723 3998 835 4056 per
880 3989 1078 4040 terras
1125 3980 1391 4040 arabiles
1436 3980 1518 4041 ad
1567 3980 1777 4058 capud
1798 3977 1861 4062 (1)
1937 3979 2097 4040 Ilsua
2147 3977 2248 4037 ubi
2297 3985 2443 4036 sunt
2491 3973 2615 4033 due
2662 3981 2833 4032 mete
2880 3983 2942 4030 et
2990 3971 3209 4047 incipit

520 4097 723 4151 tenere
767 4104 1004 4152 metam
1053 4111 1200 4153 curn
1248 4091 1502 4153 Thorna
1547 4095 1784 4152 comite
1831 4092 2020 4153 fratre
2066 4090 2226 4169 Fyle
2272 4087 2593 4168 prepositi,
2640 4083 2873 4145 deinde
2922 4082 3095 4142 uadit
3147 4085 3209 4141 in

523 4205 884 4266 arundineto
930 4225 1044 4284 per
1093 4219 1296 4266 metas
1327 4217 1388 4266 et
1423 4209 1712 4285 peruenit
1745 4205 1827 4266 ad
1861 4224 2057 4266 unam
2106 4221 2407 4284 magnam
2456 4199 2697 4259 vlmum
2746 4199 2863 4258 sub
2905 4213 3029 4273 qua
3062 4204 3248 4290 sunt·

524 4325 638 4378 tres
681 4329 846 4378 mete
894 4319 1001 4379 ubi
1049 4321 1422 4380 terminatur
1483 4332 1646 4381 terra
1708 4319 1964 4380 Thome
2031 4318 2283 4377 comitis
2328 4326 2391 4375 et
2440 4313 2655 4390 incipit
2702 4322 2917 4372 tenere
2966 4317 3207 4368 metam

523 4447 654 4492 cum
719 4435 972 4513 populis
1015 4434 1098 4495 de
1145 4430 1322 4494 Gara
1361 4445 1424 4493 et
1469 4431 1617 4492 inde
1665 4431 1838 4492 uadit
1887 4449 2102 4491 uersus
2149 4428 2516 4506 aquilonem
2562 4423 2645 4483 ad
2693 4419 2971 4502 capudQ)
3022 4420 3207 4479 unius

525 4551 804 4610 torrentis
849 4560 912 4609 et
959 4549 1045 4609 ibi
1093 4548 1402 4608 transiens
1447 4545 1624 4606 uadit
1671 4564 1783 4625 per
1833 4558 2037 4604 metas
2082 4546 2143 4602 in
2195 4552 2357 4601 terra
2398 4537 2635 4610 arabili,
2683 4537 2901 4596 transit
2948 4551 3061 4611 per
3110 4550 3217 4591 ne-

526 4679 693 4722 mora
736 4663 818 4724 ad
865 4663 1206 4740 planiciem
1255 4670 1319 4720 et
1363 4659 1542 4721 uadit
1600 4679 1715 4738 per
1777 4668 1982 4718 metas
2029 4666 2091 4716 et
2138 4656 2465 4734 perueniet
2510 4651 2593 4711 ad
2641 4650 2904 4711 fluuium
2952 4657 3015 4706 et
3062 4644 3216 4705 inde

524 4778 731 4835 transit
776 4795 890 4855 per
934 4786 1190 4854 pratum
1223 4776 1284 4834 in
1317 4776 1493 4834 cuius
1541 4771 1755 4832 medio
1804 4782 1901 4831 est
1951 4780 2119 4830 meta
2166 4768 2285 4827 sub
2331 4766 2559 4826 arbore
2592 4773 2655 4823 et
2688 4763 2835 4822 inde
2882 4759 3218 4842 egrediens

525 4888 689 4950 uadit
735 4908 936 4968 usque
983 4887 1214 4949 Ponith
1262 4888 1366 4947 ubi
1414 4895 1561 4947 sunt
1607 4897 1734 4946 tres
1781 4894 1972 4956 mete,
1998 4881 2145 4941 inde
2192 4878 2367 4940 uadit
2415 4881 2477 4938 in
2524 4876 2797 4956 uirgulto
2830 4894 2943 4952 per
2992 4881 3218 4943 meta5‚

527 5000 746 5063 deinde
791 5002 1063 5064 flectitur
1107 5001 1192 5061 ad
1240 5000 1603 5079 aquilonem
1655 5011 1717 5058 et
1767 4997 1943 5058 uadit
1992 4997 2051 5054 in
2102 4994 2371 5072 planicie
2417 4994 2478 5049 in
2528 4990 2703 5049 cuius
2746 4987 2871 5046 fine
2903 4996 2997 5046 est
3032 4996 3221 5056 meta,
