3797 5795
1576 395 1658 403 —
1720 360 1848 423 585
1926 394 1995 403 --

462 558 633 617 lutem
680 565 742 615 et
791 557 1065 635 graciam
1116 553 1392 631 plenam.
1444 550 1607 615 Cum
1656 553 1991 612 ecclesiam
2040 552 2533 633 Zagrabiensem
2568 562 2633 612 et
2666 552 2944 631 populos
2983 571 3134 615 suos

462 682 573 729 tam
616 666 693 727 ad
738 669 1109 745 episcopum
1163 684 1355 744 quam
1403 664 1485 725 ad
1532 665 1881 744 capitulum
1942 663 2229 726 eiusdem
2290 674 2656 743 spectantes
2715 668 2777 726 in
2829 665 3128 727 omnibus

459 780 841 851 libertatibuS,
888 779 1123 839 iuribus
1167 798 1244 839 ae
1292 779 1477 839 bonis
1537 778 2024 839 condicionibus
2069 780 2196 837 suis
2239 798 2278 838 a
2324 780 2558 839 sanctis
2617 778 3132 858 progenitoribus

463 894 666 953 nostris
708 891 918 952 eidem
965 893 1229 952 ecclesie
1276 892 1550 965 indultiS,
1596 892 1760 952 datis
1804 904 1868 952 et
1915 892 2234 952 concessis
2304 890 2568 951 velimus
2613 900 2677 951 et
2724 891 3132 952 intendamus

462 1006 675 1066 illesam
721 1015 783 1065 et
831 1007 1270 1065 inconcussam
1337 1022 1486 1065 cum
1544 1005 1735 1083 plena
1796 1007 2158 1085 integritate
2225 1022 2606 1065 conseruare
2651 1014 2716 1065 et
2763 1023 2882 1065 nos
2928 1006 3129 1065 eciam

455 1138 532 1179 ex
571 1136 731 1181 nunc
774 1118 1047 1179 eandem
1081 1120 1145 1177 in
1178 1128 1463 1178 nostram
1508 1119 1991 1196 proteccionem
2039 1119 2394 1195 recepimus
2440 1117 2802 1195 specialem,
2848 1116 3130 1178 fidelitati

458 1240 644 1291 uestre
689 1229 1067 1291 mandamus
1114 1232 1503 1307 requirentes
1536 1240 1599 1290 et
1632 1228 1895 1290 firmiter
1924 1228 2339 1309 precipiendo
2389 1230 2789 1304 mandamuS,
2820 1240 3135 1310 quatenus

456 1343 645 1404 nullus
706 1354 981 1404 uestrum
1031 1343 1114 1404 de
1160 1353 1373 1404 cetero
1434 1362 1624 1422 super
1682 1342 1961 1423 populos
2017 1336 2211 1421 ipsius
2272 1342 2538 1404 ecclesie
2605 1342 2951 1404 descensus
2995 1363 3131 1423 pre-

454 1466 645 1516 sumat
674 1455 875 1516 sacere
906 1455 1240 1531 uiolentOS,
1273 1474 1392 1517 nec
1424 1456 1669 1535 aliquas
1714 1456 2042 1516 molestias
2075 1469 2182 1517 aut
2215 1459 2585 1537 grauamina
2631 1456 2844 1517 eidem
2876 1456 3142 1517 ecclesie

452 1580 511 1625 et
552 1568 789 1648 populis
833 1569 1295 1647 pertinentibus
1324 1569 1408 1629 ad
1439 1569 1723 1630 eandem
1769 1568 1986 1648 aliquo
2033 1571 2290 1650 ingenio
2337 1568 2438 1629 uel
2488 1568 2701 1630 studio
2747 1568 2848 1629 uel
2881 1570 3138 1648 propria

455 1684 942 1760 presumpcione,
1001 1701 1115 1761 per
1176 1701 1367 1762 quam
1432 1682 1697 1743 essectus
1751 1692 1968 1742 nostre
2012 1684 2222 1762 gracie
2265 1691 2484 1760 posset
2531 1682 2820 1761 impediri
2869 1682 2969 1742 uel
3017 1681 3136 1743 dis-

448 1792 617 1865 solui,
664 1794 892 1855 debeat
936 1794 1336 1873 aliquatenus
1382 1796 1673 1876 irrogare.
1719 1792 1850 1855 Sed
1896 1796 2059 1855 sicut
2118 1806 2399 1855 nostram
2445 1796 2722 1875 graciam
2768 1812 2980 1856 caram
3029 1795 3138 1855 ha—

444 1906 587 1966 bere
631 1906 1014 1981 desideratis,
1058 1909 1149 1968 sic
1194 1907 1275 1968 de
1323 1907 1623 1967 omnibus
1654 1908 1961 1968 molestiis
1992 1917 2056 1967 et
2089 1907 2564 1988 grauaminibus
2593 1906 2836 1986 prefate
2869 1908 3132 1969 ecclesie

438 2017 534 2078 uel
564 2020 689 2079 suis
717 2020 968 2098 populis
998 2020 1271 2099 amplius
1302 2020 1647 2081 inferendis
1681 2038 1908 2079 manus
1941 2031 2178 2080 vestras
2211 2022 2466 2098 penitus
2496 2018 2843 2080 retrahatis.
2895 2018 3134 2081 Datum

436 2128 626 2204 Bude‚
672 2131 732 2191 in
778 2131 941 2192 festo
988 2133 1159 2192 beati
1207 2132 1391 2193 Blasii
1437 2134 1722 2192 martiris.
1770 2129 1969 2192 Anno
2015 2131 2258 2192 domini
2311 2128 2679 2195 MCCLXX
2725 2134 2951 2211 prim0.

603 2322 790 2381 Leber
818 2325 1108 2401 pm'visteg
1158 2325 1412 2401 episcop.
1458 2324 1726 2399 Zagrab.
1775 2324 1887 2381 list
1932 2328 2018 2382 10.

612 2426 861 2486 Tkalc‘ic‘
898 2427 1170 2487 Monam.
1238 2429 1495 2505 episcop.
1558 2428 1826 2503 Zagrab.
1875 2430 1926 2487 l.
1979 2432 2104 2484 156.
2153 2461 2238 2470 —
2300 2427 2545 2486 Wenzel
2593 2428 2739 2487 Cod.
2788 2426 2938 2505 dipl.
2984 2426 3136 2504 Arp.

442 2540 589 2591 cont.
636 2532 776 2591 XII.
827 2537 925 2587 44.
970 2534 1191 2591 donosi
1231 2541 1447 2607 regest.
1498 2564 1584 2574 —
1630 2530 2006 2608 Kukubevic
2047 2534 2194 2606 Reg.
2241 2552 2335 2589 no.
2394 2534 2569 2587 1029.

1720 2840 1855 2923 37.

450 3032 630 3114 1271,
671 3035 993 3118 mjoeeca
1036 3032 1405 3102 februm-a..
1454 3033 1515 3100 U
1558 3033 1857 3100 Kotoru.

463 3221 671 3307 szec‘e
724 3225 950 3312 grada
1018 3225 1283 3288 Kotora
1348 3223 1519 3288 moli
1570 3245 1620 3287 u
1683 3223 1970 3308 bt'skupa
2016 3222 2050 3285 ι’
2088 3223 2360 3307 kape-‘ola
2409 3223 2590 3284 neku
2637 3227 2952 3286 novc‘anu
2995 3221 3131 3306 pri·

1658 3341 1903 3420 pomoc.

607 3529 801 3592 Anno
876 3531 1336 3591 incarnacionis
1410 3530 1657 3590 domini
1733 3530 2070 3591 millesimo
2146 3530 2589 3590 ducentesimo
2658 3531 3131 3610 septuagesimo

444 3642 653 3716 prium,
698 3646 932 3705 mensis
978 3643 1288 3704 februarii.
1338 3643 1476 3706 Nos
1520 3642 1783 3721 quidem
1831 3644 2204 3704 vniuersitas
2252 3689 2631 3702 .......
2679 3643 2775 3701 nis
2823 3641 2995 3702 Pauli
3027 3641 3130 3702 filii

448 3751 593 3814 Bare
635 3768 695 3817 et
744 3755 1171 3818 Bartholomei
1247 3757 1517 3818 Pascalis
1592 3757 1873 3817 iudicum
1944 3775 2122 3816 more
2189 3755 2375 3816 solita
2446 3764 2835 3835 congregata
2881 3756 2945 3814 in
2990 3773 3133 3832 pre·

445 3870 633 3930 sentia
678 3916 1187 3934 .........
1232 3872 1611 3948 episcopum
1656 3869 1923 3930 ecclesie
1971 3868 2330 3931 Catarensis
2369 3879 2432 3928 et
2465 3866 2815 3946 capltulum
2864 3867 3129 3928 ecclesie

444 3985 629 4042 sancti
673 3981 1017 4063 Triphonis
1062 4001 1138 4042 ac
1182 3983 1341 4043 alios
1385 3977 1705 4066 cu[nct]os
1766 3982 2030 4043 elericos
2093 3982 2460 4063 rogauimus
2504 3999 2580 4042 ca
2628 4027 3130 4040 .........

444 4089 672 4156 domini
741 4099 905 4178 regis
976 4095 1180 4160 Urosii
1252 4095 1465 4156 dande
1511 4095 1593 4156 de
1640 4095 1811 4156 facto
1880 4095 2288 4156 ecclesiarum
2359 4093 2544 4154 nobis
2591 4094 2651 4152 in
2699 4092 2916 4170 aliquo
2984 4093 3130 4152 sub-

445 4208 717 4270 uenirent
787 4220 852 4268 et
918 4208 1296 4270 adiuuarent
1345 4256 1847 4268 .........
1898 4207 2075 4287 quod
2135 4207 2401 4268 ecclesie
2462 4205 2654 4285 plena
2701 4205 2828 4266 fide
2873 4205 3136 4267 datione

444 4334 681 4399 semper
751 4322 1041 4384 habuerit
1108 4323 1483 4394 libertatem,
1558 4325 2040 4400 prenominatus
2107 4330 2324 4380 tamen
2393 4320 2731 4399 episcopus
2777 4328 2840 4379 et
2889 4319 3132 4379 dictum

448 4473 810 4495 .......
858 4437 1083 4496 iterum
1133 4435 1215 4496 de
1262 4435 1432 4496 facto
1480 4435 1743 4495 ecclesie
1807 4433 2088 4513 aliquam
2149 4435 2418 4512 pecunie
2479 4434 2898 4512 quantitatem
2949 4431 3138 4491 nobis

446 4543 809 4608 tribueretur
870 4549 1313 4609 communitati
1366 4595 1743 4607 .......
1808 4546 2079 4608 Lucarie
2140 4563 2334 4607 unam
2397 4546 2665 4625 pecunie
2712 4546 3135 4624 quantitatem

446 4658 621 4720 nobis
665 4660 747 4722 de
794 4661 966 4722 sacto
1012 4661 1326 4722 dederunt
1388 4660 1799 4720 ecclesiarum
1847 4659 1930 4720 de
1977 4671 2190 4720 cetero
2253 4670 2467 4719 autem
2516 4669 2580 4719 te
2630 4704 3138 4717 .........

446 4787 631 4849 quam
676 4785 739 4836 et
785 4775 1049 4836 aliarum
1096 4795 1137 4853 p
1187 4821 1199 4833 .
1248 4822 1259 4833 .
1308 4821 1322 4834 .
1369 4773 1653 4834 cularum
1704 4821 1716 4831 .
1766 4820 1776 4830 .
1827 4821 1837 4831 .
1886 4792 2067 4834 arum
2113 4775 2190 4832 sit
2237 4790 2490 4851 semper
2557 4773 2715 4832 sicut
2763 4773 2824 4830 in
2875 4771 3139 4848 antiquo

445 4891 727 4966 tempore
787 4887 902 4948 fuit
962 4907 1047 4948 ex
1108 4887 1284 4948 nullo
1330 4896 1395 4946 at
1441 4933 1821 4948 .......
1870 4885 2301 4946 communitas
2354 4887 2584 4945 ciuium
2638 4929 3018 4944 .......
3065 4900 3140 4942 us

444 4999 673 5078 aliquid
733 5000 976 5063 eisdem
1040 5019 1305 5078 querere
1351 5001 1451 5061 vel
1495 4999 1819 5080 postulare
1867 4999 1950 5060 de
1996 4999 2167 5059 sacto
2227 5045 2730 5058 .........
2779 4997 2902 5056 hoc
2950 5013 3140 5076 agere

441 5117 930 5194 presumpserint
979 5162 1233 5175 .....
1279 5117 1330 5174 is
1378 5162 1633 5174 .....
1680 5112 2368 5174 excommunicitionis
2428 5129 2680 5188 semper
2743 5112 2939 5169 simus
3001 5111 3136 5168 uin-
