3797 5795
1521 400 1937 465 —105—

359 592 622 671 puleam
669 611 856 654 cruce
901 594 1238 675 signatam,
1283 591 1403 653 sub
1449 610 1576 668 qua
1621 603 1718 653 est
1784 603 1957 653 meta
2019 603 2243 667 terrea,
2304 593 2455 654 inde
2519 593 2691 653 vadit
2760 592 2845 654 ad
2889 593 3079 654 aliam

362 704 660 766 arborem
721 705 1070 786 populeam
1133 723 1320 767 cruce
1377 706 1713 787 signatam,
1779 705 1900 767 sub
1964 725 2091 785 qua
2153 718 2247 767 est
2311 715 2483 767 meta
2545 715 2767 779 terrea,
2836 705 3071 768 deinde

359 817 534 880 vadit
576 816 662 879 ad
707 818 1066 899 virgultum,
1127 819 1236 879 ubi
1281 828 1379 879 est
1423 828 1597 879 meta
1644 828 1848 879 terrea
1893 818 2015 879 sub
2076 818 2305 879 arbore
2350 818 2527 879 scilsa
2572 838 2759 880 cruce
2805 820 3075 901 signata,

359 929 595 993 deinde
639 930 812 992 vadit
857 930 941 991 ad
987 932 1323 993 meridiem
1369 931 1452 991 ad
1500 932 1688 1005 viam,
1733 950 1918 993 secus
1965 950 2159 1011 quam
2210 942 2306 992 est
2353 941 2527 993 meta
2572 941 2793 1005 terrea,
2840 932 3078 993 deinde

362 1044 584 1105 transit
631 1044 836 1123 ipsam
880 1046 1070 1118 viam,
1113 1045 1404 1124 pervenit
1447 1043 1531 1105 ad
1578 1063 1838 1106 curvam
1900 1044 2195 1105 arborem
2259 1044 2413 1105 ilicis
2474 1046 2537 1105 in
2599 1045 2860 1105 introitu
2922 1045 3075 1106 silve

359 1158 768 1231 existentem,
811 1176 1001 1237 super
1046 1176 1174 1238 qua
1220 1168 1316 1219 est
1362 1176 1521 1219 crux
1568 1168 1632 1218 et
1677 1158 1800 1219 sub
1845 1157 2079 1219 eadem
2127 1167 2301 1219 meta
2348 1168 2571 1231 terrea,
2616 1154 2853 1218 deinde
2898 1156 3075 1218 vadit

349 1269 443 1331 ad
489 1270 710 1332 silvam
757 1269 842 1331 ad
887 1271 1184 1331 arborem
1231 1270 1370 1331 ihor
1414 1289 1601 1332 cruce
1647 1272 1983 1352 signatam,
2038 1271 2145 1331 ubi
2193 1289 2351 1331 crux
2413 1270 2671 1349 ponitur
2716 1288 2835 1349 pro
2884 1281 3075 1339 meta,

354 1383 510 1444 *inde
557 1383 729 1445 vadit
773 1383 857 1444 ad
902 1382 1090 1445 aliam
1138 1384 1436 1444 arborem
1499 1382 1700 1445 ihorfa
1763 1402 1952 1445 cruce
2015 1386 2349 1465 signatam,
2407 1382 2558 1443 inde
2612 1381 2787 1443 vadit
2848 1381 2932 1443 ad
2978 1402 3074 1443 ar-

351 1496 587 1558 borem
631 1498 880 1578 gyrtian
929 1515 1118 1557 cruce
1161 1499 1498 1577 signatam,
1543 1496 1780 1557 deinde
1825 1498 2115 1575 pervenit
2161 1496 2245 1556 ad
2290 1494 2552 1557 fluvium
2585 1494 2863 1569 Plitiche,
2895 1498 3073 1556 iuxta

355 1628 558 1688 quem
603 1620 750 1671 sunt
796 1608 928 1669 due
967 1609 1228 1670 arbores
1272 1628 1428 1690 egur
1472 1620 1535 1670 et
1553 1608 1712 1671 ‘ilex
1755 1628 1944 1670 cruce
1971 1609 2442 1691 1signate‚.sub1
2478 1609 2711 1688 quibus
2756 1621 2853 1669 est
2898 1619 3073 1670 meta

363 1732 585 1795 terrea,
630 1721 866 1783 deinde
912 1741 1028 1801 per
1075 1721 1408 1783 Pliticham
1455 1722 1628 1783 vadit
1672 1724 1962 1802 superius
1994 1722 2078 1783 ad
2112 1732 2318 1783 metas
2350 1732 2513 1783 terre
2561 1719 2759 1801 Opoy
2806 1723 3078 1795 comitis,

359 1833 583 1914 ibique
629 1837 1016 1896 terminatur.
1064 1832 1412 1915 Suplicavit
1458 1837 1644 1916 igitur
1689 1834 2055 1915 Stephanus
2112 1835 2317 1896 banus
2380 1854 2500 1915 pro
2545 1836 2685 1915 ipso
2732 1832 2965 1897 Sceme
3015 1845 3077 1894 et

357 1965 515 2008 cum
561 1950 720 2026 ips0,
764 1957 831 2008 ut
877 1950 1184 2027 premissa
1246 1957 1466 2010 nostro
1537 1948 1950 2030 dignaremur
2016 1947 2345 2030 privilegio
2413 1946 2812 2009 confirmare.
2884 1945 3079 2010 Cuius

363 2078 485 2122 nos
528 2061 823 2139 precibus
867 2060 1146 2123 inclinati
1193 2074 1522 2141 presentes
1584 2061 1880 2122 dedimus
1941 2061 2181 2122 litteras
2249 2060 2565 2140 dupplicis
2630 2060 2814 2141 sigilli
2878 2064 3071 2122 nostri

354 2174 714 2235 munimine
759 2173 1106 2235 roboratas
1153 2173 1396 2235 Datum
1443 2193 1558 2253 per
1605 2192 1834 2235 manus
1879 2174 2094 2235 dilecti
2142 2184 2205 2234 et
2250 2172 2459 2235 fidelis
2528 2174 2723 2234 nostri
2788 2175 3071 2255 magistri

349 2282 696 2367 Smaragdi
767 2284 1068 2348 Albensis
1128 2286 1395 2348 ecelesie
1463 2288 1766 2367 prepositi
1829 2286 1973 2347 aule
2036 2296 2255 2346 nostre
2323 2285 2818 2347 vicecancellarii
2882 2286 3069 2347 electi

359 2396 753 2473 ColocensiS,
798 2418 971 2460 anno
1034 2399 1278 2461 domini
1342 2399 1680 2460 millesimo
1742 2398 2186 2460 ducentesimo
2234 2400 2768 2481 quinquagesimo
2827 2410 3077 2471 octav0,

361 2514 542 2593 regni
586 2522 804 2573 autem
851 2514 1050 2573 nostri
1097 2530 1269 2573 anno
1316 2513 1620 2573 vicesimo
1667 2514 1885 2572 tercio,

547 2704 846 2779 Orejgv'nal
885 2724 968 2761 na
1006 2706 1379 2781 pergameni
1422 2724 1461 2762 u
1505 2703 1596 2761 kr.
1641 2724 1822 2779 ugar.
1872 2706 1999 2763 drz'.
2045 2704 2269 2763 arkivu
2318 2726 2358 2763 u
2408 2706 2684 2763 Budimu
2730 2705 2819 2762 M.
2880 2704 2946 2764 O.
2994 2705 3077 2765 l).

360 2809 431 2867 L.
479 2830 575 2867 ne.
628 2813 765 2866 478.
832 2806 1058 2887 (Staret
1105 2810 1223 2883 sig.
1285 2809 1368 2865 N.
1420 2810 1496 2866 R.
1545 2809 1615 2866 A.
1647 2812 1825 2887 fasc.
1881 2813 2019 2866 597.
2086 2830 2179 2867 κο.
2235 2808 2363 2887 32).
2442 2810 2550 2868 Να
2613 2810 2819 2867 listina·
2876 2810 3003 2867 visi
3044 2830 3078 2865 0

355 2914 624 2990 svilenoj
663 2915 840 2972 vrvci
880 2933 1101 2972 ervene
1146 2916 1173 2971 i
1205 2916 1412 2972 zelene
1457 2913 1588 2991 bqje
1633 2915 1915 2972 odlomak
1961 2915 2372 2990 dvostrukoga
2418 2915 2700 2992 kraljeva
2743 2919 2981 2992 pelata.

554 3019 798 3077 Wenzel
845 3017 985 3076 Cod.
1033 3019 1182 3096 dipl.
1229 3019 1460 3094 Arpad.
1523 3019 1653 3076 VII.
1689 3022 2036 3077 484-485.
2070 3051 2152 3062 ·-
2183 3018 2559 3096 Krckub'evid
2596 3021 2745 3094 Reg.
2793 3039 2886 3077 no,
2927 3022 3068 3075 763.

1633 3363 1825 3443 621.

363 3554 564 3636 1258,
607 3553 798 3638 prije
845 3555 952 3619 13.
1000 3552 1334 3621 oktobra.

365 3762 544 3825 Bela
605 3725 797 3842 kralj
849 3761 1141 3848 ugarskz‘
1195 3783 1218 3823 z
1281 3762 1611 3835 larvati-ki,
1673 3762 1990 3848 prz'znaje
2058 3761 2091 3825 z·
2134 3762 2537 3847 polvrdjuje
2599 3769 2814 3847 prava
2877 3760 2914 3824 i
2960 3770 3077 3843 po-

1471 3875 1689 3938 vlaslz'
1733 3874 1987 3940 Omz's‘a.

545 4094 617 4155 In
663 4096 922 4156 nornine
989 4105 1208 4156 sancte
1275 4097 1568 4156 trinitatis
1631 4105 1695 4156 et
1765 4093 2087 4156 individue
2146 4093 2405 4155 unitatis
2464 4112 2671 4155 amen.
2745 4093 2898 4154 Bela
2974 4092 3076 4154 dei

361 4209 568 4290 gratia
616 4207 964 4289 Hungarie,
1003 4205 1352 4279 Dalmacie‚
1417 4206 1701 4276 Croacie,
1763 4207 1985 4282 Rame,
2050 4205 2284 4282 Servie,
2331 4205 2614 4281 Gallicie,
2664 4206 3075 4275 Lodomerie,

364 4318 806 4401 Cumanieque
854 4341 968 4382 rex
1014 4321 1315 4382 omnibus
1364 4318 1594 4384 Christi
1641 4320 1936 4381 fidelibus
1982 4331 2113 4381 tam
2157 4319 2559 4399 presentibus
2610 4337 2804 4398 quam
2852 4319 3074 4380 futuris

355 4443 688 4513 presentes
737 4432 972 4494 litteras
1035 4435 1408 4513 inspecturis
1475 4432 1745 4494 salutern
1794 4434 1856 4494 in
1905 4434 2197 4494 omnium
2244 4434 2573 4494 salvatore.
2646 4431 2753 4494 Ad
2818 4433 3067 4493 univer-

356 4565 578 4608 sorum
625 4548 915 4608 notitiam
967 4557 1190 4608 tenore
1245 4549 1638 4626 presentium
1689 4545 1982 4608 volumus
2043 4549 2394 4625 peruenire,
2456 4546 2634 4626 quod
2684 4564 2801 4607 nos
2845 4543 3067 4606 fideles

365 4670 621 4721 nostros
682 4660 928 4720 nobiles
990 4659 1072 4720 de
1132 4657 1424 4733 Almisio,
1485 4659 1776 4721 videlicet
1837 4662 2143 4721 comitem
2206 4658 2394 4732 Ozur,
2456 4657 2675 4720 Rados
2736 4669 2800 4719 et
2868 4669 3069 4719 totam

363 4775 896 4834 communitatem
944 4775 1300 4852 recepimus
1345 4773 1408 4833 in
1457 4781 1740 4833 nostram
1787 4774 2085 4855 graciam,
2145 4774 2307 4833 sicut
2366 4771 2525 4832 alios
2586 4770 2833 4832 nobiles
2895 4773 3069 4854 regni

363 4887 580 4960 nostri,
625 4895 914 4966 preterea
959 4886 1390 4964 promittimus
1435 4887 1541 4960 eiS,
1588 4884 1765 4964 quod
1812 4886 1984 4964 ipsos
2030 4887 2091 4946 in
2140 4887 2422 4964 ipsorum
2482 4885 2845 4946 tenebimus
2893 4885 3076 4945 liber-

365 5007 514 5072 tate,
560 5008 774 5071 ωτι-35,
820 4998 1056 5058 domos
1101 5009 1164 5059 et
1211 4999 1428 5059 vineas
1472 4999 1758 5078 ipsorum
1824 4998 2134 5059 tenebunt
2195 4996 2459 5077 pacifice
2505 5009 2568 5058 et
2617 4999 2851 5077 quiete,
2912 5000 3074 5058 sicut

369 5109 677 5172 hactenus
723 5120 1081 5171 tenuerunt.
1131 5109 1211 5171 Et
1258 5113 1308 5171 si
1354 5109 1564 5190 aliqua
1610 5121 1822 5171 essent
1868 5110 1951 5170 de
1996 5111 2233 5172 iuribus
2298 5113 2580 5190 ipsorum
2640 5130 2753 5190 per
2799 5109 3073 5188 aliquem
