3797 5795
1565 375 1936 437 -19-

403 564 664 626 uolebat
712 566 1024 640 recedere,
1061 584 1245 627 suum
1279 567 1520 625 exitum
1554 584 1682 625 non
1717 566 2175 644 impediebant,
2212 586 2434 628 uerum
2481 577 2695 628 tamen
2730 568 2813 630 de
2844 587 3101 629 suorum

403 699 720 741 consensu
765 699 896 740 non
941 689 1351 759 processerat,
1413 698 1530 740 nec
1591 691 1723 739 erat
1772 698 1993 740 eorum
2042 681 2355 756 uoluntaS,
2403 682 2579 761 quod
2626 685 2761 760 ipse
2806 681 3105 743 recedere

405 793 685 853 deberet.
731 792 815 854 Et
853 794 916 852 in
949 792 1246 872 predictis
1275 811 1344 852 se
1375 811 1460 851 ex
1491 803 1630 851 toto
1677 801 1858 852 extra
1904 794 2268 870 ponebatur
2311 805 2533 872 aptum
2582 796 2645 853 in
2690 793 2823 854 sala
2868 793 3106 855 archie-

405 908 772 984 piscopatus
847 905 1121 986 Ragusii,
1172 904 1572 984 presentibus
1639 904 1753 964 hiis
1821 905 2087 965 testibus
2152 907 2407 987 rogatiS,
2478 906 2771 967 uidelicet
2837 908 3105 968 domino

403 1018 770 1079 uenerando
818 1016 1061 1079 d’Auro
1130 1028 1193 1078 et
1254 1017 1530 1077 dominis
1570 1016 1817 1096 Jacobo
1883 1017 2093 1079 Dente
2155 1029 2217 1078 et
2278 1019 2499 1080 Marco
2564 1017 2775 1082 Casuo
2838 1020 3106 1080 Venetis

402 1142 465 1191 et
511 1131 662 1193 aliis.

579 1246 972 1319 (Monogram
1013 1248 1315 1315 notarov.)
1349 1243 1488 1325 Ego
1529 1240 1699 1303 Saua
1732 1243 1949 1304 Detho
1988 1243 2297 1304 diaconus
2345 1245 2609 1305 ecclesie
2656 1247 2856 1305 sancti
2902 1244 3107 1324 Apol-

401 1358 601 1418 linarii
656 1367 720 1416 et
782 1359 1065 1417 notarius
1124 1356 1218 1415 his
1274 1357 1572 1416 omnibus
1633 1357 1881 1416 interfui
1950 1369 2223 1438 rogatus
2286 1359 2499 1434 scripsi
2566 1368 2628 1416 et
2675 1359 2994 1437 compleui
3042 1370 3104 1420 et

399 1470 713 1530 roboraui.

588 1663 884 1736 Orzginal
925 1683 964 1719 u
1011 1662 1454 1720 dubrovalkom
1503 1662 1744 1720 arkz'zvt.
1796 1662 2023 1719 Zbe'rka
2072 1683 2229 1720 saec.
2284 1663 2463 1720 Xlll.

1663 2005 1851 2085 553.

408 2215 609 2296 1256,
655 2218 760 2280 17.
801 2215 981 2297 jula.
1029 2213 1089 2279 U
1132 2213 1441 2296 Anauni.

408 2407 849 2469 Aleksandar
867 2411 1050 2488 papa
1072 2411 1447 2487 preporum
1481 2402 1854 2466 dulcovm'm
1888 2403 1923 2465 ι’
1947 2404 2296 2487 srgj'elsk‘z'm
2336 2405 2659 2467 vlastz'ma
2706 2405 3100 2490 Frany'evce.

585 2597 959 2661 Alexander
1018 2599 1354 2676 episcopus
1413 2615 1628 2656 servus
1695 2616 2023 2656 servorum
2092 2597 2193 2658 dei
2266 2598 2727 2658 venerabilibus
2794 2598 3106 2671 fratribuS,

413 2712 899 2790 archiepiscopis
945 2721 1009 2769 et
1053 2711 1384 2788 episcopiS,
1447 2728 1521 2770 ac
1568 2709 1812 2769 dilectis
1871 2708 2012 2768 filiis
2057 2709 2411 2782 abbatibus,
2457 2711 2785 2788 prioribus
2834 2710 3107 2784 decaniS,

408 2825 884 2896 archidiaconiS,
945 2824 1295 2903 prepositis,
1349 2821 1901 2901 archipresbiteris,
1968 2823 2318 2882 rectoribus
2379 2832 2442 2881 et
2503 2823 2637 2883 aliis
2697 2822 3101 2883 ecclesiarum

409 2939 665 3019 prelatis
710 2958 822 3017 per
867 2937 1254 2999 Dalmatiam
1301 2947 1364 2996 et
1418 2935 1823 2998 Sclavoniam
1869 2937 2243 3009 constitutiS,
2288 2937 2557 2996 salutem
2588 2947 2653 2996 et
2683 2936 3101 3015 apostolicam

409 3052 943 3113 benedictionem.
1003 3049 1102 3110 De
1163 3051 1266 3128 pia
1327 3061 1392 3109 et
1452 3060 1671 3109 sancta
1734 3050 2217 3109 conversatione
2277 3047 2657 3109 dilectorum
2705 3049 2977 3110 filiorum
3024 3050 3107 3109 de

411 3164 638 3226 ordine
670 3166 930 3226 fratrum
967 3162 1308 3235 Minorum,
1354 3164 1456 3237 qui
1492 3178 1638 3221 sunt
1669 3163 1731 3220 in
1762 3164 1984 3222 vestris
2030 3163 2315 3239 partibus
2360 3164 2701 3235 constituti,
2746 3161 3107 3242 frequenter

412 3282 666 3339 evenire
709 3278 1126 3357 percepimuS,
1171 3275 1348 3355 quod
1395 3274 1658 3354 quando
1703 3274 1896 3352 aliqui
1942 3274 2163 3335 fideles
2210 3276 2485 3353 partium
2532 3275 2881 3335 earundem
2932 3294 3108 3336 secu·

413 3391 544 3452 lum
591 3390 1016 3470 relinquentes
1061 3389 1234 3449 bona
1276 3408 1389 3448 sua
1451 3389 1568 3466 piis
1628 3387 1783 3447 locis
1829 3399 1891 3447 et
1942 3388 2327 3466 pauperibus
2390 3388 2719 3466 deputant,
2766 3388 2977 3466 aliqua
3025 3388 3107 3448 de

413 3505 599 3564 bonis
667 3504 832 3581 ipsis,
896 3501 1194 3580 predictis
1255 3501 1549 3561 fratribus
1615 3520 1733 3579 pro
1801 3500 2079 3574 edificiis,
2142 3500 2312 3561 libris
2380 3512 2443 3561 et
2512 3501 2807 3573 vestibuS‚
2852 3520 2929 3560 ac
2974 3501 3109 3561 aliis

415 3635 639 3677 eorum
702 3615 1180 3676 necessitatibus
1249 3614 1610 3695 largiuntur,
1655 3612 1940 3673 nonnulli
2013 3633 2160 3674 vero
2210 3614 2419 3693 aliqua
2468 3614 2639 3673 bona
2685 3613 2768 3674 ad
2816 3632 2882 3673 se
2929 3604 3109 3692 sp'ec—

413 3732 610 3790 tantia
692 3728 986 3789 fratribus
1067 3726 1305 3788 eisdem
1394 3746 1512 3805 pro
1581 3726 1885 3787 similibus
1970 3727 2157 3787 rebus
2227 3736 2289 3787 et
2360 3727 2839 3787 necessitatibus
2899 3727 3111 3787 divine

410 3842 834 3903 retributionis
911 3843 1137 3903 intuitu
1212 3843 1273 3901 in
1353 3839 1572 3900 ultima
1633 3839 1961 3899 voluntate
2028 3841 2405 3917 relinquunt,
2487 3840 2855 3900 caventibus
2930 3840 3111 3900 vobis

410 3955 756 4035 aliquando
827 3954 1104 4015 mediam
1177 3953 1566 4031 quandoque
1634 3955 1880 4011 tertiam
1952 3971 2065 4012 seu
2136 3963 2429 4032 quartam
2498 3964 2746 4032 partem
2795 3953 2875 4013 dc
2922 3952 3110 4013 bonis

409 4071 558 4147 ipsis
603 4080 901 4146 pretextu
945 4070 1255 4145 portionis
1300 4066 1608 4127 canonice
1641 4066 1723 4125 ab
1763 4066 2005 4126 eisdem
2040 4065 2334 4125 fratribus
2380 4076 2763 4144 extorquere
2810 4067 2871 4125 in
2920 4084 3109 4146 grave

411 4184 696 4260 ipsorum
764 4180 1178 4259 preludicium
1248 4190 1310 4239 et
1380 4178 1746 4240 scandalum
1821 4178 2103 4239 fidelium
2172 4179 2621 4257 predictorum.
2692 4179 2828 4239 Nos
2898 4180 3111 4257 itaque

418 4294 908 4355 misericorditer
952 4293 1392 4365 attendendeS‚
1439 4292 1614 4370 quod
1648 4310 1778 4352 non
1811 4292 2021 4352 solum
2053 4291 2355 4352 indecens
2400 4301 2463 4351 et
2512 4291 2863 4373 indignum,
2909 4294 3109 4351 immo

412 4418 505 4468 est
536 4408 832 4487 poenitus
862 4406 946 4467 ab
978 4406 1156 4466 omni
1187 4404 1580 4466 humanitate
1609 4416 1947 4478 remotum,
1992 4404 2231 4484 aliquid
2262 4405 2345 4464 de
2375 4407 2695 4483 premissis
2739 4404 2822 4465 ab
2868 4404 3107 4465 eisdem

414 4520 708 4581 fratribus
775 4521 960 4600 exigi,
1028 4521 1134 4594 qui
1203 4518 1321 4579 sub
1388 4530 1676 4578 extrema
1737 4528 2113 4597 paupertate
2159 4519 2441 4578 viventes
2489 4518 2569 4577 de
2615 4518 3001 4596 prelatorum
3047 4528 3111 4577 et

417 4634 844 4694 ecclesiarium
927 4631 1328 4693 helemosinis
1403 4630 1712 4691 deberent
1787 4632 2084 4709 poenitus
2158 4632 2557 4705 substentari,
2635 4632 3109 4692 universitatem

414 4755 686 4807 vestram
727 4765 842 4825 per
883 4745 983 4806 dei
1032 4744 1527 4805 misericordiam
1573 4745 1983 4805 obsecramus
2015 4755 2078 4804 et
2110 4748 2173 4805 in
2207 4746 2646 4805 remissionem
2680 4743 2860 4803 vobis
2908 4745 3112 4803 iniun-

414 4863 620 4941 gimus
675 4868 1103 4937 peccatorum,
1155 4878 1230 4919 ac
1281 4878 1396 4937 per
1449 4858 1800 4936 apostolica
1855 4860 2089 4936 scripta
2150 4857 2428 4917 districte
2473 4856 2887 4936 precipiendo
2935 4875 3111 4917 man-

419 4972 662 5046 damuS,
732 4984 1046 5049 quatenus
1098 4973 1262 5031 circa
1329 4990 1633 5049 personas
1701 4970 2017 5030 dictorum
2066 4969 2323 5030 fratrum
2374 4968 2678 5030 effectum
2725 4969 3111 5029 benevolum

415 5104 532 5164 pro
575 5085 790 5145 divina
820 5095 883 5145 et
916 5094 1132 5145 nostra
1162 5086 1510 5145 reverentia
1547 5083 1906 5164 dirigentes
1939 5083 2123 5143 nichil
2173 5083 2256 5142 ab
2289 5085 2377 5142 eis
2409 5082 2491 5143 de
2523 5082 2707 5143 bonis
2752 5082 3109 5143 huiusmodi

2996 5229 3027 5263 *
