3797 5795
1514 414 1920 479 ...545...„

356 606 519 666 serie
547 604 845 666 volumus
887 606 1235 684 pervenire,
1266 604 1447 683 quod
1471 599 1761 683 hospites
1807 607 2006 665 nostri
2037 605 2123 667 de
2155 614 2376 667 monte
2421 603 2632 667 Grech
2663 605 2748 667 ad
2781 616 3068 669 nostram

358 718 740 779 accedentes
800 719 1215 796 presenciam,
1262 716 1691 778 exhibuerunt
1752 718 1941 778 nobis
2001 718 2397 800 privilegium
2460 718 2702 780 domini
2752 715 2952 804 B[ele]
3001 720 3072 781 il-

356 831 568 893 lustris
625 832 791 912 regis
852 829 1199 911 Hungarie,
1258 828 1571 891 karissimi
1633 832 1831 909 patris
1894 832 2114 905 nostri,
2175 831 2372 893 felicis
2432 832 2917 908 recordacioniS,
2961 852 3072 913 pc>

358 954 570 1005 tentes
600 964 637 1005 a
668 944 855 1005 nobis
899 960 1049 1004 cum
1096 945 1424 1017 instancia,
1470 952 1541 1004 ut
1570 953 1864 1004 tenorem
1910 943 2196 1005 eiusdem
2239 953 2460 1005 nostro
2505 945 2835 1027 privilegio
2881 948 3070 1009 inseri

360 1058 731 1119 faceremus.
810 1054 1004 1119 Cuius
1066 1056 1331 1135 quidem
1390 1066 1578 1117 tenor
1644 1056 1785 1117 talis
1852 1066 1980 1117 est:
2059 1060 2224 1133 (vicli
2279 1078 2378 1116 no.
2445 1062 2558 1115 616
2609 1061 2841 1135 godine
2899 1064 3070 1118 1258.

366 1176 419 1229 5.
450 1173 653 1249 jula).
703 1168 845 1231 Nos
878 1170 1095 1247 itaque
1122 1169 1421 1249 precibus
1451 1169 1809 1231 eorundem
1840 1171 2070 1231 civium
2107 1181 2470 1231 nostrorum
2503 1170 2933 1233 favorabiliter
2961 1188 3073 1233 an-

360 1293 649 1357 nuentes,
694 1300 844 1344 cum
886 1285 1061 1362 ipsos
1106 1284 1171 1343 in
1220 1282 1521 1343 omnibus
1566 1300 1791 1343 eorum
1837 1283 2077 1344 iuribus
2121 1294 2541 1345 manutenere
2584 1294 2649 1346 et
2694 1302 3072 1347 conservare

362 1396 769 1471 intendimuS,
814 1398 1023 1475 ipsum
1070 1396 1467 1477 privilegium
1514 1395 1597 1457 de
1642 1396 1841 1457 verbo
1886 1396 1970 1457 ad
2013 1396 2284 1458 verbum
2329 1398 2728 1476 presentibus
2763 1400 3072 1460 insertum

364 1522 573 1571 ratum
604 1509 915 1571 habentes
944 1519 1009 1569 et
1038 1518 1379 1588 acceptum
1424 1519 1739 1588 perpetuo
1784 1508 2260 1584 confirmamus,
2290 1509 2579 1570 volentes
2609 1520 2674 1571 et
2703 1519 3074 1585 statuenteS,

366 1623 546 1703 quod
592 1622 799 1684 nullus
843 1621 1110 1683 eosdem
1145 1624 1314 1683 cives
1345 1632 1599 1683 nostros
1643 1631 1867 1683 contra
1915 1632 2207 1683 tenorem
2252 1621 2540 1683 eiusdem
2585 1623 2890 1705 privilegii
2931 1640 3075 1703 pre·

364 1745 577 1797 sumat
620 1736 1023 1815 aliquatenus
1070 1734 1431 1796 molestare.
1495 1734 1568 1795 In
1614 1737 1793 1796 cuius
1836 1738 1926 1796 rei
1975 1738 2352 1797 memoriam
2412 1746 2924 1815 perpetuamque
2967 1735 3070 1797 fir-

367 1851 657 1911 mitatem
701 1858 1032 1928 praeentes
1095 1847 1335 1909 litteras
1394 1850 1827 1910 concessimus
1887 1848 2204 1928 dupplicis
2249 1848 2430 1931 sigilli
2477 1852 2674 1910 nostri
2721 1850 3074 1911 munimine

366 1962 715 2023 roboratas.
762 1959 1005 2022 Datum
1038 1978 1153 2039 per
1184 1976 1413 2021 manus
1460 1964 1741 2042 magistri
1792 1960 2118 2023 Benedicti
2165 1964 2471 2040 prepositi
2517 1962 2891 2038 orodiensis,
2929 1962 3074 2025 aule

366 2085 583 2135 nostre
638 2073 1155 2148 vicecancellarii,
1218 2073 1431 2134 dilecti
1492 2083 1557 2135 et
1616 2072 1822 2135 fidelis
1887 2076 2102 2135 nostri.
2163 2072 2362 2136 Anno
2427 2075 2673 2136 domini
2737 2075 3076 2137 millesimo

365 2188 807 2249 ducentesimo
854 2187 1346 2269 septuagesimO,
1392 2186 1536 2249 VII.
1582 2184 1892 2249 kalendas
1939 2189 2105 2249 iunii.
2152 2188 2355 2269 Regni
2403 2199 2622 2249 autem
2669 2191 2868 2249 nostri
2900 2206 3074 2249 anno

365 2319 593 2381 prim0.

550 2492 803 2553 nallic‘
842 2493 1119 2550 Illonum.
1168 2492 1284 2549 civ.
1346 2491 1613 2565 Zagrab.
1665 2494 1715 2549 J.
1770 2496 2038 2549 45-46.
2089 2512 2182 2550 πο.
2233 2495 2326 2549 52.
2379 2524 2458 2537 -
2505 2492 2882 2569 Kukutjevid
2919 2496 3074 2570 Reg.

370 2620 463 2657 κο.
510 2602 689 2655 1002.
2495 2622 2502 2627 .

373 3161 571 3242 1270,
615 3161 727 3226 27.
771 3160 995 3243 maja.

376 3349 663 3436 Stjepan
696 3349 885 3434 kralj
908 3348 1203 3435 ugarski
1228 3349 1265 3412 ι’
1288 3347 1609 3412 hrvatskt'
1640 3347 2040 3432 potvrdjuje
2087 3346 2378 3411 Simonu
2409 3345 2577 3410 sinu
2613 3345 3073 3410 Salamonovu

657 3461 1030 3526 darovnz‘cu
1078 3484 1195 3525 oca
1239 3483 1443 3547 svoga
1488 3461 1657 3524 Bele
1700 3481 1795 3523 na
1834 3460 2084 3545 possed
2124 3459 2468 3524 Prodavz'c‘
2511 3458 2799 3546 (Vz'ry'e).

548 3653 913 3734 Stephanus
973 3654 1077 3716 dei
1136 3655 1348 3736 gracia
1409 3649 1757 3735 Hungarie,
1816 3651 2167 3726 Dalmacie,
2229 3650 2512 3726 Croacie,
2569 3651 2794 3726 Rame,
2837 3650 3079 3715 Seruie.

374 3767 659 3843 Gallicie,
704 3767 1112 3842 Lodomerie,
1142 3763 1586 3845 Cumanieque
1614 3781 1751 3840 teir,
1794 3766 2096 3827 omnibus
2143 3763 2372 3829 Christi
2417 3764 2711 3826 fidelibus
2755 3775 3082 3844 presentes

372 3884 615 3944 litteras
642 3882 1017 3960 inspecturis
1044 3880 1319 3941 salutem
1350 3881 1414 3940 in
1445 3880 1734 3940 omnium
1768 3879 2103 3940 saluatore.
2149 3876 2260 3939 Ad
2305 3881 2742 3940 vniuersorum
2775 3878 3080 3938 noticiam

376 3996 603 4057 harum
648 3997 807 4056 serie
850 3994 1150 4056 uolumus
1195 3994 1546 4072 peruenire,
1576 3991 1755 4072 quod
1800 3989 2052 4070 Symun
2101 3991 2263 4052 iilius
2308 3991 2675 4054 Salomonis
2720 3989 2803 4051 de
2846 4007 3082 4072 genere

376 4105 725 4189 Durugcba
768 4107 854 4168 ad
898 4117 1185 4168 nostram
1246 4104 1563 4166 accedens
1622 4107 2020 4184 presenciam
2081 4103 2371 4166 exhibuit
2431 4104 2619 4165 nobis
2677 4103 3082 4186 priuilegium

376 4221 623 4282 domini
684 4219 835 4280 Bele
901 4218 1098 4280 felicis
1138 4215 1601 4280 recordationis
1646 4216 1900 4278 illustris
1943 4219 2108 4298 regis
2155 4217 2486 4298 Hungarie
2529 4215 2840 4278 karissimi
2881 4217 3082 4296 patris

378 4335 579 4395 nostri
620 4349 1019 4406 concessum,
1062 4349 1254 4411 super
1310 4331 1674 4392 donacione
1734 4328 2066 4390 cuiusdam
2113 4339 2278 4390 terre
2325 4328 2696 4390 Prodeuech
2739 4339 2971 4390 uocata
3017 4330 3083 4389 in

376 4447 690 4510 comitatu
734 4445 1121 4528 Symigiensi
1152 4447 1218 4505 in
1249 4442 1585 4508 Chezmioe
1631 4445 1982 4517 existentis,
2009 4453 2240 4521 petens
2273 4461 2311 4502 a
2343 4441 2531 4502 nobis
2574 4459 2722 4502 cum
2769 4443 3084 4516 instantia,

376 4573 449 4623 ut
492 4561 666 4622 idem
712 4571 921 4620 ratum
968 4557 1203 4620 habere
1246 4568 1311 4618 et
1357 4566 1579 4617 nostro
1620 4555 2036 4638 dignaremur
2079 4555 2414 4636 priuilegio
2457 4554 2842 4616 corfirmare.
2889 4551 3086 4618 Cuius

374 4673 639 4756 quidem
684 4670 995 4754 priuilegii
1036 4681 1225 4732 tenor
1266 4671 1410 4732 talis
1455 4681 1582 4730 est:
3063 4645 3075 4652 ’

550 4788 682 4861 (Gl.
730 4788 953 4844 listina
994 4785 1205 4861 kralja
1269 4785 1414 4841 Bele
1456 4785 1545 4841 od
1582 4787 1671 4841 10.
1719 4783 1928 4860 aprila
1975 4801 2030 4858 g.
2083 4785 2256 4838 1264.
2323 4782 2440 4840 Vol.
2503 4783 2562 4840 V.
2615 4783 2753 4840 294.
2801 4781 2887 4841 br.
2943 4783 3078 4838 789.

374 4913 570 4968 ovoga
610 4890 959 4953 aebornika).
1340 4969 1347 4974 ν
3065 4873 3072 4880 ’

554 5003 694 5065 Nos
736 5004 923 5085 igitur
966 5001 1231 5063 seruicia
1274 4999 1563 5062 eiusdem
1613 4996 1922 5078 Symonis
1967 5015 2093 5077 que
2139 4997 2326 5058 nobis
2369 4998 2436 5058 in
2467 4996 2758 5078 Bulgaria
2791 5005 2856 5057 et
2884 4983 3085 5078 regno

377 5128 673 5196 tempore
714 5115 1005 5176 eiusdem
1050 5113 1361 5175 karissimi
1408 5115 1605 5193 patris
1648 5114 1847 5172 nostri
1894 5109 2188 5190 inpendit
2247 5109 2520 5170 fideliter
2585 5111 2949 5189 poteritque
2993 5109 3085 5168 in·

468 5267 615 5310 con.
648 5266 816 5311 mm..
849 5267 906 5308 v,
2918 5239 3002 5302 35
