3797 5795
1640 406 1662 410 --
1733 371 1810 432 15
1867 406 1945 412 ——

410 561 696 638 quinque
740 578 1056 620 annorum
1103 580 1186 620 ex
1234 570 1413 639 parte
1463 560 1742 621 Hoholdi
1794 563 2045 621 comitis
2076 574 2137 621 et
2174 560 2561 640 populorum
2612 581 2873 622 suorum
2924 573 2986 622 et
3033 563 3115 622 dc

419 683 584 732 terra
629 675 1066 753 generacionis
1127 673 1279 734 (iuti
1341 674 1864 752 prouenientibus
1925 687 1987 734 et
2050 675 2403 735 secundum
2451 677 2845 735 sentenciam
2895 675 3115 736 iudicis

415 785 560 846 aule
621 788 802 866 regi5‚
862 798 1222 847 memorato
1291 786 1599 847 Hoholdo
1662 790 1877 848 comiti
1940 791 2365 848 iuramentum
2421 787 2635 848 fuisset
2680 786 3109 848 adiudicatum

412 917 605 977 super
651 919 748 971 e0‚
795 900 970 977 quod
1019 900 1187 960 idem
1259 899 1600 961 Hoholdus
1661 919 1880 961 comes
1935 900 2357 961 decimatores
2402 903 2595 979 ipsius
2640 901 2892 978 capituli
2940 922 2976 960 a
3023 901 3113 961 di-

415 1013 640 1072 candis
707 1013 972 1073 decimis
1039 1025 1100 1073 et
1170 1013 1500 1094 exigendis
1567 1017 1833 1092 propriis
1902 1015 2288 1093 populorum
2358 1033 2619 1074 suorum
2681 1025 2745 1073 et
2807 1013 2891 1073 de
2952 1025 3113 1074 terra

415 1127 852 1205 generacionis
915 1125 1068 1187 Guri
1116 1144 1247 1186 non
1295 1126 1744 1205 impediuisset,
1814 1135 1876 1187 et
1924 1146 2041 1205 pro
2086 1137 2265 1205 parte
2311 1126 2563 1204 capituli
2626 1127 2843 1186 Petrus
2890 1125 3113 1208 Zagra-

416 1237 650 1298 biensis
680 1250 742 1298 et
777 1239 998 1300 Petrus
1031 1236 1468 1301 Camarcensis
1497 1239 1921 1300 archidiaconi
1972 1242 2171 1300 iurare
2218 1240 2583 1301 debuissent
2630 1258 2821 1317 super
2853 1239 3114 1300 decimis

413 1353 697 1430 quinque
743 1370 1056 1412 annorum
1118 1371 1232 1432 per
1293 1355 1500 1431 ipsum
1549 1352 1927 1414 Hoholdum
1973 1355 2277 1414 comitem
2324 1353 2668 1434 denegatis,
2716 1371 2873 1430 quas
2919 1351 3110 1411 iidem

411 1463 840 1525 archidiaconi
907 1465 1218 1526 taxabant
1282 1466 1363 1526 ad
1425 1485 1744 1526 summam
1817 1468 2304 1547 quingentarum
2355 1485 2691 1544 pensarum
2756 1477 2819 1525 et
2882 1465 3003 1524 hoc
3049 1466 3112 1523 in

411 1577 682 1637 decimis
729 1581 996 1657 propriis
1043 1580 1292 1639 comitis
1341 1578 1644 1653 Hoholdi,
1705 1580 2091 1657 populorum
2154 1599 2413 1639 suorum
2476 1589 2538 1640 et
2586 1579 2667 1638 de
2714 1592 2876 1638 terra
2923 1597 3113 1658 gene-

411 1693 684 1750 racionis
745 1689 900 1752 Guri
957 1695 1018 1751 in
1081 1692 1380 1773 s1·ugibu5‚
1443 1695 1605 1764 vine,
1667 1692 1910 1770 apibus
1972 1692 2234 1773 gallinis
2282 1691 2466 1770 kytis,
2528 1692 2741 1752 suellis
2800 1703 2863 1752 et
2934 1691 3113 1772 agnis

419 1803 746 1884 denegatis
805 1816 869 1864 et
945 1805 1227 1882 predicta
1288 1805 1639 1864 iuramenta
1701 1804 2071 1865 debuissent
2116 1808 2377 1883 prestari
2427 1805 2731 1885 Zagrabie
2794 1803 2966 1884 apud
3013 1822 3114 1864 ec-

415 1917 670 1976 clesiam
723 1920 1027 1978 maiorem
1076 1936 1292 1978 coram
1341 1919 1540 1977 nobis.
1590 1918 1770 1979 Loco
1815 1929 2031 1978 autem
2080 1929 2143 1978 et
2190 1920 2461 1978 termino
2508 1920 2881 1988 constitutis
2928 1917 3113 1977 nobis

421 2030 846 2091 mediantibus
891 2032 1032 2091 talis
1078 2032 1238 2092 inter
1283 2046 1494 2109 partes
1541 2035 1896 2091 conuencio
1958 2033 2313 2104 interuenit,
2376 2043 2443 2092 ut
2505 2049 2725 2091 comes
2772 2029 3113 2090 Hoholdus

417 2144 624 2204 soluet
693 2163 920 2204 omnes
986 2144 1268 2204 decimas
1334 2163 1481 2205 suas
1547 2147 1834 2223 proprias
1895 2145 2165 2225 frugum,
2225 2147 2573 2216 uinearum,
2617 2144 3003 2222 populorum
3050 2154 3112 2202 et

417 2257 770 2334 specialiter
816 2257 898 2318 de
945 2269 1108 2317 terra
1154 2259 1590 2338 generacionis
1635 2256 1808 2332 Guri‚
1855 2257 1959 2317 tali
1995 2257 2213 2331 modo,
2260 2258 2435 2336 quod
2482 2257 2566 2318 de
2611 2256 2869 2336 singulis
2914 2257 3115 2316 uineis

424 2371 765 2430 maioribus
810 2380 872 2430 et
921 2371 1271 2430 minoribus
1318 2371 1480 2431 duos
1546 2370 1814 2430 cubulos
1877 2373 2023 2442 uini,
2083 2390 2200 2450 pro
2263 2372 2511 2430 decima
2557 2372 2813 2448 capecia
2861 2368 3109 2449 frugum

417 2501 616 2544 unum
664 2483 992 2543 denarium
1039 2483 1403 2561 persoluere
1462 2494 1728 2544 tenetur.
1793 2483 1858 2544 Si
1921 2494 2155 2556 autem,
2217 2484 2483 2544 domino
2545 2484 2907 2556 auxiliante,
2952 2480 3116 2541 solu·

419 2598 672 2656 cionem
719 2595 1112 2656 decimarum
1161 2600 1221 2656 in
1271 2596 1551 2677 frugibus
1596 2609 1658 2656 et
1706 2599 1907 2657 uineis
1954 2599 2015 2656 in
2064 2596 2166 2656 illa
2213 2599 2540 2675 prouincia
2588 2598 2920 2676 contingat
2966 2613 3117 2675 aug-

421 2711 706 2780 mentari,
751 2709 1000 2769 soluere
1043 2711 1362 2770 tenebitur
1401 2711 1754 2771 secundum
1790 2709 1969 2787 quod
1999 2709 2096 2770 alii
2132 2709 2701 2788 comprouinciales
2732 2708 3116 2786 persoluent‚

421 2841 551 2882 non
586 2823 882 2883 obstante
914 2825 1352 2883 conuencione
1387 2826 1510 2884 iam
1543 2826 1863 2903 premissa.
1901 2823 2107 2902 Kytas
2140 2832 2202 2883 et
2234 2823 2497 2904 gallinas
2528 2822 2733 2882 soluet
2782 2824 2840 2881 in
2889 2821 3117 2899 specie,

421 2938 484 2996 in
532 2938 712 3017 agnis
757 2948 818 2997 et
867 2936 1094 3015 apibus
1139 2937 1344 2997 soluet
1390 2940 1452 2996 in
1500 2940 1711 3015 specie
1742 2948 1805 2997 et
1837 2940 1883 2997 si
1923 2937 2149 2997 decem
2201 2937 2299 2996 uel
2349 2954 2584 2996 nouem
2632 2934 2933 3013 compleri
2986 2952 3113 2993 non

419 3060 698 3128 possent,
747 3051 1059 3110 rediment
1105 3050 1458 3110 secundum
1519 3050 2052 3111 consuetudinem
2114 3052 2455 3129 prouincie.
2526 3048 2627 3109 De
2689 3047 2949 3127 singulis
3009 3066 3113 3107 cu-

421 3163 644 3223 stodiis
707 3182 1072 3253 porcorum,
1138 3182 1264 3243 que
1333 3162 1474 3223 vcol
1543 3174 1824 3235 uocatur,
1891 3164 2096 3223 soluet
2144 3162 2499 3241 policham;
2561 3162 2642 3221 de
2703 3161 2913 3221 liberis
2958 3160 3117 3220 uillis

421 3278 614 3355 ipsius
659 3276 863 3336 soluet
912 3276 1193 3337 decimas
1240 3279 1302 3337 in
1349 3276 1648 3357 frugibus,
1695 3279 1913 3349 uinciS‚
1959 3278 2155 3357 agnis,
2202 3277 2430 3354 apibus
2490 3278 2647 3335 sicut
2696 3274 2777 3334 de
2824 3275 2957 3333 aliis
3004 3292 3117 3350 po-

421 3389 586 3467 pulis
647 3390 774 3449 suis
819 3400 882 3449 et
928 3389 1094 3450 duos
1155 3390 1448 3451 denarios
1516 3390 1598 3449 dc
1664 3389 1925 3469 singulis
1991 3392 2221 3467 portis;
2292 3387 2478 3467 kytas
2547 3400 2611 3447 et
2678 3387 2941 3469 gallinas
2987 3406 3116 3446 non

420 3501 645 3561 soluet.
693 3502 1108 3564 solucionem
1155 3502 1549 3581 policharum
1613 3503 1694 3563 de
1758 3502 2035 3563 liberatis
2089 3501 2249 3562 uillis
2293 3504 2485 3580 ipsius
2531 3501 2854 3561 soluendis
2899 3500 2981 3560 ad
3030 3500 3119 3558 in-

422 3618 732 3676 stanciam
779 3628 843 3676 et
889 3618 1274 3695 peticionem
1339 3618 1529 3695 ipsius
1590 3617 1840 3676 comitis
1902 3616 2186 3676 Hoholdi
2235 3614 2683 3694 perpetualiter
2728 3616 3117 3674 remiserunt.

421 3728 490 3788 ln
539 3730 716 3789 cuius
763 3730 850 3789 rei
895 3730 1330 3790 testimonium
1377 3742 1702 3807 presentes
1750 3727 1984 3789 litteras
2031 3731 2462 3789 concessimus
2507 3726 2686 3808 sigilli
2736 3726 2933 3786 nostri
2982 3744 3119 3785 mu-

421 3844 658 3902 nimine
704 3843 1053 3903 roboratas
1101 3842 1341 3903 Datum
1391 3842 1696 3922 Zagrabie
1741 3862 1914 3902 anno
1962 3841 2201 3902 domini
2256 3839 2497 3904 MCCL
2544 3850 2745 3900 sexto,

605 4034 902 4107 Ortgt'nal
942 4054 980 4091 n
1029 4033 1250 4090 arkivu
1297 4032 1571 4113 kaptola,
1601 4036 1776 4110 fasc,
1815 4038 1898 4089 17.
1937 4054 2030 4091 no.
2072 4038 2124 4090 3.
2176 4036 2372 4091 l'ec‘at
2411 4035 2606 4091 vise‘c‘i
2649 4053 2733 4090 na
2779 4032 3119 4089 odrescima

411 4149 790 4215 pergamena·
836 4140 976 4195 ποεῖ
1018 4140 1244 4215 nadpis
1262 4160 1281 4194 .·
1331 4139 1457 4211 Sig.
1505 4138 1854 4194 Alexandri
1896 4138 2197 4211 Alagistri
2239 4136 2541 4195 vice-bani.

588 4246 779 4319 Fejdr
829 4244 968 4301 cod.
1019 4244 1164 4318 dipl.
1217 4244 1426 4315 Hung.
1481 4244 1522 4299 l
1528 4244 1588 4300 V.
1625 4246 1680 4311 2,
1719 4246 1846 4297 414.
1883 4239 2052 4321 (Ima
2088 4241 2393 4298 izvacmk).
2426 4274 2511 4283 —
2552 4240 2804 4298 Tkalc‘ic‘
2846 4239 3116 4295 Manum.

418 4350 601 4424 episc.
654 4350 838 4423 Zagr.
890 4350 938 4407 l.
988 4352 1111 4404 113-
1142 4353 1298 4403 -mt,
1371 4382 1454 4389 —-
1519 4348 1762 4403 chzel
1829 4348 1970 4404 (J'od.
2018 4348 2164 4422 dipl.
2212 4346 2355 4421 Arp.
2406 4354 2557 4402 cont.
2611 4346 2722 4401 XI.
2775 4344 3117 4397 431-432,

423 4486 506 4495 --
553 4452 930 4529 Kukuljevic‘
969 4456 1116 4527 Reg.
1168 4474 1260 4511 no.
1319 4456 1448 4510 725.
