3797 5795
1528 420 1610 427 ——
1668 382 1799 447 513
1855 420 1936 427 »-

373 592 592 635 versus
658 573 1027 652 aquilonem
1093 572 1178 633 ad
1244 572 1571 653 quendam
1641 584 1952 649 montem,
1996 575 2098 635 vbi
2167 586 2379 637 essent
2448 575 2574 636 due
2639 587 2810 637 mete
2856 586 2919 637 et
2965 596 3082 656 per

373 687 649 749 eandem
696 688 867 748 viam
898 698 965 747 et
992 706 1107 765 per
1138 686 1415 748 eundem
1464 686 1659 747 berch
1692 687 1775 748 ad
1806 687 2135 767 quendam
2176 689 2390 749 locum
2443 688 2722 750 Lonsseu
2766 701 3088 766 vocatum,

372 801 481 861 vbi
541 800 661 861 sub
720 800 1055 861 arboribus
1114 798 1273 881 sagis
1332 812 1546 861 essent
1606 800 1733 862 due
1788 812 1962 862 mete
2006 813 2071 862 et
2117 801 2266 862 inde
2313 821 2426 880 per
2473 805 2640 863 viam
2685 802 3084 881 sepedictam

373 912 833 975 descendendo
878 916 1235 993 perveniret
1282 913 1365 974 ad
1412 912 1571 975 duas
1619 926 1822 975 metas
1867 916 1933 975 in
1979 914 2107 976 fine
2152 914 2439 976 eiusdem
2501 916 2696 977 berch
2740 926 2806 977 et
2851 916 3090 978 deinde

378 1026 837 1087 descendendo
885 1026 1141 1088 caderet
1188 1028 1249 1087 in
1296 1026 1567 1087 rivulum
1614 1026 2050 1109 Strigomnya,
2095 1027 2200 1087 vbi
2246 1036 2458 1089 essent
2503 1029 2630 1090 due
2676 1043 2848 1090 mete
2879 1041 2943 1090 et
2973 1046 3090 1109 per

378 1139 659 1201 eundem
726 1137 987 1201 fluvium
1056 1138 1472 1221 Strigomnya
1540 1143 1656 1201 iret
1723 1139 1982 1201 inferius
2049 1142 2114 1201 in
2182 1138 2443 1201 fluvium
2505 1140 2636 1215 Vn,
2693 1142 2802 1202 vbi
2861 1141 3092 1203 fluvius

380 1250 875 1331 Chazthanycha
920 1263 1267 1327 vocaretur,
1313 1252 1569 1314 caderet
1602 1264 1665 1313 et
1700 1256 1761 1313 in
1810 1254 2023 1331 ipsum
2075 1252 2183 1315 Vn
2229 1264 2397 1313 esset
2441 1272 2570 1315 una
2615 1264 2808 1328 meta,
2854 1254 3092 1315 deinde

378 1364 789 1427 ascendendo
854 1385 971 1444 per
1040 1362 1535 1445 Chazthanycha
1602 1366 1723 1427 sub
1790 1364 1934 1427 foro
2002 1366 2265 1427 duceret
2331 1385 2536 1447 usque
2602 1367 2687 1428 ad
2758 1366 3088 1445 quendam

380 1478 772 1553 fonticulum,
816 1478 920 1539 vbi
970 1478 1363 1540 transeundo
1421 1478 1801 1540 fonticulum
1862 1479 2240 1541 ascenderet
2284 1499 2398 1559 per
2445 1498 2749 1563 magnam
2810 1483 2980 1542 viam
3024 1492 3090 1543 et
3179 1538 3188 1545 .

381 1593 498 1652 iret
562 1591 647 1652 ad
714 1590 981 1668 fontem,
1047 1592 1157 1672 qui
1210 1603 1377 1653 esset
1442 1592 1562 1652 sub
1630 1592 1897 1669 ecclesia
1963 1594 2164 1654 sancti
2213 1592 2558 1669 MichaeliS,
2605 1593 2687 1655 de
2735 1612 2865 1673 quo
2911 1594 3092 1655 fonte

382 1705 756 1766 ascenderet
799 1699 1263 1785 aliquantulum
1311 1716 1375 1765 et
1423 1708 1538 1766 iret
1586 1724 1787 1785 usque
1847 1705 1933 1766 ad
2001 1706 2160 1767 duas
2227 1709 2375 1779 viaS,
2437 1725 2708 1787 quarum
2770 1727 2894 1769 vna
2957 1727 3085 1787 que

383 1820 614 1879 iaceret
674 1838 711 1878 a
780 1816 1053 1893 dextris,
1122 1818 1269 1879 inde
1332 1820 1447 1878 iret
1506 1820 1569 1878 in
1632 1818 2100 1900 longitudinem
2176 1821 2432 1895 montis,
2493 1820 2612 1881 sub
2679 1822 2810 1901 quo
2877 1836 3094 1882 essent

382 1934 568 1992 vinee
611 1945 675 1992 et
720 1950 835 2010 per
878 1930 1161 1991 eundem
1207 1941 1500 1992 montem
1546 1932 1662 1993 iret
1710 1934 1773 1992 in
1820 1931 2093 1995 Wratha
2138 1942 2202 1993 et
2249 1932 2330 1993 de
2367 1932 2634 1995 Wratha
2679 1932 3098 1994 ascendendo

383 2044 646 2106 duceret
690 2064 806 2123 per
849 2055 1141 2105 montem
1189 2053 1253 2105 et
1297 2064 1413 2123 per
1468 2064 1776 2127 magnum
1836 2046 2127 2124 spacium
2172 2056 2237 2106 et
2282 2057 2571 2125 preterea
2636 2045 3094 2107 descendendo

382 2159 626 2219 veniret
671 2157 757 2218 ad
801 2158 1073 2220 rivulum
1102 2157 1449 2236 Thurycha
1494 2169 1815 2232 vocatum,
1846 2160 2201 2237 peripsum
2245 2158 2590 2237 Thurycha
2631 2158 3097 2239 aliquantulum

384 2270 801 2349 procedendo
862 2269 1120 2332 caderet
1180 2272 1243 2331 in
1307 2269 1576 2331 rivulum
1638 2269 1903 2348 Thurya
1962 2281 2264 2333 vocatum
2312 2281 2377 2332 et
2420 2290 2536 2351 per
2580 2270 2886 2333 Thuriam
2951 2291 3099 2351 pro-

384 2382 681 2444 cedendo
725 2385 969 2444 veniret
1014 2382 1098 2444 ad
1144 2402 1380 2463 aquam
1428 2385 1690 2445 nomine
1737 2382 2053 2445 Pulschka
2097 2396 2162 2445 et
2207 2404 2320 2463 per
2364 2382 2680 2445 Pulschka
2726 2384 2987 2446 duceret
3031 2386 3098 2445 in

384 2496 645 2570 Zauam,
686 2495 795 2556 vbi
841 2497 1145 2574 inciperet
1190 2498 1397 2574 prima
1444 2505 1615 2557 meta
1662 2506 1725 2555 et
1771 2498 1861 2556 sic
1908 2506 2079 2557 mete
2124 2496 2554 2575 predictarum
2614 2501 3094 2577 possessionum

386 2610 885 2688 circumquaque
932 2602 1203 2670 finaliter
1246 2611 1757 2669 terminarentur.

588 2800 890 2876 Original
928 2821 1014 2859 na
1049 2803 1283 2878 papiru
1348 2820 1389 2860 u
1433 2801 1525 2859 kr.
1578 2821 1681 2876 ug.
1729 2802 1856 2858 dri.
1910 2800 2134 2859 arkivu
2193 2802 2286 2859 M.
2346 2801 2415 2861 0.
2465 2803 2553 2861 D.
2596 2804 2668 2862 L.
2715 2823 2814 2863 κο.
2867 2806 3103 2865 34.004

398 2907 591 2966 Stara
634 2907 793 2982 sign.
842 2907 925 2966 N.
976 2908 1051 2968 R.
1094 2907 1170 2964 A.
1198 2910 1375 2985 fasc.
1424 2911 1569 2964 1551
1612 2926 1707 2966 no.
1757 2909 1851 2966 22.
1911 2941 2000 2950 —
2055 2906 2220 2982 Ovaj
2259 2907 2522 2966 izvadak
2569 2909 2625 2966 iz
2669 2909 2882 2966 lzlrtine
2914 2909 3110 2986 pala-

396 3012 535 3070 tina
580 3011 805 3070 Nikole
858 3010 1243 3088 Gory'anskog·
1283 3013 1370 3070 od
1398 3032 1463 3086 g.
1498 3015 1672 3068 1429.
1719 3013 1811 3070 13.
1859 3019 2066 3068 marta
2111 3011 2327 3070 nalazi
2365 3031 2434 3070 se
2464 3013 2494 3070 i
2518 3031 2561 3070 u
2605 3013 2754 3090 dipl.
2797 3013 3116 3080 zborm'ku.

395 3118 467 3176 F
460 3137 510 3176 r.
558 3117 927 3191 Sze'chenyia
974 3137 1015 3174 u
1049 3114 1123 3172 4⁰
1149 3116 1263 3175 vol.
1310 3117 1405 3176 VI.
1450 3119 1799 3172 454—465.
1850 3135 1891 3172 u
1937 3116 2280 3176 narodnom
2324 3119 2563 3192 muzeju
2611 3137 2654 3176 u
2699 3119 3104 3195 Budimperti.

573 3223 763 3298 Fejdr
812 3221 953 3282 cod.
1002 3222 1150 3299 dipl.
1197 3221 1413 3296 Hung.
1462 3219 1571 3281 JV.
1624 3223 1703 3290 3.,
1753 3221 2106 3277 506-508,
2170 3220 2469 3298 (pn‘opc'io
2511 3223 2712 3297 Jedva
2760 3222 3101 3300 polovicu).
3179 3243 3186 3250 ·

398 3359 489 3368 —
531 3325 911 3403 Kukubevic'
944 3327 1096 3402 Reg.
1146 3346 1242 3384 no.
1296 3329 1434 3385 489.

1670 3641 1861 3722 9⁷6.

408 3802 610 3869 1269.
661 3800 761 3885 (Iz
806 3818 993 3885 prve
1036 3799 1207 3885 pole
1252 3796 1563 3884 godino).

704 3991 881 4054 Bela
924 3988 1163 4075 herceg
1201 3986 1521 4054 hrvatski
1554 3987 1952 4074 potvrdjuje
1987 3987 2360 4072 povlastice
2403 3987 2806 4056 kn‘ievao'ke.

587 4191 740 4254 Bela
783 4193 887 4253 dei
933 4193 1145 4274 gracia
1189 4191 1325 4252 dux
1370 4191 1575 4251 tocius
1620 4187 1978 4264 Sclauonie,
2023 4187 2358 4251 Dalmacie
2387 4198 2451 4250 et
2483 4185 2764 4263 Croacie,
2808 4189 3116 4250 vniuersis

414 4305 645 4371 Christi
690 4304 986 4368 fidelibus
1045 4322 1307 4384 presens
1365 4305 1670 4382 scriptum
1730 4303 2106 4382 inspecturis
2167 4301 2438 4364 salutem
2499 4303 2564 4362 in
2623 4319 2778 4362 vero
2840 4300 3116 4362 salutari.

410 4418 523 4482 Ad
567 4420 1005 4481 vniuersorum
1051 4418 1355 4479 noticiam
1401 4415 1626 4477 harum
1672 4417 1831 4477 serie
1874 4416 2174 4476 volumus
2215 4416 2568 4494 peruenire,
2611 4412 2791 4493 quod
2835 4412 3120 4493 hospites

413 4535 612 4594 nostri
674 4532 757 4593 de
822 4531 1020 4592 libera
1085 4529 1232 4591 villa
1302 4527 1595 4593 Crisiensi
1662 4527 2089 4590 exhibuerunt
2157 4526 2345 4588 nobis
2403 4526 2802 4608 priuilegium
2869 4525 3116 4587 domini

412 4645 567 4708 Bele
611 4646 804 4707 incliti
850 4645 1015 4726 regis
1059 4643 1345 4726 Vngan‘e
1388 4641 1698 4704 karissimi
1743 4643 1941 4720 patris
1993 4641 2190 4702 nostri
2237 4639 2605 4701 confectum
2650 4657 2842 4718 super
2884 4637 3116 4700 confir-

412 4761 709 4822 macione
752 4757 1059 4818 libertatis
1120 4757 1403 4836 ipsorum
1462 4753 1755 4816 ordinate
1813 4773 1930 4832 per
1987 4751 2390 4832 Stephanum
2457 4751 2702 4812 banum
2770 4749 3118 4814 Sclauonie

414 4871 592 4932 bone
638 4859 945 4932 memorie
990 4869 1344 4931 secundum
1389 4877 1683 4929 tenorem
1714 4866 2022 4948 priuilegii
2053 4865 2360 4942 eiusdem,
2389 4867 2567 4926 cuius
2597 4873 2784 4926 tenor
2815 4864 2958 4925 talis
2988 4873 3118 4924 est:

592 4985 855 5061 (Slffedi
905 4983 1228 5061 privilegii
1279 4982 1489 5059 kralja
1552 4981 1698 5039 Bele
1758 4983 1845 5038 od
1886 4982 2034 5056 god.
2077 4983 2246 5042 1253,
2313 4983 2406 5040 16.
2449 4987 2721 5052 augusta
2771 4979 3122 5056 podtjeljen'

418 5089 855 5149 Kriievcima).

500 5226 655 5274 con.
687 5227 855 5270 mPL.
886 5227 950 5270 v.
2947 5201 3031 5264 33
