3797 5795
1829 441 1908 448 —
1973 406 2236 468 324—

1942 698 2135 777 2313.

681 855 883 922 1264.
931 857 991 923 U
1037 854 1304 922 Cazmi.

684 1048 948 1132 Kaptol
1008 1047 1401 1110 ‹fazmanskz‘
1456 1045 1775 1132 z'zmz‘ruje
1842 1048 2045 1111 brao‘u
2109 1071 2156 1110 u
2219 1047 2610 1111 Mos-lavini
2663 1046 2828 1110 radi
2864 1048 3083 1132 sedne
3149 1046 3384 1109 desfice

1706 1160 2089 1223 Rastam‘ca
2135 1183 2356 1224 avane.

856 1353 995 1414 Nos
1039 1354 1387 1432 capitulum
1419 1353 1684 1415 ecclesie
1719 1352 2127 1416 Chasmensis
2159 1353 2588 1435 significamus
2632 1354 2934 1414 omnibus
2978 1356 3380 1432 presencium

682 1485 795 1545 per
854 1477 1162 1537 tenorem,
1226 1466 1402 1544 quod
1463 1469 1787 1527 constituti
1853 1485 2070 1526 coram
2137 1467 2321 1527 nobis
2380 1467 2812 1545 personaliter,
2873 1466 2958 1526 ab
3018 1484 3144 1526 una
3201 1481 3382 1545 parte

684 1582 903 1641 Petrus
947 1578 1109 1640 filius
1156 1580 1339 1653 Petri,
1386 1581 1468 1639 ab
1514 1580 1711 1640 altera
1758 1598 1908 1639 vero
1954 1578 2244 1640 Thomas
2289 1580 2452 1640 filius
2482 1580 2738 1642 Thome
2768 1579 2852 1640 de
2883 1579 3224 1640 Monozlov
3261 1599 3382 1657 pro

680 1713 750 1754 se
794 1703 859 1754 et
902 1713 1019 1772 pro
1080 1693 1270 1753 fratre
1330 1711 1447 1752 suo
1508 1691 1857 1770 StephanO,
1907 1695 2012 1770 qui
2063 1693 2281 1754 Petrus
2326 1693 2653 1753 confessus
2698 1702 2814 1766 est,
2861 1692 3039 1771 quod
3087 1692 3167 1752 de
3213 1701 3378 1752 terra

680 1808 875 1886 ipsius
940 1805 1195 1866 Thome
1265 1805 1754 1884 Haraztanycha
1824 1818 2049 1866 vocata
2117 1807 2393 1886 antiquis
2462 1808 2646 1867 metis
2721 1806 3114 1866 circumdata
3187 1824 3378 1865 unam

680 1919 1055 1999 particulam
1102 1929 1165 1979 et
1212 1929 1489 1979 mortem
1552 1918 1824 1980 duorum
1876 1919 2228 1992 hominum,
2289 1919 2582 1980 videlicet
2643 1918 2942 1979 Neschen
2999 1929 3061 1978 et
3111 1929 3382 1978 mortem

680 2033 787 2095 filii
834 2031 1105 2113 DraguS,
1150 2035 1303 2092 item
1352 2031 1577 2092 vulnus
1624 2035 1807 2093 unius
1852 2032 2126 2092 hominis
2159 2043 2222 2116 et
2256 2032 2766 2092 destruccionem
2799 2034 2984 2092 unius
3023 2031 3166 2092 ville
3195 2050 3384 2110 super

682 2150 821 2225 ipso
882 2145 1137 2208 Thoma
1200 2157 1262 2205 et
1326 2146 1515 2206 fratre
1576 2163 1692 2205 suo
1755 2143 2085 2222 Stephano
2147 2146 2524 2224 requisisset,
2569 2163 2695 2224 que
2741 2145 2960 2205 omnia
3008 2192 3384 2204 .......

681 2259 975 2320 Tandem
1040 2258 1123 2319 ad
1184 2257 1379 2318 talem
1438 2258 1960 2336 conposicionem
2007 2259 2181 2336 pacis
2227 2259 2647 2332 devenissent,
2693 2258 2873 2338 quod
2918 2261 3054 2336 ipse
3099 2257 3384 2320 Thomas

682 2390 829 2433 cum
876 2371 1064 2431 fratre
1110 2391 1227 2432 suo
1275 2371 1607 2430 nominato
1652 2390 1771 2449 pro
1805 2373 1940 2448 ipsa
1986 2382 2146 2430 terra
2195 2372 2511 2448 requisita,
2552 2371 2730 2448 quod
2775 2391 2889 2431 sua
2921 2373 3017 2444 sit,
3063 2372 3382 2431 iuravisset

683 2495 748 2545 et
793 2487 881 2544 sic
926 2484 1042 2544 sibi
1104 2493 1168 2544 et
1230 2484 1399 2544 fratri
1460 2502 1578 2543 suo
1624 2493 1689 2544 et
1734 2483 2074 2544 heredibus
2135 2502 2358 2544 eorum
2419 2483 2815 2544 iustificasset
2880 2487 3014 2544 iure
3075 2495 3384 2562 perpetuo

682 2596 1159 2678 possidendam,
1204 2596 1317 2657 sed
1359 2616 1478 2675 pro
1526 2610 1733 2656 morte
1778 2597 2053 2658 duorum
2104 2597 2434 2657 hominum
2479 2607 2543 2657 et
2574 2617 2692 2676 pro
2740 2597 2999 2658 vulnere
3046 2600 3228 2657 unius
3274 2597 3384 2656 ho-

685 2713 872 2772 minis
916 2721 979 2784 et
1024 2729 1143 2788 pro
1210 2709 1651 2770 destruccione
1720 2712 1903 2770 unius
1979 2710 2120 2770 ville
2187 2712 2320 2789 ipse
2391 2729 2536 2770 cum
2610 2709 2902 2788 Nycolao
2949 2708 3080 2770 filio
3125 2707 3386 2770 Andree

683 2826 1023 2896 iuravisset,
1068 2843 1185 2903 pro
1234 2823 1465 2901 quibus
1511 2823 1811 2882 omnibus
1857 2822 2028 2882 idem
2089 2823 2377 2884 Thomas
2423 2825 2534 2902 ipsi
2589 2823 2774 2883 Petro
2819 2821 3123 2902 persolvit
3169 2824 3382 2905 viginti

685 2958 930 3000 marcas
991 2940 1200 2998 minus
1263 2955 1387 2996 una
1453 2955 1670 2996 coram
1734 2936 1936 3009 nobis,
1983 2938 2090 3014 qui
2139 2936 2357 2997 Petrus
2419 2937 2723 3019 obligavit
2768 2956 2835 2997 se
2883 2934 3163 3010 firmiter,
3208 2936 3382 3014 quod

684 3072 803 3113 nec
848 3054 1049 3129 ipsam
1118 3062 1369 3123 terram,
1416 3068 1536 3110 nec
1583 3057 1852 3108 mortem
1926 3047 2176 3108 illorum
2238 3049 2512 3110 duorum
2557 3049 2911 3123 hominum,
2979 3068 3100 3109 nec
3161 3050 3384 3109 vulnus

684 3167 867 3226 unius
912 3164 1203 3232 hominis
1238 3181 1356 3222 nec
1388 3162 1893 3222 destruccionem
1930 3163 2112 3220 unius
2160 3162 2299 3223 ville
2346 3182 2535 3241 super
2566 3164 2704 3241 ipso
2735 3163 2994 3225 Thoma
3023 3164 3386 3241 requireret.

683 3278 782 3339 vel
828 3276 1016 3337 fratre
1062 3296 1197 3347 sue,
1242 3276 1340 3335 vel
1389 3274 1747 3352 requirendi
1808 3272 2071 3334 haberet
2123 3276 2402 3353 aliquam
2464 3275 2852 3350 facultatem,
2897 3294 3096 3355 quam
3157 3289 3386 3336 terram

684 3392 818 3469 ipse
863 3390 1085 3450 Petrus
1129 3392 1192 3448 in
1239 3389 1513 3467 antiquis
1572 3390 1774 3460 metiS,
1821 3388 2055 3468 quibus
2115 3388 2403 3449 Thomas
2470 3400 2650 3466 pater
2696 3390 2891 3467 ipsius
2935 3388 3194 3450 Thome
3240 3408 3388 3467 pos-

684 3502 949 3577 sidebat,
1022 3501 1270 3580 reliquit
1337 3498 1601 3579 pacifice
1669 3512 1731 3561 et
1801 3504 2030 3580 quiete.
2082 3500 2149 3560 In
2222 3503 2397 3561 cuius
2466 3502 2552 3560 rei
2625 3503 3006 3561 memoriam
3071 3510 3134 3561 et
3197 3502 3392 3561 robur

688 3626 933 3675 nostras
992 3615 1229 3674 litteras
1290 3614 1672 3674 contulimus
1734 3624 1953 3673 nostro
2016 3614 2220 3693 sigillo
2266 3616 2710 3674 communitas,
2759 3613 3003 3674 Datum
3049 3634 3226 3675 anno
3275 3615 3390 3673 do-

690 3729 843 3788 mini
890 3728 1226 3787 millesimo
1278 3724 1418 3789 CC⁰
1442 3726 1594 3786 LX⁰
1640 3739 1885 3805 quarte.

874 3919 1181 3993 Original,
1244 3939 1329 3975 na
1389 3918 1581 3993 kojem
1642 3940 1708 3974 sc·
1754 3921 1888 3975 vidi
1946 3929 2089 3992 trag
2139 3926 2380 3995 peciam,
2445 3920 2572 3995 koji
2604 3924 2680 3996 jc
2740 3922 2897 3977 visio
2959 3942 2992 3977 0
3059 3924 3314 3995 ervenqj
3369 3923 3396 3977 ι’

684 4023 919 4097 zelenoj
942 4025 1132 4089 vrvci,
1182 4043 1221 4079 u
1268 4022 1489 4079 arke'vu
1537 4022 1771 4091 obite-lsi
1801 4026 2068 4099 grqfova
2119 4026 2408 4096 lz'rddq'ra
2457 4045 2496 4081 u
2552 4025 2872 4099 (ilogovcu.

870 4127 1013 4185 Cod.
1079 4128 1227 4203 dipl.
1280 4129 1532 4202 patrius
1592 4127 1721 4185 Vll.
1777 4130 1872 4182 93.
1923 4148 2018 4184 no.
2073 4132 2166 4183 69.
2226 4162 2296 4168 -—
2349 4129 2724 4204 Kukuljevic'
2767 4130 2913 4203 ch.
2965 4150 3062 4187 no.
3114 4134 3256 4188 876.

1947 4417 2138 4496 814μ

690 4551 890 4615 1264.

696 4721 976 4803 Stjepcm
1028 4719 1249 4782 mladz'
1290 4720 1479 4805 kralj
1520 4721 1765 4803 daruje:
1810 4722 2024 4783 kuezu
2059 4723 2334 4784 Hazoffu
2383 4724 2628 4807 zemlju
2677 4724 2970 4786 *Vasvod
2999 4746 3044 4785 u
3077 4722 3404 4808 Zupanq'si

1855 4836 2246 4917 vukovskoj.

866 5004 1226 5084 Stephanus
1258 5008 1357 5067 dei
1392 5011 1589 5089 gratia
1638 5011 1839 5069 iunior
1886 5030 1999 5069 rex
2053 5010 2347 5091 Ungarie,
2395 5010 2530 5070 dux
2574 5010 2634 5071 T
2635 5012 3046 5084 ransilvanuS,
3091 5011 3398 5072 dominus

694 5113 1125 5178 Cumanorum
1176 5119 1473 5180 omnibus
1518 5131 1845 5199 presentes
1892 5123 2128 5183 litteras
2190 5126 2626 5202 conspecturis
2693 5123 2964 5184 salutem
3015 5126 3078 5184 in
3123 5122 3396 5183 domino
