3797 5795
1494 415 1578 422 —
1639 380 1904 445 155—-

343 578 602 628 teneant
649 579 712 629 et
759 570 848 629 sic
911 570 1118 630 soluta
1183 572 1528 633 medietate
1587 574 1876 633 omnium
1940 574 2448 652 supradictarum
2509 592 2719 634 rerum
2784 574 3051 635 heredes

341 679 649 741 Scemose
709 682 994 761 predicte
1053 682 1271 743 Dabre
1315 702 1498 745 suam
1553 696 1803 764 partem
1851 688 1915 747 in
1960 704 2031 747 se
2074 686 2399 765 recipiant,
2448 684 2768 757 videlicet:
2817 697 3048 747 terram

343 812 470 873 que
517 804 612 855 est
658 794 742 855 ad
791 792 1134 871 Cacanam‚
1195 815 1390 875 quam
1437 799 1778 876 pastinauit
1823 798 1987 859 filius
2042 798 2280 875 Bescici
2327 811 2391 859 et
2437 808 2669 859 terram
2715 799 2798 859 de
2843 797 3053 877 Duye,

343 926 540 985 quam
586 910 928 987 pastinauit
973 908 1135 970 filius
1181 908 1495 971 Plessecte
1541 922 1604 971 et
1650 922 1846 971 terras
1886 911 1969 972 de
2000 910 2331 975 Ocrenaso
2379 930 2503 990 que
2549 912 2749 973 diuise
2796 912 3047 973 fuerunt

346 1039 494 1081 cum
545 1020 798 1082 Prodde
830 1021 1016 1083 Russi
1062 1032 1124 1082 et
1171 1031 1402 1083 terram
1434 1025 1498 1083 in
1539 1022 1756 1085 Dilato
1803 1042 2001 1104 prope
2046 1024 2377 1099 ecclesiam
2412 1034 2778 1085 sanctorum
2815 1022 3053 1088 Cosme

342 1144 407 1193 et
451 1132 750 1195 Damiani
813 1146 878 1195 et
938 1135 1099 1196 duas
1159 1135 1422 1197 terrulas
1481 1156 1608 1216 que
1668 1148 1815 1198 sunt
1860 1138 2145 1198 similiter
2192 1140 2251 1197 in
2302 1136 2519 1199 Dilato
2564 1138 2683 1198 sub
2729 1137 2878 1198 uilla
2924 1156 3049 1213 que

339 1256 610 1307 uocatur
656 1244 926 1325 Kasicce
972 1257 1035 1308 et
1082 1258 1246 1309 terra
1295 1261 1419 1327 que
1465 1258 1560 1310 est
1605 1251 1666 1309 in
1716 1249 1918 1311 insula
1982 1250 2199 1311 Bracie
2246 1261 2308 1311 et
2354 1260 2519 1311 terra
2568 1269 2763 1331 quam
2808 1250 3051 1312 habent

341 1359 628 1420 diuidere
673 1380 820 1421 cum
869 1359 1090 1422 Dabro
1138 1360 1390 1423 Loduli.
1439 1362 1730 1423 Pr'edicta
1779 1382 1934 1423 uero
1981 1362 2199 1423 Dabra
2245 1362 2425 1439 dixit,
2471 1363 2648 1443 quod
2705 1362 2934 1424 habeat
2985 1365 3047 1423 in

341 1491 456 1531 sua
501 1483 680 1551 parte
725 1484 789 1534 et
834 1476 1222 1553 proprietate
1268 1483 1502 1535 terram
1549 1493 1674 1553 que
1706 1486 1802 1536 est
1833 1474 2200 1536 ubidicitur
2253 1475 2371 1537 »ad
2417 1476 2663 1537 fontes<
2718 1485 2782 1535 et
2812 1486 3047 1536 terram

342 1602 469 1663 que
529 1595 626 1645 est
697 1586 816 1646 »ad
862 1588 1138 1647 laculos«
1191 1598 1255 1647 et
1302 1598 1534 1648 terram
1595 1588 1678 1650 de
1739 1580 2051 1651 Garcutto
2098 1599 2161 1648 et
2205 1599 2439 1649 terram
2502 1608 2626 1668 que
2688 1598 2784 1649 est
2839 1589 2923 1649 ad
2974 1637 2985 1649 .
3034 1636 3047 1649 .

343 1697 448 1757 ille
493 1708 558 1758 et
603 1708 835 1759 terram
898 1717 1024 1778 que
1083 1709 1179 1760 est
1237 1700 1322 1760 ad
1385 1699 1697 1775 Pillatu'm,
1759 1720 1955 1779 quam
2022 1704 2363 1780 pastinauit
2425 1698 2614 1763 Sciue
2676 1702 2939 1763 clericus
2984 1712 3049 1763 et

344 1820 579 1871 terram
625 1810 708 1872 de
752 1810 1082 1891 Spinnuqo
1128 1822 1190 1873 et
1237 1823 1468 1873 terram
1518 1832 1644 1892 que
1690 1825 1785 1875 est
1831 1814 1914 1875 ad
1949 1811 2324 1897 paludum(l)
2373 1817 2549 1875 iuxta
2573 1814 2791 1895 Joram
2832 1815 3047 1876 Madii.

345 1923 428 1983 Et
473 1924 653 1999 dixit,
699 1925 876 2003 quod
937 1928 1154 1985 omnia
1215 1929 1635 1987 instrumenta
1695 1946 1820 2007 que
1866 1930 2001 1989 eius
2047 1937 2317 2006 nepotes
2362 1926 2469 1988 filii
2514 1926 2695 1989 Stani
2742 1940 2868 2007 que
2913 1928 3049 2007 ipsa

344 2040 436 2097 eis
494 2038 597 2099 uel
646 2039 928 2117 ipsorum
991 2040 1152 2116 patri
1214 2038 1316 2100 uel
1377 2040 1564 2099 matri
1624 2040 1708 2101 de
1769 2041 2145 2119 supradictis
2208 2041 2397 2102 rebus
2458 2041 2692 2101 fecerat
2753 2043 2923 2101 irrita
2982 2052 3047 2102 et

345 2169 547 2211 uacua
607 2162 1026 2229 permaneant
1073 2161 1138 2212 et
1183 2152 1423 2218 nullam
1485 2154 1720 2233 uigoris
1779 2153 2113 2213 obtineant
2173 2152 2557 2214 firmitatem.
2604 2151 2859 2231 Quibus
2913 2173 3049 2215 orn-

345 2262 533 2324 nibus
581 2263 752 2325 Elias
795 2263 974 2326 Stani
1023 2267 1130 2343 qui
1177 2265 1300 2326 illic
1347 2284 1607 2345 presens
1667 2276 1802 2327 erat
1863 2266 2249 2327 contradixit
2294 2275 2359 2327 et
2404 2268 2664 2347 negauit
2708 2277 2772 2327 et
2816 2286 2886 2327 se
2931 2268 3051 2327 sub

343 2376 757 2455 proteccione
803 2379 974 2437 curie
1006 2386 1068 2437 et
1101 2396 1251 2438 suos
1283 2377 1503 2439 fratres
1533 2389 1598 2439 et
1629 2398 1880 2440 sorores
1926 2381 2137 2458 posuit
2184 2378 2419 2453 dicenS,
2466 2398 2647 2440 suam
2694 2398 2885 2441 auam
2916 2398 3049 2440 non

343 2500 517 2550 recte
563 2491 752 2551 fuisse
799 2489 1096 2551 locutam.
1144 2490 1305 2550 Item
1351 2490 1636 2570 predicta
1681 2490 1740 2553 T
1744 2490 1884 2551 icha
1930 2490 2131 2552 uoluit
2177 2500 2242 2551 et
2290 2490 2637 2566 mandauit,
2678 2492 2855 2571 quod
2900 2512 3049 2571 pars

344 2619 542 2681 quam
589 2603 869 2664 habebat
918 2606 977 2664 in
1026 2602 1206 2665 Solta
1253 2616 1316 2664 et
1346 2615 1512 2664 terra
1545 2622 1669 2682 que
1699 2612 1802 2665 est·
1825 2604 1911 2664 ad
1942 2613 2229 2665 sanctam
2279 2603 2547 2665 Mariam
2587 2605 2671 2665 de
2703 2602 3049 2686 Pa(n)sano

345 2715 664 2777 uendatur
726 2727 789 2777 et
851 2715 1037 2777 detur
1095 2734 1214 2795 pro
1275 2736 1386 2778 sua
1461 2720 1676 2777 anima
1736 2736 1850 2796 per
1914 2735 2139 2778 manus
2199 2736 2460 2778 suorum
2522 2719 3051 2792 comissariorum‚

342 2830 506 2908 patri
555 2829 856 2909 spirituali
906 2838 1180 2908 quatuor
1227 2829 1433 2904 libras,
1464 2829 1704 2890 clericis
1735 2832 1840 2909 qui
1874 2828 1959 2891 ad
1991 2830 2124 2891 eius
2156 2831 2461 2910 exequias
2499 2829 2728 2891 suerint
2778 2839 3052 2909 quatuor

343 2943 554 3017 libraS,
633 2946 813 3003 matri
879 2942 1121 3004 Drasce
1195 2953 1260 3003 et
1321 2963 1436 3004 suo
1500 2946 1716 3023 nepoti
1780 2946 2063 3024 quinque
2130 2943 2337 3018 libraS,
2398 2946 2786 3006 monasterio
2849 2945 3051 3004 sancti

342 3055 656 3134 Stephani
716 3055 904 3116 libras
964 3056 1210 3131 decem,
1273 3059 1664 3116 monasterio
1724 3066 1944 3118 sancte
2008 3057 2207 3118 Marie
2269 3057 2352 3117 de
2412 3055 2591 3119 Solta
2656 3067 2785 3118 tres
2844 3055 3051 3132 libraS,

343 3168 539 3231 Slaue
563 3167 734 3232 Caca
759 3217 770 3228 .
797 3171 914 3230 ,sei
949 3168 1076 3230 due
1099 3168 1270 3242 libre,
1303 3169 1597 3230 fratribus
1623 3169 1975 3231 minoribus
2005 3181 2280 3250 quatuor
2309 3169 2482 3230 libre.
2516 3169 2600 3231 Et
2630 3169 2793 3231 dixit
2838 3171 3051 3246 etiam,

343 3281 525 3361 quod
572 3281 786 3343 Micha
831 3283 1006 3343 bone
1049 3285 1359 3343 memorie
1404 3284 1538 3343 eius
1585 3301 1787 3362 nepos
1833 3281 2143 3344 habuerat
2188 3283 2271 3344 de
2317 3285 2453 3362 ipsa
2498 3283 2719 3365 uiginti
2768 3283 3052 3362 quinque

343 3395 553 3469 libraS,
598 3414 760 3475 quas
806 3395 986 3469 dixit,
1010 3394 1188 3474 quod
1235 3396 1384 3474 ipsis
1430 3397 1724 3457 fratribus
1770 3397 2121 3456 minoribus
2168 3395 2249 3456 de
2295 3396 2430 3456 eius
2474 3407 2654 3475 parte
2702 3394 2889 3456 detur
2934 3414 3053 3474 pro

342 3511 540 3586 ipsius
584 3510 815 3569 anima.
862 3507 1044 3568 Dixit
1089 3509 1301 3582 etiam,
1349 3509 1524 3588 quod
1570 3519 1720 3570 octo
1768 3509 1975 3582 libras,
2021 3527 2181 3588 quas
2228 3507 2441 3570 Micha
2474 3508 2745 3584 Baciane
2792 3509 2849 3569 ei
2896 3507 3051 3569 dare

344 3630 618 3695 tenetur,
663 3623 932 3700 accipiat
993 3619 1212 3682 Dabra
1257 3633 1321 3682 et
1365 3641 1483 3700 pro
1530 3625 1664 3682 eius
1723 3623 1939 3682 anima
1999 3621 2203 3682 faciat.
2251 3622 2411 3682 Item
2478 3621 2822 3696 mandauit,
2868 3619 3051 3702 quod

343 3733 581 3794 domus
629 3753 753 3812 que
798 3733 912 3794 fuit
959 3734 1221 3795 Berbeci
1277 3737 1457 3795 iuxta
1518 3735 1788 3796 domum
1849 3733 2067 3795 Dabre
2112 3737 2245 3795 cius
2291 3733 2416 3796 filie
2460 3744 2525 3795 et
2571 3745 2737 3795 terra
2784 3751 2911 3813 que
2956 3743 3051 3795 est

340 3847 430 3907 ad
476 3837 770 3908 sanctum
817 3845 1152 3908 Andream
1183 3857 1331 3926 post
1363 3847 1696 3910 decessum
1730 3847 1948 3909 Dabre
1993 3847 2324 3922 uendatur,
2365 3858 2583 3908 tamen
2630 3849 2765 3926 ipsa
2810 3850 2872 3907 in
2922 3850 3052 3908 uita

340 3977 457 4021 sua
504 3960 828 4039 possideat
875 3971 940 4021 et
985 3959 1171 4021 detur
1231 3959 1313 4022 de
1377 3960 1493 4021 hiis
1537 3961 1791 4042 triginta
1837 3960 1996 4021 libre
2043 3961 2431 4022 monasterio
2477 3962 2678 4021 sancti
2724 3959 3053 4021 Benedicti

342 4081 411 4134 et
455 4072 628 4134 aliud
673 4075 1063 4134 monasterio
1109 4076 1310 4134 sancti
1355 4072 1663 4152 Stephani
1707 4093 1829 4152 pro
1874 4076 2091 4134 anima
2134 4073 2352 4134 Duimi
2400 4075 2495 4135 sui
2540 4073 2648 4135 filii
2694 4082 2759 4134 et
2790 4089 3051 4134 suorum

343 4186 891 4266 predecessorum.
941 4187 1101 4247 Item
1165 4185 1494 4247 mandauit
1555 4197 1618 4247 et
1683 4187 1904 4261 uoluit,
1951 4185 2131 4266 quod
2188 4187 2273 4247 ad
2333 4205 2595 4266 presens
2639 4196 2805 4246 terra
2850 4185 3049 4246 sancti

344 4301 510 4362 Petri
558 4300 642 4361 de
672 4297 976 4362 Gumano
1022 4314 1216 4376 quam
1263 4301 1326 4359 in
1371 4301 1602 4380 pignus
1647 4299 1886 4374 habuit,
1934 4309 2004 4360 ut
2048 4300 2243 4361 libera
2290 4309 2355 4360 et
2400 4299 2693 4360 absoluta
2738 4299 2879 4377 ipso
2912 4317 3049 4358 mo-

341 4415 622 4475 nasterio
666 4412 988 4474 reddatur.
1029 4413 1191 4474 Item
1223 4412 1403 4487 dixit,
1434 4413 1610 4492 quod
1657 4412 1877 4474 Dabre
1923 4412 2276 4473 donauerat
2322 4422 2503 4492 pater
2536 4412 2595 4472 in
2630 4429 2743 4472 sua
2789 4410 3051 4490 dispon-

341 4525 696 4610 sactione(l)
743 4546 862 4606 pro
915 4526 1173 4588 dotibus
1220 4536 1478 4587 centurn
1534 4545 1854 4606 perperos
1909 4526 2087 4604 quod
2136 4527 2326 4585 etiarn
2361 4527 2496 4604 ipsa
2528 4522 2745 4586 Dabra
2778 4540 2911 4584 non
2944 4543 3052 4584 ne-

341 4645 536 4724 gauit.
587 4642 744 4702 Item
789 4640 950 4702 dixit
981 4649 1045 4702 et
1077 4640 1294 4715 uoluit,
1341 4639 1520 4719 quod
1549 4641 1768 4700 omnia
1813 4637 2253 4717 superlectilia,
2298 4647 2361 4698 vt
2408 4648 2533 4698 est:
2589 4635 2742 4711 silia,
2785 4646 3045 4718 vegetes

345 4764 412 4816 et
443 4756 568 4816 alia
615 4775 742 4835 que
776 4757 842 4815 in
877 4754 1080 4815 domo
1129 4763 1276 4833 post
1321 4755 1456 4814 eius
1487 4753 1822 4814 decessum
1853 4751 2271 4812 remanserint
2317 4752 2440 4810 sint
2485 4748 2703 4810 Dabre
2747 4758 2812 4810 et
2856 4741 3047 4810 nichil

342 4868 614 4930 heredes
658 4867 950 4931 Scimose
1010 4868 1092 4928 de
1153 4866 1270 4928 hiis
1321 4867 1617 4956 habeant,
1663 4883 1810 4926 cum
1857 4863 2263 4925 tantumdem
2312 4875 2375 4924 et
2420 4862 2563 4942 plus
2608 4861 2782 4941 apud
2827 4881 2897 4924 se
2943 4861 3051 4922 ha-

341 4983 554 5044 beant.
625 4981 808 5044 Fecit
877 4991 940 5042 ct
1009 4981 1332 5042 constituit
1401 4999 1551 5040 suos
1617 4978 2091 5040 commissarios
2158 4975 2241 5036 ad
2307 4974 2761 5054 exequendum
2834 4977 3053 5036 omnia

343 5095 708 5175 supradicta
740 5096 913 5156 bona
943 5094 1074 5156 fide
1103 5112 1292 5172 super
1322 5093 1606 5172 ipsorum
1651 5093 1929 5152 animas:
1978 5089 2283 5150 Duimum
2335 5087 2581 5152 Cassari
2614 5100 2679 5149 et
2712 5087 3051 5149 Biualdum
