3797 5795
1558 368 1972 431 —551—

410 820 613 900 1270,
662 818 773 884 29.
810 817 995 901 iula.

412 1008 701 1093 Stjepan
747 1008 941 1093 kralj
980 1007 1273 1094 ugarski
1311 1008 1347 1071 i
1382 1007 1701 1073 hrvatskz'
1751 1008 2152 1094 potvrdjuje
2208 1006 2479 1093 privolu
2541 1029 2746 1093 svoga
2792 1029 2910 1073 oca
2957 1009 3127 1073 Bele

410 1120 701 1207 biskupu
769 1122 1284 1207 zagrebacfkomu
1358 1120 1699 1206 Timoteju
1745 1120 1946 1207 glede
1989 1119 2313 1206 kupljene
2371 1120 2604 1206 zemlje
2648 1141 2746 1185 sv.
2795 1120 3130 1185 Martina

1553 1235 1690 1298 koa’
1750 1234 1982 1298 Vaske.

586 1426 953 1506 Stephanus
1006 1425 1109 1487 dei
1163 1427 1375 1508 gracia
1430 1426 1778 1509 Hungarie,
1840 1426 2192 1501 Dalmacie,
2253 1424 2535 1501 Croacie,
2597 1427 2820 1501 Rame,
2881 1424 3121 1501 Seruie‚

416 1536 699 1611 Gallicie,
746 1538 1151 1614 Lodomerie,
1199 1536 1529 1613 Cumanie,
1570 1538 1990 1621 Bulgarieque
2036 1559 2168 1601 rex.
2215 1537 2536 1602 Omnibus
2570 1537 2800 1603 Christi
2831 1538 3128 1601 fidelibus

411 1662 740 1733 presentes
798 1651 1037 1713 litteras
1100 1653 1479 1730 inspecturis
1538 1653 1809 1715 salutem
1858 1654 1926 1713 in
1971 1655 2263 1713 omnium
2325 1651 2660 1713 saluatore.
2721 1650 2833 1713 Ad
2879 1654 3130 1713 vniuer-

414 1785 633 1827 sorum
696 1767 1003 1827 noticiam
1066 1775 1291 1827 tenore
1351 1766 1754 1845 presencium
1814 1766 2115 1827 uolumus
2174 1768 2507 1845 peruenire
2564 1765 2744 1846 quod
2806 1784 2956 1827 cum
3001 1765 3130 1827 deo

416 1880 705 1959 propicio
748 1878 968 1957 adepti
1012 1880 1219 1941 tocius
1279 1879 1457 1959 regni
1517 1878 2023 1959 gubernaculum
2068 1887 2132 1939 et
2177 1879 2462 1959 regimen
2524 1878 2880 1955 fuissemus,
2940 1897 3132 1940 vene·

415 1991 629 2052 rabilis
673 2000 857 2071 pater
899 1990 1308 2070 Thymoteus
1357 1994 1700 2072 episcopus
1744 1990 2199 2073 ZagrabiensiS,
2245 1990 2514 2052 dilectus
2545 2002 2610 2051 et
2641 1990 2846 2053 fidelis
2891 2001 3127 2066 noster,

413 2123 531 2183 per
586 2103 923 2184 ydoneum
992 2116 1476 2184 procuratorem
1543 2123 1732 2167 suum
1798 2104 1883 2165 ad
1954 2114 2241 2165 nostram
2309 2102 2655 2165 destinauit
2723 2106 3126 2182 presenciam

413 2227 707 2296 patentes
737 2218 977 2279 litteras
1008 2217 1255 2278 domini
1294 2220 1459 2299 regis
1504 2216 1815 2279 karissimi
1846 2218 2044 2298 patris
2075 2218 2292 2291 nostri,
2335 2235 2526 2295 super
2571 2218 2913 2296 empcione
2959 2226 3125 2278 terre

414 2333 617 2393 sancti
678 2331 937 2392 Martini
1017 2333 1197 2392 iuxta
1258 2329 1574 2392 Waskam
1641 2330 1893 2391 habitas
1957 2341 2023 2391 et
2097 2330 2443 2404 confecta5‚
2511 2329 2878 2411 supplicans
2938 2330 3130 2391 nobis

416 2441 737 2505 humiliter
781 2456 845 2504 et
890 2452 1155 2517 attente,
1199 2454 1268 2504 ut
1314 2443 1578 2504 easdem
1624 2443 1934 2504 ratificare
1965 2453 2029 2503 et
2061 2453 2282 2503 nostro
2327 2441 2740 2524 dignaremur
2798 2442 3134 2523 priuilegio

416 2556 813 2618 confirmare.
884 2554 1185 2634 Quarum
1247 2565 1433 2617 tenor
1480 2555 1621 2617 talis
1666 2566 1780 2616 est.

595 2697 856 2772 (Slijedi
898 2697 1129 2753 listina·
1162 2698 1247 2754 od
1276 2698 1420 2771 god.
1468 2699 1637 2753 1254.
1688 2715 1879 2771 ovoga
1925 2694 2220 2753 zbornika
2266 2695 2376 2754 IV.
2431 2698 2768 2753 570-571,
2816 2694 2904 2752 br.
2957 2694 3132 2767 497.)

596 2832 733 2895 Nos
788 2836 1004 2914 itaque
1064 2833 1471 2896 attendentes
1518 2834 1848 2895 ecclesiam
1898 2831 2392 2916 Zagrabiensem
2438 2835 2504 2892 in
2547 2834 2953 2912 possessione
2997 2834 3129 2893 iarn

421 2946 591 3008 dicte
672 2957 837 3008 terre
912 2948 1091 3008 iuxta
1162 2949 1518 3026 empcionis
1591 2946 1777 3007 titulo
1851 2945 1936 3007 ab
2011 2947 2278 3025 antiquo
2352 2944 2618 3025 pacifice
2681 2946 3125 3024 permansisse,

420 3059 679 3121 easdem
726 3060 965 3122 litteras
1010 3058 1321 3121 karissimi
1364 3060 1559 3140 patris
1606 3061 1801 3120 nostri
1839 3071 2010 3120 ratas
2037 3058 2349 3120 habentes
2381 3068 2444 3119 et
2475 3069 2789 3138 acceptas»,
2833 3057 3134 3138 precibus

421 3172 710 3234 eiusdem
740 3173 1117 3235 venerabilis
1145 3175 1342 3253 patris
1371 3172 1711 3234 liberaliter
1754 3173 2055 3247 inclinati,
2100 3171 2184 3232 de
2230 3172 2428 3232 uerbo
2459 3171 2544 3232 ad
2573 3170 2843 3232 uerbum
2874 3187 3134 3249 presen-

421 3287 590 3348 tibus
657 3289 925 3347 insertas
994 3286 1297 3348 duximus
1364 3285 1857 3358 confirmandaS,
1927 3284 2198 3366 duplicis
2265 3284 2447 3367 sigilli
2509 3286 2708 3346 nostri
2776 3285 3134 3344 munimine

420 3400 773 3464 roboratas,
833 3398 1073 3462 Datum
1136 3419 1250 3479 per
1311 3417 1540 3460 manus
1605 3400 1888 3480 magistri
1958 3398 2305 3472 Benedicti,
2373 3396 2748 3460 Orodiensis
2807 3397 3135 3476 prepositi,

422 3512 565 3574 aule
610 3521 827 3574 nostre
874 3512 1389 3586 vicecancellarii,
1433 3512 1645 3574 dilecti
1691 3521 1755 3573 et
1798 3511 2006 3573 fidelis
2050 3514 2266 3573 nostri.
2310 3509 2511 3573 Anno
2557 3511 2641 3572 ab
2685 3511 3134 3571 incarnacione

419 3625 665 3686 domini
712 3623 1105 3700 MCCLXX,
1149 3637 1381 3706 quarto
1442 3623 1751 3686 kalendas
1811 3625 2077 3706 augusti.
2140 3625 2346 3706 Regni
2412 3634 2631 3685 autem
2693 3625 2891 3684 nostri
2953 3642 3129 3685 anno

417 3757 644 3818 primo.

592 3947 785 4004 Liber
814 3948 1105 4024 privileg.
1153 3957 1427 4025 eppatus.
1477 3947 1746 4023 Zagrab.
1795 3948 1908 4004 list
1953 3949 2048 4006 49.
2077 3981 2164 3988 ——
2199 3947 2496 4006 Schmittlz
2541 3946 2824 4020 Agriens.
2877 3947 3024 4022 epiS.
3079 3946 3130 4004 J.

418 4055 550 4109 184.
596 4083 682 4094 —-
727 4050 978 4109 Katona
1022 4053 1312 4110 Historia
1358 4054 1598 4111 critica.
1663 4052 1795 4111 VII.
1849 4053 1974 4109 521.
2025 4083 2111 4094 —-
2155 4053 2346 4127 Feje'r
2399 4051 2538 4109 cod.
2593 4051 2739 4127 dipl.
2790 4051 3005 4124 Hung.
3069 4050 3143 4114 V.-.

416 4160 468 4214 1.
522 4157 616 4212 32.
668 4189 745 4198 —
803 4155 1057 4214 Tkaleid
1094 4156 1371 4214 Menum.
1422 4158 1605 4232 episc.
1653 4156 1841 4230 Zagr.
1889 4156 1940 4213 J.
1991 4157 2118 4212 152.
2154 4189 2240 4198 —-
2288 4155 2533 4213 Wenzel
2581 4153 2722 4213 cod.
2773 4153 2920 4230 dipl.
2971 4153 3118 4228 Arp.

418 4259 568 4319 XII.
620 4262 717 4318 20.
765 4281 859 4318 κο.
912 4263 1001 4316 12.
1049 4262 1269 4320 donosi
1312 4269 1529 4336 regest.
1579 4293 1664 4301 —
1708 4259 2091 4336 Kukuljevic‘
2127 4261 2277 4334 Reg.
2328 4279 2422 4316 no.
2475 4261 2640 4316 1010.
