3797 5795
1866 362 2282 426 -545—

716 552 1001 633 pendere
1063 554 1127 613 in
1188 552 1489 627 futurum,
1550 551 1959 614 attendentes
2019 551 2441 614 collacionem
2502 552 2788 615 eiusdem
2859 551 3172 615 karissimi
3233 555 3430 633 patris

718 668 917 727 nostri
964 711 1341 726 .......
1388 676 1553 739 terra
1600 664 1976 728 Prodeuech
2022 664 2235 727 eidem
2295 666 2552 739 factam,
2598 676 2802 726 ratam
2849 664 3158 727 habentes
3205 678 3268 728 et
3317 686 3431 746 pa-

716 781 866 839 riter
910 781 1309 855 innouanteS,
1355 780 1730 840 auctoritate
1772 780 2177 858 presencium
2223 778 2697 852 confirmamus,
2743 788 2806 839 et
2842 788 2910 839 ut
2957 779 3125 840 idem
3177 778 3432 858 Symun

718 910 799 952 eo
845 890 1094 953 fidelius
1139 902 1204 953 et
1249 893 1572 953 asfriccius
1617 892 1805 953 nobis
1849 903 1914 953 et
1959 909 2158 973 regno
2219 894 2455 953 seruire
2517 902 2823 965 teneatur,
2878 910 3008 971 quo
3053 892 3173 953 sibi
3221 894 3437 975 gracia

718 1006 1113 1084 prestancior
1176 1003 1579 1083 inpendatur,
1640 1004 1722 1065 de
1768 1004 2161 1086 benignitate
2219 1006 2392 1087 regia
2453 1006 2890 1065 concessimus
2949 1014 3321 1079 statuentes,
3366 1014 3438 1066 ut

722 1119 855 1197 ipse
899 1127 965 1178 et
1010 1117 1296 1179 eiusdem
1340 1128 1506 1179 terre
1552 1116 1761 1179 incole
1808 1136 1988 1179 more
2033 1117 2422 1197 populorum
2469 1117 2783 1179 nobilium
2827 1116 3095 1179 aliorum
3129 1120 3198 1178 in
3229 1120 3438 1180 causis

720 1232 1042 1292 consuetis
1088 1249 1218 1291 non
1267 1232 1385 1291 nisi
1430 1230 1665 1291 iudicio
1711 1230 1891 1292 ducis
1954 1241 2064 1291 aut
2121 1231 2274 1291 bani
2318 1231 2526 1292 tocius
2569 1228 2908 1293 Sclavonie
2955 1232 3195 1311 quique
3242 1231 3434 1292 suerit

719 1362 837 1422 pro
882 1353 1174 1421 tempore
1216 1353 1424 1405 astare
1468 1354 1823 1417 teneantur,
1890 1362 2040 1405 cum
2087 1344 2368 1405 eundem
2418 1354 2484 1405 et
2529 1346 2722 1423 ipsius
2782 1344 3097 1423 populum
3145 1346 3210 1404 in
3258 1354 3431 1405 terra

722 1455 949 1517 eadem
998 1467 1511 1517 commorantem
1560 1476 1597 1517 a
1642 1456 1877 1517 iudicio
1923 1476 2035 1518 seu
2081 1456 2513 1518 iurisdictione
2573 1459 2824 1519 comitis
2890 1456 3271 1536 parochialis
3321 1457 3437 1518 du-

716 1570 1018 1643 xerimuS‚
1063 1571 1224 1629 sicut
1289 1567 1813 1651 premissimus(1),
1869 1569 2270 1631 eximendos,
2339 1569 2434 1631 Vt
2477 1571 2664 1651 igitur
2708 1568 2891 1631 huius
2934 1580 3156 1631 nostre
3201 1568 3435 1631 confir-

718 1683 1032 1743 macionis
1092 1691 1156 1742 et
1216 1683 1646 1744 concessionis
1706 1684 1897 1743 series
1958 1682 2152 1743 robur
2213 1684 2502 1762 optineat
2559 1692 2868 1761 perpetue
2913 1682 3250 1757 firmitatiS,
3294 1701 3438 1762 pre-

720 1804 933 1855 sentes
998 1795 1434 1856 concessimus
1499 1795 1739 1857 litteras
1807 1795 2078 1874 duplicis
2145 1794 2328 1877 sigilli
2395 1797 2594 1857 nostri
2655 1797 3008 1857 munimine
3083 1796 3439 1857 roboratas.

720 1904 964 1967 Datum
1010 1925 1124 1986 per
1169 1926 1397 1968 manus
1461 1909 1741 1989 magistri
1805 1907 2135 1969 Benedicti
2205 1906 2581 1970 Orodiensis
2626 1908 2892 1969 ecclesie
2934 1910 3246 1988 prepositi
3295 1909 3440 1970 aule

716 2027 935 2079 nostre
983 2019 1478 2081 uicecancellarii
1527 2020 1739 2082 dilecti
1785 2030 1848 2082 et
1894 2020 2102 2082 fidelis
2148 2024 2362 2081 nostri.
2407 2018 2610 2081 Anno
2656 2019 2903 2082 domini
2949 2019 3136 2085 MCC
3181 2032 3442 2101 septua-

712 2134 985 2213 gesimo,
1030 2143 1220 2193 sexto
1266 2131 1578 2195 kalendas
1621 2136 1793 2209 iunii,
1838 2136 2016 2216 regni
2063 2144 2281 2195 autem
2328 2134 2528 2195 nostri
2573 2151 2749 2193 anno
2788 2134 3014 2213 prim0.

895 2325 963 2381 [ε
1006 2325 1360 2399 οηζξέκαίκε
1404 2328 1657 2401 potvrde
1702 2326 2050 2384 Ladislava
2097 2326 2427 2383 Kumanca
2471 2328 2562 2383 od
2600 2330 2648 2381 1.
2698 2335 2902 2384 marta
2946 2330 3063 2383 127
3069 2330 3126 2383 3.

704 2504 715 2515 ὁ
897 2428 1061 2485 Ra‘tlz
1122 2432 1188 2485 εἰς
1244 2430 1476 2486 Ro'mer
1539 2430 1728 2496 Gyan·
1785 2430 2134 2487 t0··rte‘nelmi
2191 2434 2256 2488 ds
2316 2431 2627 2505 rdga'szeti
2649 2430 2928 2509 fazetek.
2976 2431 3062 2489 II.
3113 2431 3230 2491 kar.
3287 2433 3449 2505 Gyb'r

713 2534 919 2602 1863„
970 2535 1111 2602 299,
1163 2535 1293 2591 301.

718 3102 923 3183 1270,
971 3103 1077 3166 13.
1120 3102 1327 3184 juna.

725 3289 1016 3376 Stjepan
1080 3290 1273 3376 kralj
1328 3290 1624 3377 ugarskz'
1661 3290 1698 3355 ι’
1733 3290 2056 3356 hrvatskz'
2112 3293 2359 3378 daruje
2417 3293 2602 3358 banu
2661 3295 2997 3359 Rolandu
3045 3317 3123 3358 za
3165 3297 3442 3382 zos-luge

1811 3405 1998 3490 grad
2041 3406 2333 3470 Kalm'k.

898 3594 1264 3673 Stephanus
1295 3595 1399 3657 dei
1431 3599 1632 3678 gratia
1671 3616 1787 3658 rex
1827 3596 2178 3679 Hungarie‚
2222 3597 2563 3676 Dalmatio,
2609 3597 2882 3678 Croatie,
2931 3601 3155 3678 Rame,
3200 3601 3436 3679 Servio,

720 3703 1007 3784 Gallicis,
1053 3707 1463 3786 Lodomerie‚
1510 3707 1840 3786 Cumanie‚
1885 3710 2308 3792 Bulgarieque
2354 3731 2470 3772 rex
2513 3715 2819 3774 universis
2865 3711 3094 3776 Christi
3142 3712 3438 3776 fidelibus

716 3821 1117 3898 presentium
1166 3824 1459 3882 notitiam
1492 3821 1800 3882 habituris
1846 3824 1912 3883 in
1956 3822 2174 3884 salutis
2218 3823 2516 3906 largitore
2559 3824 2850 3887 salutem.
2897 3826 3080 3888 Illam
3125 3827 3436 3909 regalium

712 3933 1097 3995 occulorum
1146 3937 1407 3995 intuitus
1452 3935 1617 3995 circa
1664 3936 2220 3996 conservationem
2265 3940 2441 4018 regni
2490 3937 2683 4000 debet
2728 3940 3062 4001 solerciam
3111 3939 3436 4016 adhibere,

708 4055 793 4106 ut
836 4045 1220 4126 columpnas
1251 4049 1427 4128 regni
1460 4049 1573 4122 sui,
1607 4067 1723 4127 per
1753 4067 1915 4127 quas
1944 4048 2142 4130 longo
2188 4060 2484 4129 tempore
2528 4050 2790 4114 feliciter
2833 4051 3182 4116 subnixum
3227 4054 3437 4115 extitit

702 4166 783 4217 et
832 4170 1172 4234 servatum,
1216 4170 1391 4222 curet
1458 4159 1725 4239 provide
1781 4161 2102 4235 roborare,
2147 4173 2218 4222 ut
2263 4181 2378 4242 per
2437 4163 2562 4225 hoc
2615 4183 2840 4226 eorum
2898 4164 3105 4226 fidelis
3147 4169 3438 4246 potentia

698 4274 1087 4352 pariterque
1130 4281 1365 4351 potens
1410 4272 1683 4334 fidelitas
1728 4274 1813 4334 ad
1858 4275 2024 4355 regis
2067 4283 2134 4334 et
2179 4275 2358 4357 regni
2405 4279 2666 4338 servicia
2711 4277 2988 4340 nobilius
3045 4281 3432 4361 accingatur.

704 4377 1003 4445 Proinde
1071 4384 1158 4445 ad
1226 4387 1663 4447 universorum
1733 4395 1868 4446 tam
1936 4389 2329 4466 presentium
2395 4407 2595 4469 quam
2660 4400 3068 4470 posterorum
3141 4394 3436 4454 notitiam

706 4488 947 4558 harum
996 4499 1157 4558 serie
1204 4497 1499 4560 volumus
1538 4502 1891 4578 pervenire,
1939 4499 2119 4578 quod
2164 4501 2436 4564 dilectus
2482 4513 2548 4564 et
2591 4503 2796 4565 fidelis
2841 4515 3058 4565 noster
3103 4504 3436 4566 Rolandus

706 4601 928 4670 banus
974 4609 1057 4671 de
1102 4629 1337 4692 genere
1383 4611 1645 4672 Ratolth
1692 4631 1729 4672 a
1774 4614 1996 4691 primis
2053 4616 2323 4692 pueritie
2369 4634 2482 4692 sue>
2523 4618 2925 4695 temporibus
2987 4617 3186 4679 felicis
3231 4637 3436 4680 recor-

712 4717 1001 4784 dationis
1045 4725 1208 4803 patri
1255 4735 1477 4785 nostro
1536 4726 1711 4804 prius
1756 4735 1821 4787 et
1864 4726 2289 4804 postmodum
2334 4729 2524 4790 nobis
2569 4728 2854 4791 fidelium
2915 4733 3326 4792 serviciorum
3371 4740 3434 4791 et

714 4831 1138 4896 indesinentis
1182 4835 1505 4898 fidelitatis
1567 4855 1834 4899 munera
1894 4841 2137 4900 curavit
2197 4817 2672 4904 multiformiter
2729 4843 3052 4917 exhibere,
3113 4861 3241 4924 que
3286 4845 3432 4924 quia

716 4943 989 5029 longum
1036 4949 1200 5010 foret
1247 4968 1502 5011 narrare
1546 4950 1934 5012 circulariter
1977 4953 2288 5026 universa,
2334 4954 2615 5034 quedam
2648 4955 2730 5017 de
2763 4956 2978 5018 multis
3021 4967 3304 5039 tangere,
3348 4976 3431 5018 ex

722 5075 999 5136 quorum
1044 5062 1345 5124 violentia
1405 5073 1717 5142 tanquam
1780 5064 2228 5126 inevitabiliter
2297 5068 2623 5129 conclusio
2683 5069 3110 5150 subsequatur
3170 5080 3232 5132 et
3291 5090 3432 5150 pre—
