3797 5795
1888 363 2256 427 ...30-

722 563 851 619 exit
897 559 981 619 ad
1030 559 1279 630 uallem,
1340 577 1452 636 per
1498 575 1691 636 quam
1752 559 1874 616 itur
1937 556 2223 634 superius
2267 554 2351 614 ad
2399 564 2638 614 metam
2687 553 2804 613 sub
2849 553 3076 614 arbore
3121 553 3419 627 horoztfa‚

722 672 955 732 abhinc
999 674 1059 731 in
1110 671 1303 731 latere
1353 673 1586 730 montis
1634 671 1883 730 uenitur
1915 668 1998 728 ad
2031 677 2270 728 metam
2318 669 2436 729 sub
2485 667 2712 727 arbore
2758 663 2950 739 bikfa,
2995 665 3209 741 ibique
3253 666 3421 726 cadit

723 787 782 844 in
830 783 1061 846 uallem
1130 794 1194 844 et
1240 803 1355 863 per
1413 783 1601 844 aliam
1671 783 1904 843 uallem
1976 784 2107 842 exit
2170 782 2253 841 ad
2303 780 2573 841 dumum
2627 779 2880 839 niminis
2926 778 3030 838 ubi
3079 789 3174 838 est
3221 789 3421 849 meta;

724 897 956 957 deinde
1004 897 1086 957 ad
1134 915 1435 978 magnam
1506 897 1675 955 uiam
1746 895 1828 956 ad
1901 905 2140 955 metam
2203 895 2322 954 sub
2382 894 2611 954 arbore
2671 891 2971 964 horoztsa‚
3034 890 3268 951 abhinc
3308 910 3424 970 per

724 1013 894 1070 uiam
940 1028 1242 1091 magnam
1291 1008 1465 1069 uadit
1512 1027 1730 1068 uersus
1777 1007 2110 1068 meridiem
2159 1025 2363 1084 usque
2394 1006 2479 1066 ad
2510 1004 2669 1066 duas
2717 1018 2934 1078 metaS,
2980 1023 3250 1084 quarum
3297 1024 3421 1065 una

724 1133 820 1184 est
867 1122 1139 1184 filiorum
1188 1121 1487 1199 Berizlay,
1554 1121 1753 1182 altera
1800 1118 2058 1182 Gordos
2105 1105 2314 1193 Curui}
2360 1118 2594 1180 deinde
2637 1137 2752 1197 per
2797 1136 2989 1178 unam
3038 1117 3268 1178 uallem
3314 1116 3423 1177 de-

724 1235 989 1296 scendes
1037 1211 1204 1294 cadit
1251 1236 1311 1294 in
1360 1233 1630 1294 riuulum
1666 1233 1962 1295 Yelsowa
1995 1246 2058 1293 et
2091 1235 2310 1293 transit
2339 1230 2610 1292 riuulum
2659 1233 2722 1290 in
2769 1241 3008 1290 metam
3057 1230 3177 1290 sub
3224 1230 3423 1290 dumo

725 1367 809 1407 ex
853 1358 1033 1426 parte
1080 1359 1241 1407 terre
1286 1349 1487 1419 castri,
1551 1347 1699 1406 inde
1764 1345 1938 1406 uadit
2009 1345 2244 1406 directe
2291 1347 2576 1423 superius
2621 1363 2734 1422 per
2780 1357 3070 1402 montem
3117 1343 3419 1403 siluosum

726 1447 923 1536 usque
969 1459 1055 1520 ad
1100 1459 1329 1529 locum,
1377 1459 1483 1520 ubi
1530 1469 1627 1519 est
1683 1469 1852 1519 meta
1913 1458 2032 1518 sub
2095 1459 2320 1518 arbore
2381 1457 2687 1539 gertanfa‚
2747 1456 2894 1517 inde
2963 1459 3140 1516 iuxta
3187 1457 3420 1516 cultam

725 1586 956 1634 terram
990 1572 1276 1633 eiusdem
1310 1573 1472 1633 Petri
1522 1572 1697 1632 uadit
1730 1573 2018 1650 superius
2049 1572 2286 1632 directe
2317 1571 2398 1630 ad
2431 1571 2657 1650 pirum,
2704 1570 2810 1630 ubi
2843 1580 2938 1629 est
2986 1582 3158 1629 meta
3203 1580 3425 1641 terrea,

726 1698 788 1746 et
836 1685 984 1746 inde
1030 1686 1219 1745 intrat
1264 1685 1347 1746 ad
1397 1703 1698 1766 magnam
1746 1686 1917 1746 uiam
1968 1684 2396 1764 supradictam
2428 1693 2492 1743 et
2529 1701 2643 1762 per
2686 1685 2890 1760 ipsam
2937 1684 3267 1742 reuertitur
3311 1700 3428 1760 per

730 1817 1035 1879 magnum
1084 1800 1367 1876 spacium
1414 1797 1495 1858 ad
1543 1797 1819 1877 priorem
1872 1807 2131 1871 metam,
2175 1797 2283 1856 ubi
2315 1797 2430 1857 fuit
2476 1798 2747 1874 incepta,
2777 1795 2991 1874 ibique
3035 1797 3426 1854 terminatur.

727 1911 887 1971 Item
932 1913 1135 1989 prima
1182 1921 1353 1971 meta
1399 1922 1563 1970 terre
1612 1909 1881 1971 filiorum
1920 1909 2216 1987 Berizlay,
2262 1911 2558 1988 empticie
2589 1928 2626 1968 a
2658 1907 2798 1968 filiis
2829 1905 3105 1977 Brezhal‚
3147 1906 3426 1967 Martino

726 2039 789 2083 et
840 2023 1121 2105 Georgio
1169 2037 1233 2085 et
1274 2022 1583 2104 Johanne,
1612 2021 1743 2083 filio
1784 2021 2084 2096 Wolkan,
2131 2041 2256 2102 que
2303 2033 2399 2081 est
2431 2024 2608 2082 iuxta
2653 2019 2922 2082 riuulum
2971 2017 3163 2100 Garig
3209 2022 3429 2098 incipit

725 2148 944 2198 tenere
990 2147 1231 2198 metam
1278 2155 1426 2197 cum
1474 2133 1653 2199 Cheh
1703 2139 1878 2196 iuxta
1927 2154 2162 2215 aquarn
2210 2133 2406 2216 Garig
2450 2135 2511 2194 in
2561 2144 2732 2194 meta
2764 2144 2984 2207 terrea,
3031 2132 3265 2194 deinde
3309 2151 3429 2212 per

725 2253 959 2310 siccam
1008 2251 1239 2311 uallem
1287 2251 1498 2310 ueniet
1544 2251 1830 2327 superius
1878 2247 1963 2308 ad
2009 2251 2176 2308 uiam
2225 2248 2334 2308 ubi
2395 2257 2490 2307 est
2552 2257 2724 2306 meta
2771 2259 2990 2319 terrea,
3035 2245 3269 2306 deinde
3313 2264 3432 2324 per

724 2364 1035 2425 fossatum
1084 2363 1414 2424 descendit
1458 2366 1521 2422 in
1570 2365 1802 2423 siccam
1855 2362 2088 2423 uallem
2121 2364 2278 2422 etin
2311 2381 2386 2422 ea
2419 2360 2633 2421 eundo
2679 2363 2966 2438 superius
3011 2361 3144 2419 exit
3191 2361 3252 2418 in
3301 2378 3430 2419 una

722 2496 920 2558 parua
968 2476 1133 2537 ualle
1179 2476 1263 2536 ad
1310 2488 1549 2536 metam
1619 2486 1909 2546 terream,
1968 2474 2204 2536 deinde
2262 2477 2326 2535 in
2390 2474 2660 2552 planicie
2704 2472 3036 2533 descendit
3083 2474 3144 2531 in
3192 2471 3430 2532 uallem

724 2603 787 2652 et
834 2594 896 2651 in
945 2609 1021 2650 ea
1067 2589 1281 2650 eundo
1327 2589 1612 2649 aseendit
1681 2590 1967 2667 superius
2028 2587 2112 2647 ad
2179 2598 2418 2648 metam
2465 2587 2583 2647 sub
2630 2585 2829 2646 dumo
2877 2585 3232 2658 munurofa,
3279 2585 3433 2660 inde

726 2723 840 2782 per
885 2705 1053 2763 uiam
1104 2702 1276 2762 uadit
1324 2703 1385 2760 in
1432 2701 1587 2762 silua
1619 2701 1701 2761 ad
1734 2711 1860 2761 tres
1893 2712 2099 2761 metas
2130 2701 2478 2781 angulares
2523 2717 2791 2778 quarum
2839 2717 2966 2757 una
3012 2709 3104 2757 est
3155 2695 3433 2757 filiorum

730 2815 1027 2893 Berizlay‚
1072 2815 1269 2875 altera
1317 2812 1493 2877 Cheh
1542 2826 1604 2875 et
1636 2816 1831 2875 tercia
1871 2811 2332 2893 Johannis‘filii
2371 2811 2670 2883 VVolkan,
2716 2812 2929 2891 ibique
2977 2811 3194 2870 relicto
3245 2807 3430 2872 Cheh

728 2932 947 3009 incipit
992 2940 1209 2989 tenere
1256 2938 1495 2989 metam
1549 2947 1696 2989 cum
1762 2928 1936 2988 dicto
1993 2927 2283 3007 Johanne
2331 2938 2394 2987 et
2439 2926 2616 2987 uadit
2660 2945 2772 3003 per
2816 2927 2988 2985 uiam
3033 2927 3096 2984 in
3141 2925 3298 2984 silua
3345 2925 3434 2984 ad

734 3052 972 3103 metam
1036 3052 1326 3116 terream,
1372 3041 1608 3101 deinde
1675 3040 1757 3101 ad
1832 3041 1985 3101 alias
2052 3041 2212 3101 duas
2259 3052 2478 3112 metas
2525 3056 2790 3118 quarum
2842 3056 2968 3097 una
3014 3048 3107 3097 est
3155 3036 3434 3097 filiorum

730 3154 1009 3233 Berizlay
1056 3165 1120 3215 et
1166 3154 1363 3214 altera
1403 3152 1710 3233 Johannis
1756 3156 1934 3214 iuxta
1981 3153 2169 3226 uiam,
2216 3152 2364 3212 inde
2431 3170 2545 3229 per
2589 3154 2756 3211 uiam
2805 3151 3023 3210 eundo
3067 3151 3440 3228 peruenitur

732 3267 815 3327 ad
864 3278 1101 3328 metam
1148 3266 1536 3348 angularem,
1570 3266 1718 3326 inde
1750 3265 2089 3326 reflectitur
2121 3265 2204 3325 ad
2237 3264 2466 3325 uallem
2518 3262 2815 3324 Zolotnik
2861 3274 2924 3323 et
2970 3282 3083 3341 per
3131 3261 3438 3323 Zolotnik

735 3380 1130 3440 descendens
1196 3379 1367 3439 cadit
1429 3382 1490 3439 in
1552 3379 1825 3439 riuulum
1888 3376 2108 3460 Garyg
2170 3389 2236 3439 et
2282 3396 2394 3455 per
2440 3395 2588 3437 eum
2636 3376 2966 3436 descendit
3029 3376 3285 3436 inferius
3347 3375 3436 3435 ad

732 3494 1008 3569 priorem
1043 3502 1279 3553 metam
1314 3491 1423 3551 ubi
1456 3492 1571 3551 fuit
1604 3495 1875 3570 incepta,
1910 3492 2122 3569 ibique
2155 3493 2540 3551 terminatur.
2587 3488 2679 3550 Vt
2725 3490 2912 3569 igitur
2959 3488 3164 3548 dictus
3210 3487 3440 3547 Petrus

733 3623 809 3663 ac
854 3605 1075 3666 fratres
1120 3606 1215 3665 sui
1260 3606 1682 3683 prenominati
1734 3619 1881 3664 cum
1930 3605 2056 3664 suis
2101 3603 2439 3663 heredibus
2507 3601 2944 3679 heredumque
2989 3618 3246 3662 suorum
3295 3618 3438 3660 suc-

732 3720 1090 3779 cessoribus
1134 3736 1209 3778 ae
1255 3727 1607 3778 castrenses
1668 3720 1771 3796 qui
1838 3718 2116 3799 agebant
2183 3727 2406 3777 contra
2450 3718 2622 3793 ipsos
2666 3733 2826 3793 pace
2872 3723 3178 3793 perpetua
3224 3724 3441 3795 gratu-

733 3829 958 3906 lentur,
1004 3841 1331 3910 presentes
1376 3832 1614 3891 litteras
1660 3833 1719 3889 in
1770 3832 2207 3891 testimonium
2255 3830 2388 3889 dari
2437 3828 2701 3889 fecimus
2767 3838 3074 3907 perpetue
3119 3826 3440 3887 firmitatis

732 3944 913 4023 sigilli
962 3948 1160 4005 nostri
1230 3943 1544 4023 dupplicis
1608 3945 1958 4003 munimine
2026 3942 2374 4002 roboratas,
2435 3941 2676 4003 Datum
2721 3960 2834 4020 per
2880 3958 3106 4000 manus
3152 3942 3434 4021 magistri

730 4055 1068 4140 Smaragdi
1116 4059 1418 4136 prepositi
1466 4055 1787 4131 AlbensiS‚
1847 4056 1990 4116 aule
2039 4066 2253 4115 nostre
2299 4054 2808 4125 vicecancellarii,
2853 4053 3064 4113 dilecti
3115 4065 3177 4112 et
3229 4051 3437 4112 fidelis

731 4174 947 4245 nostri,
1006 4190 1180 4232 anno
1240 4171 1481 4231 domini
1547 4169 1883 4229 millesimo
1948 4168 2386 4229 ducentesimo
2452 4167 2983 4247 quinquagesimo
3046 4175 3250 4237 sext0,
3321 4164 3437 4225 IV.

730 4279 874 4342 idus
921 4286 1305 4357 nouembris,
1351 4285 1526 4365 regni
1572 4294 1787 4342 autem
1838 4283 2036 4341 nostri
2081 4298 2255 4340 anno
2303 4280 2602 4340 vicesimo
2647 4278 2950 4339 secundo.

919 4476 1217 4550 Original
1271 4498 1309 4535 u
1370 4476 1595 4535 arkivu
1658 4474 1840 4534 nadb.
1907 4472 2338 4546 Privilegalia,
2391 4476 2578 4547 pedat
2619 4470 2892 4547 manjka.
2957 4472 3140 4529 Vrvce
3185 4490 3439 4527 crvcno-

729 4578 955 4636 selene.

920 4684 1170 4743 Tkalc‘ic‘
1208 4686 1479 4745 Illonum.
1540 4686 1798 4761 episcop.
1849 4682 2116 4757 Zagrab.
2168 4682 2216 4739 J.
2269 4684 2593 4736 106—110.
2645 4712 2726 4721 ·—
2793 4680 3034 4736 ll'enzel
3081 4680 3220 4737 cod.
3284 4680 3440 4755 dipl.

733 4784 884 4861 Arp.
934 4790 1042 4848 Xl.
1095 4793 1378 4847 412—17.
1423 4824 1508 4832 ———
1556 4788 1934 4861 Kukuljc.‘vic'
1970 4790 2119 4862 Reg.
2166 4808 2263 4843 no·
2321 4790 2448 4844 710.
