3797 5795
1544 395 1621 405 —
1688 363 1956 426 395—

1653 670 1846 750 873.

425 848 603 928 1266,
645 847 705 912 6.
753 845 1087 912 oktobra.
1135 846 1194 912 U
1238 845 1719 912 Kriievcima.

423 1037 681 1102 Roland
737 1037 865 1098 ban
930 1036 1250 1122 uredjuje
1302 1045 1576 1121 sperove
1612 1038 1810 1122 glede
1857 1038 2082 1121 medjd
2130 1037 2424 1121 ismedju
2481 1038 2682 1099 Petra
2742 1034 2905 1098 sina
2969 1037 3100 1098 Za—

1014 1150 1245 1234 kejeva
1292 1150 1327 1211 i
1361 1148 1765 1235 podlofim’ka
1816 1151 2044 1235 gradu
2109 1149 2443 1213 Kalm'ka.

576 1341 899 1403 Rolandus
959 1342 1165 1402 banus
1226 1343 1431 1402 tocius
1491 1341 1834 1405 Sclauonie
1897 1343 2200 1404 omnibus
2259 1352 2392 1404 tam
2439 1343 2842 1422 presentibus
2901 1359 3098 1420 quam

420 1456 619 1516 futuris
659 1473 921 1534 presens
965 1457 1273 1534 scriptum
1318 1457 1695 1535 inspecturis
1739 1457 2013 1516 salutem
2058 1457 2122 1515 in
2169 1474 2324 1517 uero
2370 1456 2642 1516 salutari.
2689 1453 2801 1516 Ad
2851 1457 3098 1515 uniuer-

416 1586 612 1628 sorum
654 1569 951 1628 noticiam
1015 1566 1242 1628 harum
1286 1571 1445 1629 serie
1492 1569 1789 1629 uolumus
1832 1569 2186 1647 peruenire,
2231 1569 2409 1648 quod
2455 1587 2604 1630 cum
2653 1569 2876 1629 Petrus
2935 1566 3099 1627 filius

416 1679 619 1742 Zachei
686 1699 875 1759 super
935 1680 1377 1742 destruccione
1437 1693 1501 1742 et
1561 1681 1879 1742 fraccione
1941 1691 2260 1742 metarum
2321 1693 2484 1742 terre
2552 1700 2663 1742 sue
2725 1680 3098 1742 hereditarie

414 1793 775 1866 Durizlaum,
840 1794 1115 1854 Pousam
1184 1804 1249 1854 et
1326 1813 1554 1855 omnes
1628 1803 1942 1876 cognatos
2017 1813 2239 1856 eorum
2316 1795 2692 1876 iobagiones
2759 1796 2943 1854 castri
3016 1793 3098 1854 de

418 1904 725 1978 Kemnuk‚
772 1907 1169 1982 Razminum,
1232 1907 1479 1968 Zuetoh
1526 1918 1590 1968 et
1635 1916 1952 1988 cognatos
2012 1907 2364 1968 eorundem
2413 1918 2767 1970 castrenses
2813 1907 3100 1969 eiusdem

414 2021 580 2080 castri
624 2023 685 2080 in
734 2031 1017 2082 nostram
1062 2022 1461 2100 presenciam
1506 2032 1839 2082 euocasset
1885 2033 1950 2083 et
1996 2041 2185 2100 super
2216 2024 2354 2101 ipsa
2398 2041 2590 2082 causa
2636 2021 2882 2082 diucius
2926 2022 3091 2082 exti-

416 2135 573 2194 tisset
613 2145 1051 2196 concertatum
1083 2153 1302 2196 coram
1350 2135 1553 2208 nobiS,
1598 2134 1865 2196 tandem
1912 2145 2126 2214 partes
2171 2155 2256 2195 ex
2303 2146 2520 2196 nostra
2565 2135 2984 2215 permissione
3031 2145 3094 2194 et

414 2246 567 2308 bona
624 2248 953 2309 uoluntate
996 2267 1113 2327 per
1156 2248 1483 2309 arbitrium
1529 2248 1914 2309 arbitrorum
1960 2267 2074 2327 per
2119 2267 2239 2308 nos
2283 2247 2758 2327 deputatorum,
2804 2248 3097 2310 videlicet

406 2357 553 2438 Juan
594 2358 697 2420 filii
744 2361 957 2434 Irizlai,
1001 2361 1244 2436 DeduS,
1302 2361 1625 2439 Tyburcii,
1688 2359 2024 2424 Carachini
2070 2373 2134 2422 et
2181 2360 2300 2422 Ink
2345 2363 2656 2422 comitum
2719 2381 2908 2440 super
2955 2363 3094 2440 ipso

410 2471 563 2533 facto
607 2485 766 2535 terre
812 2476 973 2535 inter
1016 2474 1375 2554 predictum
1423 2476 1681 2536 Petrum
1726 2474 1811 2535 ab
1855 2493 1985 2535 una
2029 2486 2212 2552 parte
2257 2487 2322 2534 et
2368 2475 2742 2556 iobagiones
2787 2476 2972 2536 castri
3017 2492 3094 2534 ac

411 2597 741 2648 castrenses
785 2598 851 2648 et
894 2587 1139 2648 eisdem
1184 2599 1467 2650 astantes
1500 2587 1847 2650 Martinum
1894 2597 2258 2648 terrestrem
2305 2590 2632 2663 comitem,
2675 2587 3098 2651 Theodorum

414 2709 473 2759 et
492 2698 823 2782 Joanam(i)
870 2702 1093 2762 fratres
1138 2702 1443 2776 eiusdem,
1492 2701 1824 2777 Zoladum,
1856 2701 2168 2780 Budiuoy,
2203 2702 2410 2777 PetuS,
2455 2699 2641 2775 Ratk,
2687 2701 3098 2774 Drasizlaum,

413 2811 802 2887 Otmizlaum,
845 2813 1035 2888 Tolk,
1083 2815 1486 2893 Mychaelem
1536 2816 1978 2876 centurionem
2024 2825 2088 2875 et
2135 2814 2350 2886 Kunk,
2396 2833 2471 2874 ac
2505 2815 2727 2874 fratres
2759 2817 2892 2876 eius
2937 2813 3100 2875 filios

410 2926 689 3001 Radizlai,
731 2946 809 2988 ac
854 2928 1012 2989 alios
1058 2930 1433 3009 iobagiones
1478 2932 1663 2990 castri
1713 2939 1776 2990 et
1821 2940 2176 2990 castrenses
2208 2929 2290 2989 de
2323 2928 2650 3003 Kemnuk,
2696 2948 2814 3007 pro
2864 2928 3098 3008 quibus

412 3042 691 3121 magister
736 3041 1039 3103 Nicolaus
1084 3061 1307 3103 comes
1352 3042 1435 3103 de
1482 3042 1791 3104 Kemnuk
1830 3045 2005 3103 stetit
2046 3044 2110 3102 in
2141 3042 2248 3103 lite
2279 3054 2343 3103 et
2377 3042 2816 3103 altercacione.
2864 3040 3099 3121 Supra-

411 3152 579 3214 dictis
620 3174 703 3214 ex
748 3154 945 3215 altera
991 3156 1197 3216 taliter
1258 3158 1498 3217 exstitit
1560 3156 1929 3217 ordinatum
1989 3156 2276 3234 partibus
2337 3157 2596 3216 arbitrio
2659 3154 3096 3234 predictorum

408 3267 786 3341 arbitrorum,
853 3269 1366 3347 aquiescentibus
1432 3269 1608 3328 bona
1653 3278 1716 3329 et
1762 3267 2003 3329 liberali
2067 3269 2420 3341 uoluntate,
2467 3269 2646 3347 quod
2697 3281 2868 3330 mete
2929 3280 3095 3331 terre

405 3379 651 3457 predicti
701 3382 867 3443 Petri
896 3402 933 3443 a
964 3392 1127 3443 terra
1175 3381 1595 3462 iobagionum
1641 3384 1823 3442 castri
1859 3390 1923 3441 et
1954 3384 2370 3443 castrensium
2416 3383 2869 3462 predictorum,
2902 3392 3096 3461 prout

408 3493 589 3555 iidem
631 3492 935 3577 arbitry(!)
968 3514 1185 3555 coram
1220 3495 1407 3555 nobis
1436 3495 1852 3574 personaliter
1884 3496 2326 3573 comparendo
2357 3498 2503 3556 uiua
2534 3514 2698 3557 uoce
2737 3498 3097 3572 recitarunt,

410 3604 523 3667 hoc
566 3609 788 3668 ordine
851 3608 1293 3690 distinguntur.
1360 3608 1569 3669 Prima
1614 3618 1785 3669 meta
1830 3620 1996 3668 terre
2041 3609 2236 3687 ipsius
2283 3608 2446 3669 Petri
2517 3610 2735 3687 incipit
2782 3610 2845 3669 in
2895 3608 3090 3673 fluuio

406 3717 625 3795 Benna,
670 3722 776 3781 ubi
826 3721 1051 3783 Radila
1082 3733 1145 3782 et
1178 3720 1479 3781 Nicolaus
1524 3732 1671 3782 sunt
1715 3733 2170 3800 commetaney
2201 3742 2238 3781 a
2270 3734 2451 3801 parte
2498 3723 2728 3783 dextra
2759 3732 2824 3784 et
2855 3725 3095 3797 exienS,

405 3830 477 3892 de
518 3831 707 3894 fluuio
756 3846 1113 3895 memorato
1160 3836 1450 3914 peruenit
1496 3854 1610 3913 per
1654 3844 1859 3895 metas
1907 3835 2121 3896 eundo
2167 3835 2252 3896 ad
2299 3846 2490 3914 caput
2545 3845 2744 3914 putey
2791 3836 2911 3896 sub
2958 3854 3090 3896 uno

402 3943 597 4023 lapide
628 3950 975 4019 existentis,
1006 3948 1089 4008 ab
1122 3949 1269 4009 hinc
1299 3947 1659 4027 procedens
1706 3950 1877 4010 uenit
1910 3948 1993 4009 ad
2029 3949 2450 4010 monticulum
2485 3967 2702 4010 versus
2739 3949 3094 4023 meridiem,

404 4058 479 4119 de
520 4080 644 4139 quo
692 4060 1023 4122 descendit
1069 4064 1136 4122 in
1181 4061 1411 4122 vallem
1473 4062 1731 4135 ibidem,
1776 4081 1981 4141 prope
2026 4062 2110 4122 ab
2155 4061 2305 4123 inde
2368 4082 2484 4141 per
2532 4072 2734 4123 metas
2797 4073 3093 4124 montem

402 4174 757 4247 ascendens,
823 4178 1116 4253 peruenit
1180 4174 1357 4255 apud
1424 4175 1721 4235 arborem
1794 4176 1886 4236 tul
1956 4175 2038 4236 ad
2101 4178 2290 4247 uiam,
2351 4195 2477 4255 que
2524 4176 2714 4235 arbor
2760 4188 2856 4236 est
2904 4194 3094 4237 cruce

403 4286 632 4367 signata
677 4298 742 4348 et
789 4297 960 4349 meta
1005 4299 1210 4349 terrea
1267 4288 1663 4349 circumfusa.
1714 4288 1869 4349 [nde
1915 4308 2028 4367 per
2075 4288 2243 4348 uiam
2306 4289 2581 4349 eandem
2631 4308 2846 4350 versus
2907 4292 3096 4349 meri-

402 4397 559 4460 diem
603 4420 717 4480 per
764 4410 968 4461 metas
1012 4402 1349 4461 continuas
1381 4410 1445 4461 et
1484 4400 1746 4461 arbores
1801 4403 2272 4483 crucesignatas
2317 4403 2612 4480 peruenit
2663 4402 2747 4463 ad
2793 4402 3094 4463 arborem

404 4528 690 4593 magnam
752 4512 949 4592 bykfa
1021 4516 1525 4596 crucesignatam
1587 4525 1651 4573 et
1714 4524 1887 4575 meta
1954 4525 2160 4575 terrea
2229 4516 2697 4589 circumfusam,
2761 4536 2797 4575 a
2861 4514 3093 4577 dextra

400 4635 565 4701 parte
609 4638 836 4701 castr0,
867 4646 993 4705 que
1024 4626 1250 4688 dicitur
1278 4624 1657 4688 Alexandro
1690 4628 1863 4688 bano
1911 4627 2062 4687 data
2107 4627 2314 4699 fuisse,
2345 4648 2384 4688 a
2415 4630 2662 4689 sinistra
2709 4647 2863 4689 uero
2908 4639 3092 4707 parte

402 4736 575 4800 Petro
619 4751 1025 4815 remanente;
1068 4741 1154 4802 de
1200 4740 1351 4801 inde
1381 4759 1495 4819 per
1527 4742 1731 4819 ipsam
1779 4742 1947 4800 viam
1995 4740 2212 4801 eundo
2259 4760 2373 4819 per
2419 4752 2624 4802 metas
2668 4743 2962 4821 peruenit
3008 4744 3091 4803 ad

399 4851 675 4915 arborem
738 4856 1241 4936 crucesignatam
1301 4873 1429 4933 que
1487 4864 1583 4915 est
1644 4852 1778 4932 byk
1833 4856 1897 4913 in
1945 4857 2153 4933 capite
2213 4854 2533 4932 profunde
2581 4855 2774 4928 valliS‚
2823 4854 3092 4916 deinde²

564 5042 579 5071 ¹
618 5046 703 5097 Iza
741 5045 949 5097 deinde
986 5045 1195 5098 dolazi:
1240 5045 1497 5098 »fluuium
1538 5045 1818 5097 transiens
1858 5051 2262 5097 memoratum«
2307 5062 2368 5098 sa
2407 5046 2669 5099 tockama
2707 5047 3002 5100 odozdola.
