3797 5795
1787 371 1868 379 —
1930 336 2199 399 266—

637 530 790 590 inde
856 530 1076 589 transit
1139 547 1254 606 per
1314 544 1613 609 magnam
1680 528 1907 588 siluam
1954 538 2018 587 et
2068 530 2128 587 in
2176 526 2305 587 fine
2364 526 2525 587 illius
2585 526 2739 586 silue
2807 537 2950 586 sunt
2998 525 3127 587 due
3176 523 3353 583 ilices

643 661 875 723 magne
920 641 1040 701 sub
1086 640 1318 720 quibus
1362 651 1508 699 sunt
1553 639 1679 702 due
1727 651 1898 701 mete
1946 644 2123 701 iuxta
2168 641 2340 700 uiam
2387 651 2450 699 et
2496 638 2646 699 inde
2690 639 2896 699 tendit
2940 638 3026 699 ad
3062 640 3351 717 priorem

645 767 884 816 metam
930 766 994 814 et
1041 756 1128 814 sic
1175 755 1563 813 terminatur.
1613 754 1774 814 Item
1823 764 1997 814 meta
2042 763 2207 813 terre
2254 751 2533 814 Tulman
2582 752 2798 831 incipit
2843 772 2881 811 a
2924 762 3117 830 portu
3142 750 3353 811 Lazar

639 868 722 929 ab
769 868 1103 928 occidente
1149 879 1212 926 et
1260 865 1436 927 uadit
1481 885 1596 945 per
1643 865 1929 927 medium
1993 865 2163 927 fluuii
2212 865 2414 927 Lazar
2458 864 2543 925 ad
2587 865 2954 944 aquilonem
3004 858 3121 947 [et]
3170 864 3351 922 uenit

642 981 726 1042 ad
774 979 1038 1042 fluuium
1087 978 1356 1061 Koroug
1400 980 1510 1040 ubi
1543 990 1639 1039 est
1671 996 1905 1060 magna
1954 989 2143 1051 meta,
2187 978 2339 1038 inde
2386 976 2590 1037 tendit
2640 972 2773 1060 [a]d
2819 972 3187 1060 o[ri]entem
3234 994 3355 1052 per

640 1113 946 1175 magnum
993 1104 1248 1171 pratum
1293 1101 1357 1152 et
1404 1092 1488 1153 ibi
1537 1104 1710 1153 tenet
1754 1106 1998 1153 metam
2044 1109 2191 1152 cum
2240 1090 2499 1151 Zotmar
2529 1100 2595 1150 et
2626 1090 2773 1149 inde
2820 1090 3040 1150 transit
3088 1087 3171 1148 de
3216 1085 3349 1147 fine

642 1209 833 1266 uineti
883 1206 965 1266 ad
1015 1206 1182 1265 uiam
1230 1216 1293 1265 et
1338 1207 1667 1283 perueniet
1713 1206 1798 1266 ad
1845 1205 2057 1266 villam
2128 1205 2235 1265 ubi
2284 1215 2458 1264 tenet
2508 1214 2677 1263 meta
2723 1221 2871 1263 cum
2920 1201 3237 1281 Dyonisio
3282 1210 3347 1259 et

643 1319 1033 1379 transeundo
1097 1338 1208 1396 per
1273 1318 1552 1378 medium
1603 1318 1745 1379 ville
1791 1318 1997 1379 tendit
2045 1336 2262 1379 uersus
2334 1316 2668 1378 meridiem
2712 1325 2775 1376 et
2821 1314 3094 1376 flectitur
3139 1316 3203 1373 in
3250 1314 3351 1373 via

639 1431 724 1490 ad
785 1431 1207 1503 occidentem,
1255 1430 1488 1490 deinde
1551 1431 1755 1491 tendit
1822 1449 2039 1491 uersus
2108 1430 2437 1491 meridiem
2488 1448 2601 1508 per
2650 1439 2853 1489 metas
2899 1431 3076 1488 iuxta
3123 1426 3353 1487 siluam

641 1544 856 1604 eundo
903 1545 1231 1621 perueniet
1276 1543 1359 1602 ad
1409 1544 1650 1603 biuium
1697 1544 1803 1603 ubi
1850 1555 1998 1604 sunt
2042 1546 2217 1622 pomi
2253 1554 2315 1603 et
2347 1546 2521 1621 pirus
2566 1553 2631 1602 et
2678 1542 2825 1602 inde
2872 1540 3076 1602 tendit
3121 1557 3353 1619 parum

641 1658 704 1716 in
751 1657 855 1717 uia
901 1666 964 1715 et
1012 1654 1280 1716 flectitur
1327 1656 1409 1716 de
1455 1658 1558 1716 uia
1603 1658 1664 1716 in
1713 1655 1840 1716 fine
1903 1657 2088 1717 unius
2152 1656 2529 1737 agriculture
2576 1666 2639 1716 et
2686 1654 2863 1715 uadit
2922 1672 3141 1714 uersus
3186 1654 3357 1711 occi-

641 1769 904 1829 dentem
953 1780 1017 1828 et
1063 1768 1214 1828 inde
1281 1769 1487 1829 tendit
1553 1788 1668 1847 per
1737 1781 1941 1829 metas
2008 1768 2268 1829 arbores
2333 1768 2630 1830 uidelicet
2698 1786 2886 1829 cruce
2948 1768 3229 1848 signatas
3288 1774 3355 1824 et

639 1884 931 1960 peruenit
979 1881 1061 1941 ad
1109 1880 1374 1943 fluuium
1423 1882 1623 1942 Lazar
1669 1882 1776 1941 ubi
1823 1892 1919 1942 est
1964 1892 2137 1942 meta
2199 1884 2359 1942 inter
2408 1877 2672 1965 [s]pinas
2716 1891 2781 1941 et
2830 1880 2918 1941 ibi
2962 1879 3354 1941 terminatur.

645 1995 736 2056 L't
797 1996 984 2075 igitur
1045 1994 1226 2055 huius
1288 2005 1503 2054 nostre
1565 1994 1942 2055 donacionis
2001 2015 2113 2056 seu
2175 1996 2541 2055 collacionis
2585 1995 2777 2055 series
2823 1994 3016 2053 robur
3060 1992 3355 2052 obtineat

641 2117 950 2186 perpetue
999 2106 1327 2176 firmitatis
1376 2092 1493 2168 hec
1538 2127 1652 2186 per
1697 2109 1977 2186 aliquem
2024 2108 2203 2186 lapsu
2266 2110 2570 2185 temporis
2616 2108 2815 2185 possit
2858 2109 2920 2165 in
2970 2106 3211 2165 irritum
3260 2123 3357 2163 re-

641 2222 878 2291 uocari,
925 2219 1256 2298 sepedicto
1304 2223 1606 2301 magistro
1653 2220 1998 2280 Dominico
2031 2230 2093 2280 et
2125 2239 2240 2299 per
2269 2239 2415 2279 eum
2465 2221 2593 2280 suis
2641 2218 2980 2279 heredibus
3022 2227 3357 2296 presentes

643 2334 1079 2392 concessimus
1127 2332 1364 2393 litteras
1410 2332 1678 2412 duplicis
1709 2333 1889 2414 sigilli
1923 2336 2117 2393 nostri
2154 2334 2504 2393 munimine
2550 2332 2901 2391 roboratas.
2946 2328 3191 2390 Datum
3238 2346 3359 2407 per

645 2463 874 2504 manus
935 2446 1214 2525 magistri
1277 2444 1332 2506 F
1333 2447 1552 2506 arcasii
1615 2446 2052 2527 Zagrabiensis
2120 2446 2302 2506 electi
2372 2445 2517 2505 aule
2580 2453 2798 2504 nostre
2855 2441 3355 2502 vicecancellarii

647 2556 861 2616 dilecti
907 2567 970 2617 et
1016 2556 1222 2618 fidelis
1283 2560 1504 2631 nostri,
1561 2576 1734 2618 anno
1781 2558 2024 2619 domini
2075 2558 2413 2619 millesimo
2460 2557 2905 2617 ducentesimo
2951 2554 3359 2634 sexagesimo

647 2672 861 2743 terci0,
908 2672 1083 2750 regni
1129 2681 1345 2730 autem
1395 2673 1587 2731 nostri
1635 2690 1808 2731 anno
1855 2671 2159 2731 vicesimo
2206 2680 2457 2730 octauo.

833 2862 1130 2936 Original
1185 2882 1224 2920 u
1285 2861 1377 2918 kr.
1428 2882 1512 2936 ug
1576 2864 1703 2920 α’νέ.
1753 2863 1975 2921 arkivu
2039 2883 2079 2920 u
2149 2865 2545 2945 Budimpes‘ti
2588 2862 2676 2921 M.
2740 2861 2807 2921 O.
2860 2861 2941 2918 D.
2990 2860 3060 2917 L.
3116 2860 3355 2915 33.715.

652 2967 842 3024 Stara
887 2969 1218 3041 signatura
1265 2967 1346 3024 N.
1401 2969 1471 3024 R.
1521 2968 1594 3024 A.
1633 2971 1798 3042 fasc.
1852 2971 2022 3023 1502.
2074 2989 2167 3026 no.
2222 2971 2274 3024 9.
2326 2970 2521 3025 Pelat
2563 2970 2589 3025 i
2630 2987 2821 3025 vrvca
2868 2964 3227 3040 izgubljene.
3277 2997 3361 3004 —

647 3071 756 3127 Na
801 3071 984 3148 krptu
1029 3071 1288 3146 biljes'ka
1306 3093 1325 3130 .·
1379 3095 1403 3120 >
1417 3073 1564 3128 Bele
1609 3073 1774 3146 regis
1819 3074 2078 3130 donacio
2127 3113 2401 3130 .....
2454 3073 2690 3148 nepotis
2748 3081 2936 3146 super
2966 3069 3363 3146 possessione

647 3175 974 3252 llyppoliti
997 3177 1142 3251 filie·
1185 3175 1463 3232 lllohor«.
1515 3209 1598 3216 —
1645 3175 2024 3244 Kukuljevic'
2063 3178 2210 3250 Reg.
2263 3197 2357 3232 no,
2412 3179 2547 3232 846.

1915 3548 2107 3627 764.

647 3753 849 3834 1263,
893 3753 1084 3838 prije
1131 3756 1241 3820 14.
1289 3754 1620 3822 oktobra.

655 3943 944 4007 Roland
999 3945 1128 4006 ban
1184 3953 1558 4029 preporuefa
1623 3945 1855 4029 kralju
1902 3944 2080 4018 Beli,
2132 3945 2223 4007 cla
2265 3943 2551 4029 pol-ordi
2588 3945 2866 4008 sloboa'u
2919 3943 3371 4029 Lapc‘anima.

832 4135 1116 4198 Domino
1163 4157 1278 4197 suo
1329 4137 1478 4197 Bele
1510 4138 1612 4197 dei
1643 4139 1850 4217 gracia
1897 4137 2436 4198 excellentissimo
2482 4139 2615 4218 regi
2664 4137 2993 4219 Hungarie
3042 4138 3376 4199 Rolandus

657 4247 863 4310 banus
907 4253 1109 4310 tocius
1155 4249 1496 4312 Sclauonie
1542 4250 2027 4311 inclinacionem
2064 4268 2214 4310 cum
2246 4261 2555 4329 perpetua
2606 4249 2926 4311 fidelitate.
2976 4250 3206 4312 Vestra
3252 4270 3373 4311 no-

658 4365 820 4424 uerit
866 4362 1196 4437 celsitudo,
1243 4363 1420 4441 quod
1466 4373 1688 4423 contra
1725 4360 1949 4422 fideles
1980 4374 2223 4423 vestros
2255 4361 2733 4442 Lapuchienses
2766 4363 2883 4423 fuit
2914 4383 3029 4442 per
3059 4364 3379 4442 quosdam

657 4473 1148 4549 proclamatum,
1193 4485 1258 4535 vt
1307 4476 1420 4553 ipsi
1469 4477 1532 4534 in
1577 4493 1689 4535 sua
1737 4473 2025 4536 libertate
2072 4475 2391 4556 quosdam
2453 4487 2806 4536 castrenses
2870 4475 3263 4536 inclusissent
3312 4488 3379 4538 et

658 4584 740 4645 de
789 4586 1002 4648 officio
1047 4590 1232 4648 castri
1281 4590 1466 4647 vestri
1512 4599 1853 4666 exemptos
1885 4589 2261 4648 detinerent.
2298 4589 2495 4650 Vnde
2524 4607 2673 4649 cum
2708 4588 2858 4648 dicti
2896 4589 3377 4668 Lapuchienses

657 4698 721 4755 in
769 4699 1048 4761 confinio
1113 4711 1320 4761 vestro
1379 4709 1524 4760 sunt
1587 4701 1935 4762 residentes
1981 4711 2043 4761 et
2092 4719 2361 4762 numero
2422 4703 2627 4780 pauci,
2673 4721 2749 4763 ac
2810 4703 2993 4762 vobis
3054 4713 3117 4762 et
3163 4710 3377 4762 vestro

659 4809 833 4874 bano
865 4832 1118 4893 semper
1149 4813 1358 4874 fidelia
1389 4812 1815 4875 exhibuerunt
1847 4815 2111 4875 seruicia
2145 4826 2208 4874 et
2242 4813 2496 4888 deuota,
2532 4833 2651 4875 nec
2682 4815 3084 4895 aliquatenus
3126 4827 3380 4876 cessent

659 4925 982 4998 exhibere,
1028 4937 1300 4987 vestram
1348 4945 1509 5008 rogo
1557 4928 2065 5009 magnitudinem
2114 4938 2253 4988 toto
2299 4947 2489 5006 posse
2530 4937 2591 4987 et
2626 4927 2793 4988 uelle
2826 4941 3137 5007 quantum
3170 4928 3381 5002 uale0‚

664 5051 983 5116 quatenus
1042 5038 1362 5118 predictos
1424 5038 1901 5119 Lapuchienses
1946 5043 2009 5102 in
2057 5041 2290 5101 eodem
2354 5051 2521 5102 statu
2570 5052 2634 5100 et
2684 5039 2977 5102 libertate
3022 5043 3181 5103 sicut
3230 5041 3382 5102 hac-
