3797 5795
1870 332 2290 417 q—82-

731 533 905 592 iuxta
944 542 1082 592 sata
1128 543 1190 592 et
1237 542 1446 593 ortum
1496 532 1760 610 predicti
1796 530 2004 611 Moyk
2051 544 2116 593 et
2161 531 2397 593 exhinc
2428 551 2618 613 super
2664 533 2945 613 quadam
2995 536 3092 594 via
3139 536 3312 595 venit
3357 535 3440 596 ad

724 644 1019 707 arborem
1080 644 1369 724 pomiferi
1415 664 1541 725 que
1585 655 1681 706 est
1725 647 1906 706 iuxta
1953 645 2229 706 eandem
2290 647 2479 721 viam,
2525 656 2590 707 et
2636 646 2786 707 inde
2833 647 3152 708 veniendo
3212 666 3438 727 parum

727 760 945 819 transit
998 758 1169 819 illam
1215 761 1381 818 viam
1428 768 1489 819 et
1536 758 1621 819 ad
1666 767 1908 819 metam
1954 769 2224 820 terream
2275 760 2461 831 venit,
2510 761 2572 820 in
2621 778 2748 837 qua
2793 762 2894 821 via
2940 770 3040 821 est
3087 770 3432 821 mactatum

722 872 963 953 lignum
1011 872 1163 933 ilicis
1230 884 1294 933 et
1354 872 1585 933 exhinc
1645 871 1729 933 ad
1792 886 2030 933 metam
2097 883 2388 947 terream,
2451 890 2576 951 que
2622 882 2718 934 est
2766 874 2828 933 in
2874 892 3036 946 rure,
3081 874 3234 935 inde
3279 892 3426 933 vero

718 984 804 1046 ad
849 984 1037 1046 aliam
1102 995 1339 1047 metam
1402 994 1671 1046 terream
1721 1003 1847 1063 que
1890 994 1986 1046 est
2036 987 2211 1046 iuxta
2272 997 2409 1046 sata
2454 997 2518 1046 et
2563 986 2862 1046 arborem
2927 988 3142 1057 cerasi,
3203 985 3436 1046 abhinc

719 1107 935 1159 autem
982 1117 1095 1176 per
1139 1098 1465 1177 quandam
1534 1098 1873 1177 planiciem
1937 1099 2108 1159 venit
2153 1098 2238 1158 ad
2286 1108 2528 1160 metam
2589 1109 2884 1173 terream,
2951 1118 3076 1179 que
3121 1111 3216 1159 est
3263 1109 3433 1159 recte

716 1213 892 1272 iuxta
952 1209 1211 1271 fluvium
1278 1209 1587 1271 Luchuna
1632 1221 1694 1271 et
1742 1211 1827 1271 ibi
1873 1210 2192 1271 adunatur
2237 1222 2401 1272 terre
2446 1210 2734 1271 eiusdem
2797 1212 3078 1293 magistri
3143 1210 3433 1273 Mauricii

716 1334 780 1385 et
824 1325 912 1385 sic
958 1326 1345 1384 terminatur.
1416 1323 1503 1386 Ut
1548 1334 1765 1384 autem
1826 1324 2011 1384 huius
2072 1326 2158 1384 rei
2221 1326 2413 1384 series
2474 1324 2669 1385 robur
2737 1334 3047 1403 perpetue
3109 1324 3422 1385 firmitatis

712 1439 1015 1516 optineat,
1059 1445 1388 1516 presentes
1431 1436 1643 1497 eidem
1691 1438 1995 1517 magistro
2042 1436 2349 1498 Mauricio
2410 1436 2650 1497 litteras
2696 1447 2946 1497 nostras
2989 1438 3427 1498 concessimus

710 1550 889 1632 sigilli
952 1552 1149 1610 nostri
1212 1551 1561 1611 munimine
1622 1549 1972 1610 roboratas
2041 1548 2282 1610 Datum
2337 1550 2403 1609 in
2462 1568 2652 1611 aurea
2713 1552 2885 1611 curia
2943 1568 3116 1611 anno
3182 1549 3427 1610 domini

715 1662 1049 1723 millesimo
1096 1663 1535 1723 ducentesimo
1584 1662 2119 1744 quinquagesimo
2167 1664 2464 1741 septimo.

893 1855 1190 1929 Original
1242 1876 1285 1911 u
1344 1855 1433 1914 kr.
1494 1875 1598 1930 ug.
1662 1856 1788 1913 dri.
1853 1854 2076 1912 arkivu
2139 1875 2178 1912 u
2241 1855 2516 1913 Budimu
2536 1876 2556 1912 .·
2615 1856 2704 1913 M.
2762 1856 2828 1913 O.
2877 1856 2956 1912 l).
3008 1854 3078 1912 L.
3129 1874 3222 1911 no.
3280 1859 3421 1910 460.

706 1960 930 2029 (Stara
984 1960 1097 2033 αξξ.
1144 1960 1227 2017 Ν.
1279 1961 1351 2017 R.
1402 1960 1475 2022 A.
1504 1962 1681 2037 fasc.
1728 1963 1859 2017 194.
1908 1979 2005 2017 no·
2061 1963 2144 2015 16.
2153 1961 2194 2023 ).
2253 1993 2326 1999 —
2377 1960 2484 2017 Na
2532 1960 2737 2017 lt'stini
2777 1960 2915 2017 vidi
2955 1979 3023 2016 se
3068 1967 3228 2032 trag,
3268 1958 3420 2033 gdje

684 2065 762 2139 je
804 2064 960 2121 visio
1002 2068 1196 2139 pedat.
1245 2064 1353 2123 Na
1383 2064 1565 2141 ltrptu
1598 2064 1773 2121 istem
1824 2061 2034 2121 rukom
2055 2084 2074 2119 .·
2131 2063 2358 2122 Contra
2405 2063 2590 2136 Moyk
2610 2073 2728 2140 pro
2760 2064 3057 2137 magistro
3104 2062 3422 2119 Mauricio

701 2178 890 2245 super
929 2169 1199 2244 quadam
1242 2168 1556 2244 particula
1604 2176 1766 2225 terre
1804 2166 2050 2240 (rukom
2085 2168 2218 2226 XV.
2254 2167 2506 2242 sto-ljec'a
2538 2168 2706 2243 dalje
2725 2189 2745 2223 .·
2790 2168 2866 2224 de
2897 2176 3112 2225 sancto
3153 2167 3412 2239 Georgia

702 2273 1004 2339 metalz'S.)

891 2377 1134 2434 {Venzel
1182 2376 1321 2435 Cod.
1374 2377 1521 2453 dipl.
1571 2376 1717 2453 Arp.
1784 2376 1915 2435 Vll.
1975 2380 2242 2432 4612-st

1968 2666 2166 2746 599.

698 2858 898 2925 1257.
946 2859 1006 2926 U
1052 2856 1405 2943 Zaqrebu.

691 3050 958 3134 Kaptol
995 3048 1387 3135 zagrebacfki
1434 3049 1591 3134 daje
1638 3073 1731 3112 na
1777 3049 2044 3134 znanje.
2111 3049 2200 3112 da
2247 3069 2332 3112 su
2399 3047 2741 3112 thz‘slav
2788 3045 2822 3110 ι’
2861 3048 3132 3113 Noreta
3177 3049 3416 3114 sz'novz'

694 3161 1089 3246 Jakovgjevi
1123 3161 1401 3247 prodalz'
1439 3162 1636 3246 svoju
1682 3161 1929 3248 zemlju
1985 3159 2316 3238 Pz'ffenz'ca,
2370 3161 2532 3246 koju
2565 3161 2764 3246 bjelm
2810 3160 3086 3225 zaloiilz'
3123 3171 3404 3248 §upana

1347 3275 1494 3338 Akz·
1522 3283 1621 3359 pa
1666 3297 1751 3338 ne
1798 3273 2107 3358 z'skupz'lz',
2157 3273 2314 3338 §em'
2353 3273 2747 3359 iupanovoj.

859 3465 1225 3546 Capitulum
1271 3467 1706 3549 Zagrabiensis
1746 3468 2012 3529 ecclesie
2059 3469 2358 3528 omnibus
2389 3486 2650 3547 presens
2681 3468 2988 3547 scriptum
3025 3470 3404 3548 inspecturis

683 3581 951 3642 salutem
1016 3583 1077 3642 in
1140 3582 1423 3643 domino,
1502 3579 1612 3642 Ad
1671 3583 2112 3643 uniuersorum
2183 3582 2486 3640 noticiam
2564 3579 2788 3642 harum
2864 3583 3024 3642 serie
3101 3583 3403 3643 uolumus

684 3696 1030 3771 peruenire,
1077 3695 1253 3775 quod
1285 3714 1432 3756 cum
1484 3694 1880 3773 Wratyzlaus
1912 3705 1976 3755 et
2009 3693 2268 3768 Noreta‚
2312 3692 2417 3754 filii
2455 3693 2673 3773 Jacou‚
2702 3693 3031 3772 Tyburcio
3080 3695 3402 3756 uicebano

680 3815 743 3865 et
790 3809 1005 3868 comiti
1070 3808 1471 3889 Zagrabiensi
1535 3809 1597 3867 in
1646 3810 1862 3890 uiginti
1932 3809 2160 3868 marcis
2205 3806 2310 3868 fini
2375 3808 2621 3887 argenti
2683 3806 2904 3867 fuissse
2951 3817 3022 3866 ut
3068 3805 3402 3869 debitores

678 3927 742 3978 et
786 3919 870 3980 ad
915 3920 1174 3982 easdem
1236 3921 1693 4001 persoluendas
1738 3922 1857 3982 sub
1904 3939 2072 4000 pena
2117 3940 2185 3981 se
2230 3920 2405 3999 dupli
2455 3938 2570 3999 per
2617 3930 2864 3980 nostras
2928 3919 3168 3984 litteras
3229 3918 3399 3980 obli-

675 4043 931 4111 gassent
991 4033 1501 4115 aduenienteque
1565 4037 1835 4095 termino
1901 4034 2260 4107 solucionis,
2321 4033 2559 4093 scilicet
2624 4033 2788 4092 festo
2847 4033 3047 4098 sancti
3114 4031 3399 4105 Martini,

673 4143 876 4220 ipsam
941 4164 1263 4208 summam
1324 4147 1573 4208 soluere
1635 4165 1765 4207 non
1829 4147 2201 4226 potuissent,
2267 4157 2500 4206 terram
2548 4147 2830 4224 ipsorum
2879 4147 3143 4207 nomine
3191 4147 3398 4208 Pisse-

670 4254 928 4318 nicham
974 4257 1157 4320 Acha
1202 4261 1438 4333 comiti,
1485 4269 1555 4320 ut
1586 4278 1697 4319 eos
1743 4259 1825 4320 de
1873 4261 2008 4338 ipsa
2055 4259 2383 4320 solucione
2431 4277 2582 4340 erga
2625 4259 3027 4337 Tybureium
3077 4262 3394 4321 comitem

664 4370 1016 4446 expediret,
1064 4373 1125 4432 in
1173 4374 1438 4454 pignore
1483 4371 1840 4452 obligarent
1890 4390 2090 4450 usque
2136 4382 2398 4432 octauas
2444 4382 2816 4432 octauarum
2865 4369 3020 4432 dicti
3068 4373 3235 4446 festi,·
3275 4373 3392 4434 tali

663 4496 834 4556 pena
882 4504 950 4546 se
994 4494 1349 4566 grauantes‚
1416 4484 1594 4565 quod
1640 4487 1685 4544 si
1737 4486 1796 4544 in
1848 4485 2090 4545 eisdem
2153 4485 2396 4544 octauis
2465 4493 2836 4544 octauarum
2902 4495 3134 4547 terram
3200 4505 3390 4546 suam

663 4590 751 4651 ab
798 4594 981 4658 Acha
1042 4599 1277 4658 comite
1325 4616 1455 4658 non
1502 4597 1889 4658 redimerent
1955 4615 2104 4658 cum
2168 4597 2386 4678 uiginti
2458 4598 2687 4657 marcis
2732 4596 2840 4657 fini
2904 4600 3168 4679 argenti,
3234 4600 3391 4658 inci-

663 4702 890 4770 derent
936 4728 1169 4788 penam
1218 4710 1391 4790 dupli
1439 4721 1501 4771 et
1534 4729 1652 4789 pro
1684 4710 1918 4771 eodem
1967 4708 2184 4788 dup10‚
2215 4711 2454 4771 scilicet
2499 4729 2618 4789 pro
2667 4710 3090 4792 quadraginta
3135 4715 3389 4785 marciS,

663 4815 835 4881 dicta
903 4833 1067 4883 terra
1134 4822 1387 4885 cederet
1456 4827 1520 4884 in
1592 4825 1686 4884 ius
1755 4835 1818 4883 et
1894 4825 2350 4901 proprietatem
2427 4821 2611 4886 Acha
2686 4826 2939 4884 comitis
3013 4824 3384 4904 supradicti.

662 4928 1091 4996 Venientibus
1134 4938 1348 5015 itaque
1394 4937 1638 4997 octauis
1685 4948 2058 4998 octauarum
2107 4938 2304 4996 sancti
2353 4937 2625 5011 Martini,
2673 4937 3032 5015 predictum
3079 4938 3380 5000 debitum

662 5039 845 5107 Acha
892 5050 1110 5109 comiti
1158 5067 1289 5108 non
1336 5048 1680 5122 soluerunt,
1724 5049 1839 5110 sed
1885 5049 2105 5127 elapso
2153 5049 2485 5109 interuallo
2533 5050 2810 5122 modion,
2855 5052 3239 5112 accedentes
3289 5051 3380 5113 ad
