3797 5795
1614 427 1692 436 --
1745 390 1871 454 471
1937 425 2018 432 -

460 598 545 648 et·
582 606 755 648 suum
800 595 1196 647 conuentum
1236 603 1321 645 ex
1352 602 1478 644 una
1510 592 1691 661 parte
1722 593 1787 644 et
1819 582 2152 643 dominam
2202 581 2473 640 Peruam
2517 578 2806 638 relictam
2853 575 3180 637 Leonardi

471 698 872 773 Caualcasoli,
940 700 1101 758 inter
1148 715 1307 776 quas
1366 696 1615 776 questio
1678 695 2000 756 oriebatur
2046 694 2128 754 de
2176 692 2400 752 haditu
2464 693 2660 770 ipsius
2705 690 2906 762 turriS‚
2953 688 3176 750 suisset

464 813 659 890 plene
712 822 772 872 et
829 809 1102 872 finaliter
1163 809 1523 870 iudicatum
1569 827 1645 869 ac
1691 808 2189 869 determinatum
2235 816 2298 866 et
2346 802 2592 864 nullum
2661 801 3175 881 inpedimentum

469 925 657 986 saciat
698 925 977 985 clausura
1010 923 1135 998 illa,
1168 941 1289 984 nec
1318 921 1670 1002 preiudicet
1720 923 2108 982 monasterio
2139 917 2506 997 supradicto
2537 916 2622 977 ad
2654 914 3174 995 prosequendum

468 1049 539 1098 et
586 1037 1120 1098 manutenendum
1168 1054 1353 1097 suum
1403 1038 1497 1096 ius
1545 1036 1607 1095 in
1658 1033 1960 1094 omnibus
2005 1032 2088 1092 ad
2134 1034 2341 1110 ipsum
2391 1032 2850 1092 monasterium
2883 1038 3174 1106 spectan-

468 1151 643 1212 tibus
682 1149 777 1211 uel
818 1151 1298 1233 pertinentibus
1351 1145 1594 1210 Actum
1627 1151 1689 1208 in
1723 1149 1895 1208 curia
1941 1146 2184 1207 domini
2233 1144 2688 1221 archiepiscopi
2739 1144 2801 1202 in
2842 1141 3172 1220 presencia

468 1275 539 1324 et
586 1264 939 1324 testimonio
986 1262 1231 1322 domini
1277 1260 1493 1322 Duimi
1542 1260 1988 1332 archidiaconi,
2035 1258 2247 1319 Miche
2293 1257 2568 1329 sacriste,
2603 1256 2876 1317 Vulcine
2925 1251 3170 1328 Cernce

466 1389 537 1437 et
588 1377 857 1437 aliorum.

646 1489 776 1569 Ego
822 1488 1077 1550 Madius
1120 1486 1285 1549 filius
1332 1487 1543 1549 Miche
1590 1488 1974 1547 examinaui.

644 1601 775 1682 Ego
818 1620 975 1662 uero
1022 1601 1321 1661 dominus
1384 1599 1597 1661 Lucas
1656 1602 2002 1660 canonicus
2048 1610 2110 1659 et
2158 1600 2395 1658 iuratus
2442 1596 2726 1656 notarius
2776 1592 3171 1673 Spalatensis

461 1713 591 1775 hiis
632 1713 867 1776 interfui
915 1726 978 1776 et
1023 1714 1105 1775 de
1151 1713 1463 1775 mandato
1510 1712 1754 1772 domini
1802 1711 2278 1790 archiepiscopi,
2327 1721 2394 1770 vt
2428 1709 2640 1770 audiui
2691 1709 2910 1785 scripsi
2960 1716 3024 1766 et
3070 1724 3172 1765 ro-

458 1838 656 1909 gatus
697 1828 1009 1888 roboraui.

645 1943 929 2016 (Signum
976 1945 1129 2012 not.)

654 2132 944 2206 Original
984 2152 1023 2190 u
1068 2131 1291 2188 arkt'vu
1339 2140 1699 2188 samostana
1745 2149 1833 2187 ευ.
1883 2129 2120 2204 Allarije
2167 2148 2208 2185 u
2257 2129 2489 2185 Zadru.

1727 2420 1920 2500 937.

462 2554 667 2632 1268,
709 2553 810 2618 23.
861 2557 1201 2635 augusta.
1252 2551 1311 2618 U
1358 2549 1595 2617 Rabu.

462 2741 797 2827 Rabh'am‘
836 2741 1005 2804 mole
1044 2739 1413 2825 palrt‘arhu
1458 2743 1550 2804 od
1594 2741 1847 2818 Grada,
1921 2742 2010 2804 da
2055 2739 2254 2804 skine
2299 2763 2332 2803 s
2381 2739 2537 2824 njz‘lz
2585 2737 3014 2824 nepravedno
3059 2735 3156 2799 z'm

1404 2853 1805 2917 nametnue‘z'
1856 2852 2211 2918 interdzkt.

632 3044 820 3108 Anno
864 3047 1107 3108 domini
1158 3047 1494 3108 millesimo
1561 3046 2003 3109 ducentesimo
2065 3049 2469 3129 sexagesimo
2517 3058 2766 3119 octav0,
2811 3044 3160 3105 indictione

456 3159 809 3234 undecima,
854 3160 953 3221 die
1001 3179 1177 3220 nono
1224 3171 1503 3222 exeunte
1550 3163 1818 3241 augusti,
1864 3159 2042 3222 Arbi.
2087 3161 2519 3240 Temporibus
2565 3158 2869 3240 equidem
2917 3156 3164 3217 domini

462 3274 657 3332 nostri
703 3270 1018 3333 Laurentii
1064 3272 1363 3351 Teupolo
1426 3272 1641 3351 inclyti
1691 3273 1871 3334 ducis
1918 3274 2335 3336 Venetiarum
2386 3285 2522 3347 eto,
2583 3271 2958 3333 venerabilis
3005 3269 3164 3332 Gre-

463 3386 615 3465 gorii
661 3385 741 3445 de
786 3384 1065 3448 Costizza
1131 3383 1441 3447 Arbensis
1508 3388 1789 3465 episcopi
1838 3398 1903 3447 et
1951 3386 2146 3448 Marci
2223 3387 2515 3448 Badoarii
2585 3388 2818 3468 egregii
2891 3386 3161 3457 comitiS,

464 3498 853 3577 presentibus
896 3498 1175 3580 Georgio
1222 3499 1556 3579 quondam
1604 3498 1886 3561 Simonis
1917 3512 1980 3559 et
2006 3498 2256 3578 Joanne
2301 3500 2550 3561 Nicole.
2603 3498 2764 3563 Cum
2815 3518 2930 3559 vos
2974 3510 3160 3577 pater

465 3611 823 3673 venerabilis
866 3608 1207 3693 Gregorius
1237 3612 1339 3672 dei
1371 3614 1571 3693 gratia
1615 3613 1956 3691 episcopus
2000 3612 2398 3692 supradictus
2467 3623 2600 3673 tam
2650 3631 2765 3691 per
2816 3630 2928 3671 vos
2960 3630 3156 3691 quam

464 3727 639 3783 vestri
696 3723 949 3802 capituli
1010 3725 1479 3785 universitatem
1527 3725 1809 3785 de'cimas
1870 3744 2001 3785 non
2065 3736 2405 3786 consuetas
2467 3728 2928 3787 territoriorum
2975 3743 3154 3785 com-

463 3836 661 3895 munis
732 3834 1040 3897 Arbensis
1112 3838 1533 3916 requisieritis,
1611 3838 1855 3899 dudum
1928 3840 2323 3918 tandemque
2399 3851 2678 3900 rectores
2755 3838 3023 3898 civitatis
3091 3846 3156 3896 et

463 3946 729 4008 eiusdem
789 3949 1120 4011 consilium
1166 3950 1285 4011 sub
1332 3950 1671 4011 interdicto
1731 3962 2064 4029 ponenteS,
2127 3952 2251 4012 hoc
2297 3962 2393 4013 est
2441 3954 2765 4031 privantes
2832 3950 3156 4010 audientia

464 4059 897 4123 celebracionis
956 4062 1183 4138 divine,
1230 4063 1399 4123 unde
1461 4082 1583 4123 nos
1630 4060 1849 4125 Creste
1895 4063 1978 4123 de
2025 4112 2281 4123 .....
2331 4083 2406 4125 ac
2454 4064 2709 4138 iudiceS,
2765 4062 3152 4123 Hermolaus

462 4170 728 4247 Matthei‚
775 4174 1181 4237 Martinusius
1228 4175 1309 4237 de
1352 4172 1713 4256 Slovig(n)a
1762 4186 1822 4235 et
1871 4174 2236 4255 Stephanus
2283 4175 2366 4236 de
2399 4224 2663 4236 .....
2712 4195 2823 4237 seu
2857 4174 3154 4237 Arbense

459 4286 777 4347 consilium
822 4297 886 4348 et
931 4291 1359 4349 communitas
1410 4291 1719 4359 universa,
1786 4291 2132 4350 sentientes
2203 4308 2322 4349 nos
2391 4289 2629 4350 exinde
2700 4289 2984 4350 indebite
3047 4306 3156 4371 ag-

457 4410 753 4478 gravatos,
798 4411 1015 4462 tamen
1079 4401 1267 4463 veluti
1332 4402 1545 4465 devoti
1610 4400 1714 4462 filii
1780 4412 2001 4463 sancte
2066 4405 2284 4464 matris
2331 4403 2615 4477 ecclesie,
2665 4404 2772 4481 qui
2819 4404 3016 4481 patris
3061 4404 3155 4463 in·

456 4509 657 4573 debite
702 4514 1087 4595 indignantis
1135 4562 1511 4575 .......
1559 4516 1888 4588 sustinent,
1921 4516 2007 4575 ob
2041 4516 2319 4576 divinam
2367 4517 2789 4577 reverentiam
2835 4517 3150 4593 patienter

455 4625 869 4699 sustinuimus,
912 4646 1029 4705 pro
1098 4624 1283 4687 firmo
1350 4627 1702 4703 credenteS,
1764 4627 1942 4707 quod
2010 4639 2224 4689 nostra
2294 4629 2784 4690 mansuetudine
2851 4627 3042 4701 filiali,
3089 4630 3150 4687 in

453 4733 616 4795 dicta
676 4738 983 4815 petitione
1029 4749 1093 4799 et
1136 4741 1611 4819 gravaminibus
1657 4788 2098 4801 ........
2147 4789 2160 4816 ,
2206 4744 2354 4803 satis
2417 4742 2699 4803 indebite
2760 4753 2982 4803 contra
3037 4760 3154 4803 nos

451 4845 619 4909 sactis
682 4848 986 4911 desistere
1046 4850 1381 4926 deberetis,
1427 4872 1573 4914 cum
1636 4856 1787 4915 satis
1849 4858 2147 4935 congruis
2208 4864 2269 4915 et
2339 4855 2622 4917 honestis
2668 4854 3149 4917 defensionibus

450 4964 537 5021 usi
592 4962 895 5024 fuerimus
940 4966 1003 5023 in
1048 4963 1171 5024 hac
1230 4975 1429 5043 parte,
1476 4966 1789 5027 dicentes:
1855 4966 2170 5047 eligantur
2233 4967 2585 5046 presbyteri
2635 4980 2697 5029 et
2745 4966 2969 5029 fideles
3042 4969 3152 5028 viri

447 5084 571 5135 tam
616 5075 841 5150 clerici,
888 5095 1082 5155 quam
1130 5076 1269 5138 laici
1318 5081 1491 5139 omni
1542 5078 1669 5139 fide
1715 5079 2085 5161 dignissimi,
2119 5082 2226 5159 qui
2259 5080 2425 5141 hanc
2475 5084 2877 5159 questionem
2930 5060 3152 5143 debito
