3797 5795
1496 422 1757 485 —587
1822 458 1900 467 ——

1630 715 1763 793 39.

370 844 551 929 1271,
592 842 691 905 15.
735 849 999 911 marta.
1047 842 1107 909 U
1153 842 1463 927 Spljetu.

1154 1032 1352 1097 Radz'
1388 1056 1461 1099 se
1506 1056 1543 1098 o
1588 1034 1897 1119 zamjem'
1935 1036 2239 1122 zemalja.

538 1224 603 1285 In
647 1227 905 1287 nomine
950 1226 1195 1287 domini
1238 1228 1434 1288 nostri
1459 1225 1611 1307 Jesu
1642 1224 1870 1291 Christi
1901 1247 2109 1289 amen.
2157 1226 2353 1289 Anno
2387 1229 2730 1289 natiuitatis
2763 1227 3046 1287 eiusdem

386 1336 689 1398 millesimo
754 1336 1195 1400 ducentesimo
1254 1342 1726 1421 septuagesimo
1793 1342 2022 1420 primm
2081 1341 2428 1401 indictione
2495 1352 2718 1420 quarta
2785 1340 3054 1411 decima,

384 1446 617 1527 Spaleti,
670 1450 769 1512 die
826 1451 1167 1525 dominica,
1214 1455 1431 1530 quinta
1483 1453 1733 1514 decima
1778 1454 2054 1514 intrante
2115 1454 2372 1527 marci0‚
2431 1464 2738 1533 regnante
2783 1451 3050 1512 domino

376 1572 576 1622 nostro
620 1563 947 1643 Stephano
994 1566 1395 1625 serenissimo
1442 1584 1590 1647 rege
1639 1565 1968 1647 Hungarie
2015 1566 2410 1645 temporibus
2455 1566 2697 1626 domini
2740 1564 3050 1645 Johannis

370 1676 725 1737 venerabilis
768 1676 1222 1757 archiepiscopi
1270 1676 1663 1756 Spalatensis
1702 1690 1767 1739 et
1800 1678 2212 1741 dominorum
2245 1676 2442 1759 Dragi
2474 1677 2800 1757 Stephani,
2845 1674 3048 1738 Dobri

369 1785 623 1849 Duscize
667 1801 731 1849 et
775 1788 993 1851 Duimi
1041 1789 1309 1851 Michaci
1346 1790 1643 1865 iudicum,
1690 1792 1953 1855 domina
1988 1788 2276 1855 Chatena
2321 1791 2640 1852 abbatissa
2689 1790 3050 1851 monasterii

357 1904 553 1961 sancti
628 1902 949 1963 Benedicti
1020 1903 1102 1963 de
1171 1922 1490 1965 consensu
1551 1916 1615 1965 et
1677 1904 2009 1979 uoluntate
2077 1902 2340 1965 domine
2401 1902 2602 1965 Desse
2663 1916 2725 1964 et
2786 1903 3050 1965 aliarum

357 2014 813 2075 monacharum
860 2017 956 2076 sui
1003 2026 1361 2077 conuentus
1406 2015 1645 2077 ibidem
1684 2018 2094 2095 presencium
2141 2018 2528 2097 permutauit
2559 2026 2622 2077 et
2655 2015 2831 2077 dedit
2863 2028 3056 2094 atque

355 2128 637 2188 cambita
698 2128 812 2189 fuit
889 2125 1129 2191 Duimo
1206 2128 1477 2190 Michaci
1548 2128 1855 2209 predicto·
1911 2129 2096 2190 iudici
2167 2130 2492 2209 quandam
2562 2140 2793 2189 terram
2864 2130 3058 2207 ipsius

351 2242 736 2312 monasterii,
783 2241 954 2303 illam
1002 2241 1313 2315 uidelicet,
1360 2262 1487 2322 que
1526 2228 1736 2303 'suerat
1792 2240 2105 2303 Scumose
2153 2240 2513 2323 Cangnecci
2559 2243 2836 2321 positam
2883 2240 3057 2319 apud

353 2355 523 2417 Bade
587 2358 763 2415 iuxta
828 2367 1060 2415 terram
1124 2357 1318 2433 ipsius
1380 2354 1592 2417 Duimi
1664 2374 1810 2416 cum
1871 2355 2261 2435 introbitutl)
2338 2374 2454 2415 suo
2530 2370 2592 2413 et
2657 2356 2850 2423 exitu,
2930 2356 3058 2415 suis

355 2468 727 2539 racionibuS,
772 2470 1176 2547 pertinenciis
1206 2480 1269 2527 et
1299 2470 1794 2533 circumstanciis
1824 2471 2069 2531 cunctis
2100 2468 2419 2544 omnibus,
2449 2486 2644 2547 quam
2691 2479 2755 2527 et
2799 2467 3060 2549 singulis

363 2598 547 2659 supra
592 2600 659 2640 se
707 2581 865 2640 intra
914 2600 981 2641 se
1028 2592 1091 2641 et
1136 2581 1293 2642 infra
1340 2600 1407 2642 se
1456 2580 1684 2641 habitis
1722 2584 1788 2642 in
1820 2583 2158 2663 integrum.
2205 2580 2287 2642 Et
2334 2579 2540 2642 dictus
2584 2599 2738 2641 uero
2784 2579 3059 2642 Duimus

366 2692 585 2754 eodem
631 2692 815 2754 titulo
862 2695 1359 2771 permutacionis
1405 2705 1468 2755 et
1516 2695 1747 2755 cambii
1794 2693 1974 2755 dedit
2015 2694 2184 2755 dicte
2229 2694 2550 2756 abbatisse
2597 2695 2858 2755 nomine
2905 2693 3056 2753 dicti

372 2809 713 2869 monasterii
780 2810 1143 2886 suscipienti
1192 2809 1521 2887 quandam
1566 2828 1747 2869 suam
1796 2818 2032 2869 terram
2076 2810 2354 2887 positam
2400 2806 2484 2867 ad
2533 2803 2878 2886 Copelliste
2941 2806 3059 2866 sub

376 2927 525 2980 terra
589 2941 713 3000 que
776 2923 977 2983 fuerat
1048 2919 1252 2985 Cuteii
1320 2943 1525 3002 prope
1592 2935 1823 2982 terram
1896 2922 2127 2983 Pinose
2187 2933 2249 2980 et
2309 2939 2512 3000 prope
2570 2920 2761 2980 aliam
2829 2931 3060 2980 terram

381 3032 639 3095 eiusdem
706 3034 967 3112 Duymi,
1014 3053 1161 3096 cum
1223 3035 1528 3096 introhitu
1573 3055 1689 3096 suo
1735 3045 1799 3096 et
1844 3037 2023 3095 exitu
2068 3035 2196 3094 suis
2240 3034 2600 3095 racionibus
2659 3034 3063 3113 pertinenciis

378 3154 433 3203 et
488 3147 967 3208 circumstanciis
1013 3149 1258 3208 cunctis
1304 3149 1618 3209 omnibus.
1666 3147 1862 3227 Quod
1926 3159 1989 3209 et
2051 3146 2310 3229 singulis
2370 3143 2608 3228 s(uper)
2656 3164 2742 3220 se,
2789 3147 2950 3206 inter
2996 3165 3062 3207 se

376 3267 433 3316 et
474 3260 621 3320 intra
676 3280 745 3321 se
806 3261 1037 3321 habitis
1082 3263 1143 3322 in
1193 3265 1509 3343 integrum
1574 3261 1802 3324 dantes
1861 3261 1947 3322 ad
2007 3260 2280 3321 invicem
2341 3259 2500 3321 alter
2559 3259 2734 3320 alteri
2800 3258 3057 3336 plenam

380 3371 653 3434 uirtutem
700 3386 762 3436 et
810 3384 1199 3453 potestatem
1247 3375 1543 3448 habendi,
1604 3374 1881 3448 tenendi,
1945 3372 2334 3453 possidendi,
2387 3370 2732 3446 uendendi,
2776 3370 3064 3433 donandi

380 3493 435 3541 et
477 3503 727 3548 omnem
774 3506 955 3548 suam
1004 3487 1170 3548 bene
1216 3488 1517 3567 placitam
1579 3487 1980 3549 uoluntatem
2041 3485 2331 3560 faciendi,
2377 3485 2797 3563 promitentes
2843 3497 2906 3545 et
2952 3485 3063 3545 ad-

384 3597 655 3660 mitentes
716 3600 919 3662 dictas
983 3613 1180 3661 terras
1239 3602 1397 3663 alter
1460 3601 1637 3662 alteri
1684 3602 1769 3662 ab
1817 3603 1994 3662 omni
2058 3599 2319 3661 homine
2365 3609 2428 3660 et
2477 3600 2883 3660 uniuersitate
2929 3607 3062 3658 tam

380 3706 455 3766 ab
498 3709 828 3794 HungariS‚
875 3733 1069 3793 quam
1116 3714 1253 3776 aliis
1298 3714 1381 3776 de
1426 3717 1557 3776 iure
1603 3724 1668 3775 et
1712 3713 2026 3776 uiolencia
2057 3711 2401 3775 defendere
2441 3724 2503 3773 et
2545 3711 3063 3790 excalumpniare

377 3837 510 3883 cum
568 3827 886 3888 bonorum
950 3830 1240 3888 omnium
1290 3828 1437 3888 dicti
1490 3829 1853 3888 monasterii
1915 3847 2032 3907 pro
2095 3825 2266 3888 dicta
2330 3825 2652 3886 abbatissa
2711 3833 2905 3904 atque
2949 3824 3065 3884 bo-

378 3950 587 3998 norum
666 3940 819 4000 dicti
894 3939 1113 4002 Duimi
1189 3959 1308 4020 pro
1378 3960 1457 4001 eo
1529 3941 1861 4001 mobilium
1933 3954 1995 4001 et
2066 3939 2490 4000 immobilium
2565 3937 2930 3998 habitorum
2999 3949 3061 3997 et

384 4043 809 4112 habendorum
871 4053 1289 4134 obligacione.
1350 4052 1592 4116 Actum
1639 4055 1808 4131 apud
1857 4054 2096 4114 dictum
2147 4053 2602 4113 monasterium
2664 4050 3064 4129 presentibus

382 4153 675 4243 Dompno
754 4165 991 4240 MarcO,
1080 4165 1387 4228 Thodosii
1466 4167 1795 4240 canonic0,
1862 4165 2065 4228 Dessa
2126 4166 2468 4234 Penimuci‚
2523 4161 2771 4243 Juanne
2841 4162 3062 4224 Murzo

380 4271 557 4348 ipsius
599 4282 961 4340 monasterii
1012 4279 1278 4340 testibus
1322 4280 1473 4341 aliis.

538 4389 676 4471 Ego
720 4389 971 4470 Symon
1022 4391 1273 4454 Martini
1322 4391 1485 4454 filius
1530 4394 1894 4454 examinaui
1942 4394 2248 4452 conscius,

540 4503 680 4584 Ego
728 4507 1027 4587 magister
1072 4505 1127 4566 F
1129 4506 1449 4566 ranciscus
1509 4505 1960 4569 Anconitanus
2005 4504 2306 4584 imperiali
2369 4505 2743 4564 auctoritate
2784 4503 3066 4563 notarius

380 4621 437 4670 et
482 4633 646 4678 nunc
690 4620 1067 4680 auctoritate
1113 4621 1397 4680 notarius
1461 4621 1731 4680 ciuitatis
1789 4617 2030 4697 Spaleti
2077 4617 2172 4678 his
2217 4616 2518 4678 omnibus
2577 4615 2824 4676 interfui
2873 4626 2936 4674 et
2982 4616 3064 4675 ab

383 4734 636 4808 utraque
680 4741 861 4810 parte
906 4741 1183 4814 rogatuS,
1228 4750 1449 4793 eorum
1482 4731 1813 4793 uoluntate
1844 4743 1908 4793 et
1940 4732 2250 4792 dictarum
2299 4729 2756 4790 monacharum
2805 4746 3064 4788 assensu

378 4842 579 4921 scripsi
625 4856 689 4904 et
733 4843 1048 4906 roboraui.
1094 4843 1419 4924 Dictoque
1463 4842 1703 4906 Duimo
1748 4843 1866 4906 feci
1913 4844 2116 4904 simile
2161 4844 2671 4904 instrumentum.

539 4959 831 5033 (Signum
878 4960 1160 5033 notarii.)

550 5133 846 5207 Original
885 5155 925 5192 u
971 5133 1197 5192 arkivu
1240 5142 1597 5192 samostana
1642 5153 1727 5191 sv.
1772 5133 2010 5208 Blarije
2056 5152 2096 5189 u
2142 5133 2373 5189 Zadru.
