3797 5795
1562 435 1633 443 —
1704 399 1977 462 273—

402 591 562 653 dum
608 595 673 652 in
719 610 911 652 carne
976 593 1239 663 uiueret,
1286 591 1523 651 habere
1592 593 1942 652 meruimus
2008 609 2334 671 quamque
2402 591 2802 652 fundamenti
2875 591 3120 653 ordinis

404 704 695 766 eiusdem
756 703 1040 783 lapidem
1100 706 1473 783 primarium
1534 707 1851 778 nouimuS,
1894 714 2037 764 toto
2083 703 2402 765 desiderio
2449 722 2846 778 ueneramur,
2891 723 3006 764 vos
3054 714 3118 765 et

404 828 667 893 ceteraS,
734 836 896 897 quas
962 817 1271 897 speciales
1340 817 1499 882 filias
1560 827 1626 878 et
1670 819 2038 878 imitatrices
2107 819 2301 896 ipsius
2369 816 2709 890 credimuS,
2777 817 3119 878 habuimus

405 932 720 992 hactenus
776 934 1039 992 caritate
1098 933 1403 1010 precipua
1448 931 1957 992 commendatas.
2005 931 2358 1009 Postquam
2424 948 2578 990 uero
2633 931 2829 1008 ipsius
2877 930 3121 991 ordinis

404 1063 623 1106 curam
670 1047 903 1105 nostris
948 1044 1095 1105 licet
1140 1043 1458 1105 debilibus
1502 1044 1781 1105 humeris
1841 1044 2196 1124 apostolica
2243 1043 2430 1104 sedes
2476 1043 2799 1122 imposuit,
2832 1047 3118 1105 excreuit

403 1157 637 1218 eadem
684 1159 909 1218 caritas
941 1168 1316 1237 quantoque
1350 1176 1469 1218 nos
1499 1157 1710 1218 eidem
1744 1157 1952 1218 ordini
1983 1158 2504 1239 recognoscimus
2541 1157 2735 1217 artius
2781 1157 3118 1239 obligatOS,

401 1281 588 1330 tanto
634 1271 925 1331 solertius
970 1281 1166 1348 atque
1210 1270 1508 1331 libentius
1562 1290 1688 1350 que
1720 1273 1945 1332 uestris
1991 1270 2431 1332 honestatibus
2477 1269 2784 1348 expedire
2815 1288 2890 1331 ac
2927 1271 3116 1332 uobis

403 1386 798 1445 extimamus
842 1385 1035 1458 utilia,
1079 1403 1515 1462 procuramus.
1562 1383 1733 1446 Sane
1781 1385 1930 1463 quia
1976 1403 2092 1463 pro
2140 1383 2565 1460 spiritualibus
2625 1382 3008 1445 exhibendis
3054 1394 3118 1445 et

406 1497 789 1576 recipiendis
834 1497 1159 1577 obsequiis
1203 1498 1370 1558 inter
1414 1507 1698 1558 uestrum
1746 1506 1811 1558 et
1857 1496 2237 1557 dilectorum
2285 1499 2347 1556 in
2395 1493 2647 1558 Christo
2691 1496 2954 1556 fratrum
3003 1497 3122 1558 Mi-

406 1629 638 1671 norum
686 1609 943 1671 ordines
990 1609 1385 1671 dissensione
1432 1610 1693 1670 suborta
1756 1611 1962 1670 uarias
2029 1609 2428 1670 turbationes
2473 1619 2538 1669 et
2583 1627 2812 1690 graues
2857 1629 2975 1671 uos
3021 1629 3123 1671 su-

404 1725 731 1785 stinuissse
792 1726 1211 1802 percepimuS,
1273 1724 1425 1784 dare
1487 1723 1847 1784 studuimus
1909 1741 2174 1802 operam
2237 1721 2586 1794 efficacem,
2633 1732 2701 1783 ut
2749 1722 3118 1784 huiusmodi

406 1836 803 1896 dissensione
862 1839 1072 1916 sopita
1137 1836 1330 1897 iidem
1390 1837 1613 1896 fratres
1674 1845 1995 1916 oportuna
2057 1837 2402 1896 ministeria
2463 1836 2546 1895 de
2610 1836 2864 1913 speciali
2915 1839 3118 1918 gratia

406 1949 595 2011 uobis
662 1948 1127 2028 impenderent,
1189 1967 1433 2029 vosque
1491 1948 1768 2011 fraudari
1836 1949 2192 2010 eorundem
2262 1949 2530 2008 fratrum
2590 1948 2915 2009 beneficiis
2985 1968 3115 2010 non

405 2065 694 2142 possetis
740 2061 805 2124 A
850 2062 1193 2123 uenerabili
1260 2064 1447 2144 igitur
1494 2065 1629 2123 uiro
1674 2062 1864 2122 fratre
1913 2062 1980 2122 B.
2027 2061 2268 2122 ordinis
2327 2061 2806 2123 Predicatorum
2854 2063 3118 2123 fratrum

404 2175 682 2257 generali
752 2177 1041 2236 ministro
1112 2175 1425 2254 quasdam
1494 2176 1852 2253 recepimus
1924 2175 2161 2235 litteras
2221 2174 2450 2234 eadem
2518 2177 2864 2236 ministeria
2910 2180 3120 2255 expri-

402 2299 670 2362 mentes,
716 2306 842 2366 que
888 2297 957 2348 ut
1004 2288 1088 2347 ab
1132 2290 1283 2367 ipsis
1342 2286 1638 2348 fratribus
1698 2287 1954 2349 liberius
1999 2299 2062 2348 et
2111 2288 2408 2348 libentius
2471 2289 2658 2348 uobis
2704 2289 2962 2350 ualeant
3009 2307 3120 2349 ex-

400 2401 620 2474 hiberi,
666 2400 981 2474 uolumus,
1028 2412 1095 2461 ut
1156 2400 1399 2462 eisdem
1462 2400 1759 2461 fratribus
1819 2403 2186 2462 cautionem
2248 2401 2542 2480 prestetis
2605 2403 2787 2462 iuxta
2841 2401 3118 2461 formam

402 2515 663 2575 inferius
708 2524 1105 2574 annotatam.
1155 2515 1351 2574 Porro
1398 2513 1823 2588 attendenteS‚
1856 2514 2036 2594 quod
2082 2515 2292 2593 alique
2339 2517 2529 2576 uestri
2577 2515 2816 2575 ordinis
2864 2514 3115 2578 diuersa

400 2627 875 2706 professionum
946 2638 1098 2688 uota
1130 2636 1133 2647 ’
1166 2646 1356 2705 super
1430 2626 1695 2687 diuersis
1772 2627 2004 2707 regulis
2070 2628 2203 2688 siue
2268 2628 2489 2689 formis
2561 2629 2680 2688 sub
2749 2628 3120 2689 diuersitate

400 2751 767 2819 temporum
854 2743 1217 2812 emiserunt,
1310 2750 1533 2818 utpote
1617 2759 1808 2819 super
1875 2741 2162 2821 regulam
2247 2741 2418 2802 beati
2503 2741 2847 2815 Benedicti,
2910 2761 3108 2819 quam

400 2855 716 2936 ignorant,
778 2872 897 2914 nec
958 2855 1151 2914 etiam
1198 2852 1458 2927 habent,
1505 2863 1572 2913 ut
1633 2853 1970 2923 credimuS,
2031 2863 2094 2913 et
2157 2853 2414 2915 uiuendi
2461 2853 2734 2915 formula
2795 2873 2963 2934 pene
3003 2857 3118 2915 im-

398 2966 696 3047 portabili
742 2967 897 3028 olim
943 2987 980 3026 a
1029 2967 1225 3027 felicis
1284 2966 1745 3027 recordationis
1808 2965 2077 3027 domino
2140 2964 2451 3047 Gregorio
2498 2985 2667 3045 papa
2713 2986 2909 3041 non0,
2957 2968 3115 3028 dum

400 3090 567 3141 esset
611 3082 675 3141 in
721 3081 950 3141 minori
996 3078 1201 3140 offitio
1248 3082 1647 3153 constitutuS,
1694 3078 1902 3139 ordini
1971 3089 2184 3139 uestro
2232 3078 2462 3140 tradita
2509 3088 2573 3139 et
2619 3097 2944 3154 concessa,
2993 3100 3112 3141 nec

400 3212 531 3253 non
578 3204 643 3254 et
690 3191 971 3272 quadam
1017 3192 1139 3252 alia
1185 3191 1419 3273 regula,
1464 3210 1660 3270 quam
1708 3191 2016 3252 nonnulle
2081 3210 2332 3252 sorores
2393 3201 2769 3270 receperunt
2815 3203 3114 3272 tempore

399 3306 613 3367 inclite
675 3308 983 3366 memorie
1046 3304 1291 3365 domini
1354 3305 1710 3365 Innocentii
1776 3324 1944 3384 pape
2005 3306 2230 3385 quarti.
2279 3304 2590 3386 Regulam
2638 3307 2844 3384 prime
2890 3307 3116 3379 forme,

398 3418 609 3480 ordini
656 3429 869 3479 uestro
916 3437 1237 3491 concesse,
1286 3428 1599 3494 quantum
1644 3420 1949 3478 conuenit
1997 3420 2306 3479 uniuersis
2351 3428 2415 3478 et
2461 3437 2652 3479 sensu
2708 3419 3115 3480 conformem

399 3534 459 3591 in
508 3532 833 3593 nonnullis
893 3542 1111 3592 tamen
1174 3531 1619 3610 asperitatibus
1664 3540 1729 3591 et
1774 3529 2214 3611 rigiditatibuS,
2261 3540 2452 3610 prout
2521 3532 2877 3592 animarum
2927 3532 3116 3594 saluti

398 3655 459 3704 et
507 3644 818 3705 debilitati
864 3663 1208 3722 corporum
1258 3646 1551 3725 congruit
1597 3654 2046 3722 temperatam,
2079 3643 2462 3705 discretione
2507 3648 2828 3724 precipua,
2873 3646 3114 3707 discus-

396 3760 578 3817 sione
624 3757 911 3837 prouida,
974 3757 1299 3838 diligentia
1361 3759 1823 3835 circumspecta
1870 3768 1935 3817 et
1983 3766 2234 3817 maturo
2296 3757 2562 3817 consilio
2608 3758 2956 3831 conditam,
3003 3778 3118 3838 per

396 3872 870 3932 sanctissimum
916 3880 1167 3949 patrem
1216 3869 1553 3929 dominum
1602 3880 1892 3929 nostrum
1929 3870 2263 3931 Vrbanum
2298 3888 2534 3949 papam
2569 3882 2886 3951 quartum,
2921 3875 3115 3933 uestri

397 3983 639 4044 ordinis
684 3984 1050 4059 celatorem,
1096 3984 1579 4062 procurauimus
1625 3982 1812 4043 uobis
1858 3982 2012 4057 dari,
2058 4000 2172 4061 per
2219 4000 2414 4062 quam
2472 3983 2654 4043 saluti
2705 3995 2915 4045 uestre
2961 4003 3116 4045 con-

394 4096 635 4171 sulitur,
680 4096 1003 4177 religionis
1048 4096 1351 4156 honestas
1397 4095 1691 4156 indicitur
1723 4106 1786 4156 et
1819 4096 2088 4156 docetur
2119 4107 2185 4155 et
2216 4114 2346 4155 non
2393 4095 2601 4155 solum
2651 4108 2861 4156 uestra
2892 4098 3116 4179 religio

394 4218 695 4270 censetur
757 4209 1155 4270 uniformiter
1217 4209 1631 4281 nominanda,
1676 4227 1897 4269 uerum
1950 4211 2012 4269 in
2061 4208 2282 4268 habitu
2327 4219 2389 4268 et
2438 4211 2664 4269 ceteris
2718 4210 3112 4290 regularibus

392 4322 745 4401 disciplinis
808 4322 1215 4383 obseruantia
1277 4322 1546 4381 traditur
1614 4322 1962 4382 uniformis.
2011 4322 2091 4382 Et
2139 4333 2209 4383 ut
2256 4320 2478 4381 futuris
2524 4322 3114 4400 perturbationibus

393 4436 691 4496 obuietur
760 4454 837 4495 ac
903 4435 1205 4514 predictis
1272 4435 1586 4507 fratribuS,
1634 4453 1911 4513 quorum
1981 4435 2246 4495 consilio
2317 4443 2380 4494 et
2448 4434 2690 4494 auxilio
2753 4434 3114 4495 admodum

395 4548 709 4629 indigetiS,
755 4550 1217 4627 approximetis
1265 4549 1325 4608 in
1372 4558 1699 4627 posterum
1750 4557 1812 4607 et
1859 4549 1976 4626 ipsi
2022 4560 2286 4627 propter
2331 4547 2766 4607 diuersitatem
2821 4550 3102 4627 capitum

396 4680 527 4721 non
576 4661 980 4740 obsequendi
1015 4660 1199 4721 uobis
1231 4662 1560 4720 materiam
1596 4678 1725 4720 non
1759 4671 2107 4734 assumant,
2147 4660 2316 4720 idem
2351 4680 2464 4739 per
2485 4660 2772 4723 ,eandem
2819 4662 3108 4743 regulam

397 4773 477 4833 de
522 4784 929 4834 sacrosancte
990 4792 1256 4834 romane
1318 4773 1583 4834 ecclesie
1630 4772 2057 4833 cardinalibus
2101 4773 2287 4834 uobis
2333 4775 2659 4852 perpetuis
2704 4774 3106 4853 temporibus

393 4886 770 4947 conceditur
815 4884 1169 4959 cardinalis,
1216 4887 1326 4965 qui
1373 4886 1637 4946 fratrum
1682 4885 2129 4967 gubernationi
2177 4886 2498 4947 dictorum
2543 4887 2730 4947 fuerit
2776 4905 2894 4965 pro
2940 4897 3104 4947 tem-

394 5018 553 5078 pore
600 5017 713 5078 per
759 4999 979 5061 sedem
1028 5000 1449 5078 apostolicam
1496 4998 1857 5078 deputatus,
1896 5018 2012 5078 per
2057 5017 2254 5078 quem
2299 5001 2492 5059 etiam
2541 4998 2927 5059 cardinalem
2976 5010 3110 5059 tam

396 5112 459 5171 in
524 5131 795 5173 romana
863 5114 1051 5186 curia,
1113 5131 1308 5190 quarn
1378 5114 1441 5171 in
1514 5113 1669 5171 orbe
1738 5114 1931 5171 etiam
2003 5114 2298 5173 vniuerso
2367 5111 2529 5172 ordo
2593 5120 2802 5171 uester
2862 5114 3110 5193 protegi

486 5244 627 5286 coo.
661 5244 823 5286 mm„
852 5244 915 5286 v.
2939 5224 3016 5286 18
