3797 5795
1729 390 2143 453 —110—

581 600 696 659 per
743 579 990 641 nobiles
1021 593 1200 653 terre,
1245 581 1390 642 ideo
1436 600 1624 661 super
1671 584 1800 660 ipsa
1849 581 2157 661 particula
2204 591 2367 640 terre
2412 600 2450 640 a
2496 578 2635 641 filiis
2676 578 2831 659 Jaco
2886 577 3291 640 reambulata

581 704 645 755 et
691 713 882 773 super
926 694 1061 755 aliis
1106 696 1284 755 terris
1329 693 1600 755 filiorum
1635 694 1782 771 laco
1814 694 2206 755 hereditariis
2250 702 2631 772 perpetuum
2678 692 3009 752 silencium
3054 692 3179 752 litis
3217 704 3285 751 et

579 808 849 868 actionis
894 810 1042 886 ipsis
1087 808 1532 889 iobagionibus
1577 809 1762 868 castri
1809 809 2233 886 imponentes,
2280 808 2566 867 misimus
2610 804 2937 866 hominem
2986 815 3280 865 nostrum

580 920 887 981 idoneum
934 938 1082 981 cum
1129 920 1388 981 homine
1433 919 1692 999 capituli
1723 930 1786 981 et
1820 921 2106 981 misimus
2150 920 2353 980 eciam
2401 936 2628 979 omnes
2676 919 3045 1000 iobagiones
3090 918 3285 977 castri

579 1051 770 1111 super
830 1032 1000 1094 illam
1063 1034 1434 1113 particulam
1496 1043 1660 1094 terre
1721 1032 2115 1094 reambulate
2177 1043 2239 1094 et
2286 1051 2475 1111 super
2520 1050 2748 1093 omnes
2793 1041 2989 1113 terras
3034 1029 3287 1091 heredi-

580 1147 770 1205 tarias
815 1147 1098 1224 ipsorum
1144 1145 1416 1207 filiorum
1456 1145 1630 1226 Jaco,
1677 1146 1913 1207 scilicet
1960 1156 2094 1207 tam
2124 1164 2315 1225 super
2346 1156 2511 1207 terra
2540 1146 2740 1205 sancti
2774 1140 3033 1225 Georgii
3082 1160 3285 1221 quam

579 1277 769 1337 super
815 1270 978 1320 terra
1024 1257 1327 1333 Scelniza‚
1375 1270 1442 1319 ut
1488 1260 1819 1320 circuirent
1881 1278 1991 1321 eas
2050 1278 2269 1320 coram
2338 1258 2798 1331 commetaneis
2844 1268 2908 1316 ct
2954 1257 3173 1316 vicinis
3218 1268 3287 1315 et

581 1382 785 1432 metas
829 1390 1048 1433 earum
1111 1374 1296 1433 nobis
1341 1374 1406 1433 in
1451 1374 1698 1451 scriptis
1756 1382 2170 1450 reportarent,
2216 1382 2285 1432 ut
2332 1388 2451 1430 nos
2496 1388 2643 1431 cum
2712 1369 3011 1450 privilegii
3084 1370 3283 1429 nostri

577 1486 933 1563 patrocinio
978 1482 1516 1559 confirmaremuS,
1563 1485 1786 1563 quod.
1833 1532 1845 1543 .
1893 1532 1906 1543 .
1955 1486 2117 1546 inter
2158 1484 2531 1565 iobagiones
2568 1484 2753 1543 castri
2798 1491 2863 1543 et
2908 1492 3285 1551 castrenseS‚

577 1615 654 1657 ac
699 1600 872 1676 ipsos
917 1595 1078 1657 filios
1116 1594 1270 1677 Jaco
1315 1615 1505 1675 super
1549 1596 1719 1657 facto
1766 1607 2077 1657 terrarum
2126 1596 2199 1657 lis
2244 1606 2535 1657 cessaret.
2588 1594 3009 1657 Postmodum
3056 1602 3277 1654 autem

579 1710 751 1770 idem
797 1707 1094 1771 Andreas
1137 1728 1358 1771 comes
1389 1719 1452 1769 et
1485 1728 1712 1771 omnes
1757 1710 2132 1791 iobagiones
2175 1711 2361 1770 castri
2409 1728 2485 1769 ac
2528 1710 2958 1769 commetanei
2998 1709 3281 1785 ipsarum

579 1832 888 1883 terrarum
937 1822 1020 1883 ad
1053 1840 1172 1882 nos
1217 1823 1558 1884 redeuntes
1601 1822 1938 1884 dixerunt:
1986 1822 2161 1901 quod
2209 1823 2574 1883 circuissent
2620 1834 2855 1881 terram
2903 1820 3101 1880 sancti
3150 1816 3281 1881 Ge·

577 1936 735 2016 orgii
780 1946 846 1996 et
891 1945 1120 1996 terram
1191 1933 1472 1997 Szelniza
1516 1955 1632 2015 per
1675 1946 1884 1996 totum
1934 1946 1997 1996 et
2044 1953 2231 2014 super
2279 1936 2464 1995 metis
2508 1952 2727 1994 earum
2774 1932 2984 1994 nullus
3030 1943 3283 1993 eontra-

577 2047 840 2109 dixisset
885 2057 948 2109 et
995 2049 1198 2109 eciam
1246 2066 1365 2109 nos
1410 2066 1560 2109 cum
1605 2048 1977 2109 fecissemus
2024 2050 2083 2108 in
2132 2050 2461 2127 presencia
2507 2048 2796 2107 omnium
2861 2046 3280 2127 iobagionum

577 2163 762 2221 castri
809 2170 874 2221 et
919 2161 981 2220 in
1026 2163 1353 2241 presencia
1421 2172 2020 2223 commetaneorum
2092 2161 2215 2243 legi
2284 2162 2451 2240 ipsas
2522 2172 2743 2233 metas
2805 2158 3013 2220 nullus
3071 2161 3279 2219 eciam

576 2292 795 2334 coram
828 2274 1014 2333 nobis
1045 2273 1448 2347 contradixit,
1475 2276 1674 2335 immo
1722 2293 1951 2335 omnes
1998 2292 2329 2335 assensum
2360 2274 2767 2353 prebuerunt.
2804 2272 2885 2333 Et
2910 2274 3281 2351 priusquam

578 2405 709 2447 non
777 2386 893 2447 suit
960 2386 1449 2459 contradictum,
1495 2405 1614 2447 nos
1683 2396 1886 2448 metas
1955 2397 2119 2448 terre
2186 2389 2387 2447 sancti
2451 2384 2707 2467 Georgii
2756 2397 2819 2445 et
2866 2395 3069 2446 metas
3112 2396 3278 2445 terre

573 2497 854 2561 Szelniza
899 2501 962 2559 in
1007 2518 1270 2579 presens
1338 2499 1760 2581 privilegium·
1803 2502 2081 2561 seriatim
2150 2510 2483 2578 ponenteS,
2550 2501 2718 2579 ipsas
2763 2509 2960 2559 terras
3006 2500 3069 2558 in
3114 2515 3279 2576 pace

574 2614 723 2690 ipsis
768 2611 908 2673 filiis
947 2611 1102 2692 Jaco
1147 2622 1480 2691 tamquam
1527 2611 1939 2674 hereditarias
1984 2614 2368 2692 reliquimus
2402 2600 2609 2673 Prima
2658 2614 2841 2693 igitur
2890 2620 3061 2671 meta
3107 2621 3273 2671 terre

572 2726 771 2785 sancti
819 2722 1076 2806 Georgii
1124 2727 1340 2805 incipit
1385 2726 1469 2787 de
1518 2725 2063 2807 Cremenagoriza,
2108 2726 2193 2786 ab
2240 2728 2482 2785 oriente
2527 2735 2743 2784 autem
2789 2740 3273 2784 commetaneus

572 2847 669 2899 est
713 2856 934 2900 comes
1002 2836 1274 2900 Michael
1321 2850 1385 2900 et
1430 2859 1467 2900 a
1515 2841 1974 2919 septemtrione
2040 2848 2186 2900 sunt
2236 2836 2537 2902 Cruciseri
2602 2836 2684 2897 de
2746 2846 2970 2897 sancto
3028 2834 3278 2916 Joanne

575 2955 1001 3012 commetanei
1066 3000 1078 3012 .
1143 3000 1154 3010 .
1219 2999 1230 3012 .
1292 2952 1710 3031 postmodum
1783 2952 1956 3013 vadit
2025 2963 2088 3012 et
2158 2951 2488 3012 descendit
2556 2951 2641 3011 ad
2708 2950 3035 3011 meridiem
3086 2967 3277 3028 super

573 3062 868 3124 Zotischa
935 3066 996 3124 in
1066 3083 1306 3146 magno
1374 3067 1609 3144 spaci0‚
1676 3065 1759 3125 ab
1828 3067 2075 3126 oriente
2140 3074 2629 3125 commetaneus
2688 3081 2837 3124 suus
2898 3074 2991 3122 est
3056 3079 3278 3122 comes

574 3175 843 3237 Michael
907 3187 971 3238 et
1015 3178 1080 3238 in
1125 3176 1252 3239 fine
1299 3176 1555 3239 Zotizka
1623 3189 1720 3238 est
1787 3178 1979 3256 arbor
2043 3179 2159 3257 piri
2222 3189 2286 3238 et
2332 3178 2417 3237 ibi
2462 3187 2559 3237 est
2607 3187 2776 3236 meta
2824 3185 3026 3235 terrea
3072 3186 3139 3235 et
3184 3175 3270 3234 ibi

573 3290 850 3370 iungitur
895 3289 978 3350 ad
1025 3301 1257 3352 terram
1327 3291 1683 3372 iobagionis
1750 3293 1937 3352 castri
1998 3292 2260 3351 nomine
2324 3289 2639 3362 chhina,
2686 3289 2835 3349 inde
2894 3299 3111 3349 autem
3160 3290 3273 3347 eri-

572 3402 738 3482 gitur
797 3401 880 3462 ad
941 3402 1341 3464 occidentem
1412 3422 1600 3482 super
1663 3415 1973 3477 montem,
2015 3404 2129 3464 ubi
2196 3415 2292 3464 est
2362 3403 2552 3463 arbor
2618 3420 2890 3482 quercus
2936 3411 2998 3462 et
3046 3402 3129 3461 ibi
3178 3411 3272 3460 est

575 3523 748 3574 meta
813 3524 1036 3590 terrea,
1080 3515 1230 3576 inde
1297 3527 1511 3577 autem
1559 3516 1642 3577 de
1688 3535 1927 3596 quercu
1986 3535 2100 3595 per
2160 3527 2366 3576 metas
2410 3515 2581 3575 vadit
2627 3515 2712 3574 ad
2758 3514 3162 3575 occidentem
3208 3525 3273 3574 et

574 3626 745 3687 cadit
792 3629 855 3686 in
903 3626 1086 3688 Birch
1133 3638 1197 3688 et
1243 3630 1306 3689 in
1356 3627 1534 3689 Birch
1583 3638 1678 3689 est
1725 3631 1824 3690 via
1870 3647 1997 3690 una
2066 3631 2241 3690 iuxta
2314 3648 2505 3708 quam
2574 3639 2668 3688 est
2730 3629 2919 3688 arbor
2977 3629 3111 3707 piri,
3155 3626 3274 3687 sub

573 3758 702 3820 qua
745 3749 840 3801 est
887 3747 1059 3800 meta
1103 3751 1166 3802 et
1213 3741 1316 3803 illa
1361 3743 1461 3802 via
1505 3742 1678 3803 vadit
1747 3741 1831 3803 ad
1904 3742 2236 3802 meridiem
2282 3752 2347 3802 et
2392 3740 2851 3820 aliquantulum
2902 3739 3118 3801 eundo
3163 3739 3275 3800 de—

572 3853 767 3914 clinat
809 3853 893 3913 ad
939 3853 1255 3914 sinistram
1301 3863 1366 3915 et
1412 3854 1581 3915 cadit
1627 3857 1688 3914 in
1738 3854 1969 3916 vallem
2038 3857 2099 3915 in
2163 3873 2289 3933 qua
2358 3865 2505 3916 sunt
2575 3864 2745 3915 mete
2816 3863 3017 3914 terree
3062 3861 3127 3912 et
3172 3851 3276 3912 illa

573 3964 752 4026 vallis
795 3967 994 4046 vergit
1039 3965 1122 4027 ad
1169 3967 1501 4028 meridiem
1533 3977 1596 4028 et
1627 3967 1712 4028 ibi
1743 3969 1826 4028 ab
1857 3970 2105 4030 oriente
2150 3977 2633 4028 commetaneus
2665 3985 2813 4028 suus
2846 3978 2941 4027 est
2976 3965 3275 4027 chhina

573 4090 638 4139 et
684 4078 834 4139 inde
876 4081 1165 4158 pervenit
1210 4099 1400 4159 supra
1445 4082 1660 4141 vineas
1706 4080 1980 4142 filiorum
2020 4080 2177 4160 Jaco
2224 4091 2289 4142 et
2335 4081 2419 4140 ibi
2468 4083 2529 4142 in
2580 4091 2803 4140 monte
2836 4097 3027 4158 supra
3057 4079 3273 4138 vineas

573 4201 668 4252 est
701 4201 873 4252 meta
903 4201 1123 4252 terrea.
1157 4191 1410 4254 Deinde
1441 4211 1656 4254 versus
1688 4193 2021 4254 meridiem
2053 4194 2386 4276 pergendo
2428 4195 2716 4272 pervenit
2746 4192 2830 4254 ad
2862 4193 3271 4274 iobagionem

573 4305 760 4366 castri
805 4305 1068 4366 nomine
1114 4305 1376 4367 Mortun
1422 4305 1620 4367 filium
1670 4304 1885 4369 Curda
1930 4315 1993 4367 et
2024 4307 2130 4368 ille
2162 4306 2473 4368 Martinus
2518 4317 2613 4366 est
2660 4315 3146 4366 commetaneus
3191 4303 3274 4363 ab

572 4419 835 4491 oriente,
879 4417 1112 4479 deinde
1159 4419 1442 4480 tenendo
1488 4421 1695 4498 ipsum
1745 4418 2091 4480 Martinum
2137 4429 2659 4480 commetaneum
2706 4417 3053 4498 paululum,
3100 4416 3285 4477 vadit*

574 4530 656 4590 de
702 4541 875 4591 meta
914 4531 1000 4592 ad
1031 4543 1235 4593 metas
1281 4551 1469 4611 super
1515 4531 1717 4610 Birch,
1761 4535 1923 4593 sicut
1968 4533 2140 4593 idem
2190 4532 2374 4594 Birch
2420 4532 2661 4606 dividit,
2707 4530 2942 4592 deinde
2985 4531 3273 4610 pervenit

572 4642 656 4703 ad
702 4644 996 4704 arborem
1065 4644 1391 4706 berekuna
1435 4647 1556 4706 sub
1601 4665 1728 4725 qua
1775 4656 1872 4706 est
1920 4654 2091 4706 meta
2160 4655 2379 4720 terrea,
2449 4645 2683 4706 deinde
2752 4646 2869 4705 sub
2939 4647 3123 4705 vinea
3190 4643 3275 4704 ad

572 4755 976 4817 occidentem
1036 4760 1324 4835 pervenit
1369 4757 1455 4818 ad
1499 4757 1769 4818 rivulum
1839 4757 2083 4832 Blatna,
2130 4757 2236 4818 ubi
2283 4769 2377 4819 est
2424 4758 2613 4818 arbor
2657 4768 2935 4839 gertean,
2979 4757 3099 4818 sub
3150 4775 3275 4836 qua

572 4880 668 4930 &st
713 4881 886 4930 meta
932 4880 1152 4944 terrea,
1197 4871 1304 4930 ubi
1351 4872 1545 4931 sumit
1589 4869 1708 4932 sibi
1753 4881 2275 4932 commetaneum
2339 4869 2675 4931 Nicolaum
2740 4870 2937 4932 filium
2984 4867 3273 4951 Gregorii

572 4981 816 5062 pugili5‚
861 4982 1096 5043 deinde
1141 4992 1355 5043 autem
1405 5001 1518 5061 per
1564 4992 1768 5043 metas
1813 4983 2099 5044 ascendit
2147 4983 2232 5045 ad
2278 4984 2683 5044 occidentem
2729 4986 2792 5043 in
2837 4981 3275 5050 monticulum.

572 5094 682 5154 ubi
726 5104 822 5155 est
867 5097 1059 5156 arbor
1103 5094 1276 5170 nirfa‚
1308 5095 1430 5156 sub
1475 5113 1601 5174 qua
1633 5107 1728 5157 est
1761 5110 1934 5156 meta
1978 5107 2200 5170 terrea,
2247 5096 2481 5157 deinde
2526 5108 2744 5157 autem
2790 5095 3120 5157 descendit
3158 5113 3275 5173 per

3762 1201 3777 1217 .-
3762 1050 3777 1197 2—--
3773 1022 3775 1031 „
3773 982 3775 993 -
3773 936 3775 943 .
