3797 5795
684 571 805 625 551.

684 790 804 844 552.

685 1008 804 1062 553.

686 1229 805 1278 554.

685 1442 806 1495 555.

683 1955 805 2009 557.

679 2248 802 2303 558.

680 2640 799 2695 559.

680 3164 798 3218 561.

679 3381 799 3434 562.

680 3590 799 3644 563.

680 3789 799 3845 564.

678 3989 797 4046 565.

680 4191 783 4246 566

678 4479 796 4533 567.

674 4791 794 4845 569.

674 4991 793 5045 570.

1829 384 2242 447 ...644-

845 572 1001 628 1256.
1036 572 1095 627 4.
1132 570 1257 626 111111.
1293 572 1554 641 nanneno.
1591 570 1857 625 Clemens
1892 572 2142 625 Tritonis
2179 572 2268 624 ius
2305 571 2588 625 vendendi
2641 571 2775 625 salis
2813 588 2846 625 a
2883 572 3108 625 civitate
3145 572 3250 624 Ra-

894 659 1097 729 gusina
1131 664 1402 727 emptum,
1440 659 1635 712 vendit
1671 660 1868 713 comiti
1911 659 2202 729 Ragusino
2243 661 2505 712 Andreae
2541 660 2615 711 de
2653 661 2810 713 Auro
2859 698 3220 713 ......

844 790 997 845 1256.
1056 790 1109 845 5.
1157 790 1281 845 111111.
1342 790 1603 858 1118011080.
1659 789 1950 858 Johannes
2010 790 2479 857 archiepiscopus
2529 790 2852 858 Ragusinus
2913 788 3213 842 consilium

896 878 1123 947 Ragusa
1158 878 1401 930 abeundi
1440 878 1611 945 capit,
1651 892 1819 945 quem
1860 878 2138 945 Ragusini
2179 876 2466 944 suplicant
2501 883 2564 929 ut
2602 882 2833 929 maneat
2863 914 3220 929 ......

842 1007 999 1063 1256.
1036 1007 1107 1062 17.
1142 1007 1268 1062 111111.
1304 1005 1591 1075 Ausoniae.
1652 1007 1977 1061 Alexander
2027 1002 2306 1075 IV.'papa
2343 1007 2772 1077 magistratibus
2834 1004 3222 1074 spiritualibus

894 1102 951 1147 et
988 1094 1240 1161 profanis
1277 1094 1535 1147 ordinem
1572 1093 1805 1147 fratrum
1841 1095 2126 1147 Minorum
2165 1094 2532 1147 commendat
2579 1130 3218 1148 ..........

845 1224 999 1280 1256.
1022 1224 1099 1279 30
1144 1224 1267 1279 111111.
1293 1223 1581 1292 Armeniae.
1617 1223 1942 1277 Alexander
1967 1224 2056 1275 IV.
2085 1240 2234 1292 papa
2260 1224 2447 1277 ordini
2473 1222 2707 1277 fratrum
2735 1224 3015 1276 Minorum
3041 1238 3212 1291 quae-

894 1313 1024 1364 dam
1062 1310 1353 1381 privilegia
1391 1312 1489 1364 dat
1536 1350 3222 1367 .........................

847 1442 999 1498 1256.
1054 1456 1236 1499 mense
1284 1443 1624 1510 septembris.
1681 1442 1938 1495 Andreas
1999 1457 2194 1495 comes
2243 1442 2676 1495 Varaidinensis
2737 1442 2811 1494 de
2871 1442 3211 1495 concambio

895 1530 1040 1582 inter
1093 1528 1422 1582 Michaelem
1478 1532 1704 1581 tratrem
1754 1530 1940 1582 Buzad
1991 1536 2049 1581 et
2099 1530 2441 1582 Lancretum
2489 1528 2662 1581 filium
2717 1529 2970 1582 eiusdem
3025 1530 3217 1583 Buzad

896 1624 1129 1684 peracto
1165 1623 1405 1669 testatur
1468 1656 3226 1670 ..........................

845 1747 996 1803 1256.
1036 1746 1116 1802 11.
1142 1747 1399 1802 00101111..
1436 1746 1592 1802 Α1110.
1629 1748 1871 1801 Dumica
1894 1746 2005 1799 filia
2031 1748 2292 1800 Damiani
2319 1747 2484 1801 Surdi
2514 1747 2863 1800 monasterio
2889 1746 2968 1801 St.
2995 1748 3212 1801 Mariae

887 1834 1123 1902 Jaderae
1158 1836 1270 1887 sito
1306 1841 1513 1886 terram
1550 1850 1712 1887 suam
1750 1834 1807 1888 in
1844 1834 2053 1888 Gilano
2089 1835 2267 1887 donat
2295 1874 3216 1889 ..............

845 1956 1001 2012 1256.
1037 1957 1164 2012 81110
1200 1956 1335 2013 1110111
1376 1957 1457 2011 13.
1494 1955 1753 2012 octobris.
1804 1955 1940 2008 Bela
1977 1972 2078 2007 rex
2113 1955 2438 2025 Hungariae
2473 1962 2530 2007 et
2569 1953 2834 2008 Croatiae
2869 1955 3072 2008 iterum
3109 1971 3206 2009 co-

893 2043 1016 2095 miti
1076 2043 1337 2096 Hudinae
1397 2043 1669 2096 donatam
1729 2042 2156 2110 possessionem
2217 2041 2586 2110 Medjurjecje
2665 2042 2812 2093 inter
2879 2042 3094 2095 Muram
3151 2048 3211 2093 et

894 2131 1137 2182 Dravam
1177 2130 1347 2182 situm
1385 2128 1681 2183 confirmat
1741 2167 3220 2183 ......................

844 2250 998 2305 1256.
1036 2251 1117 2306 18.
1153 2250 1411 2307 octobris.
1446 2250 1624 2307 Crisii.
1660 2250 1984 2318 Stephanus
2019 2251 2204 2303 banus
2239 2249 2414 2303 totius
2451 2249 2755 2303 Slavoniae
2789 2265 2856 2303 ac
2881 2251 3215 2317 capitaneus

892 2338 1112 2407 Styriae
1147 2338 1592 2391 controversiam
1630 2338 1853 2391 ratione
1890 2344 2164 2390 terrarum
2202 2336 2702 2390 haereditariarum
2739 2338 2886 2389 inter
2923 2338 3214 2391 Vukotam

894 2432 950 2477 et
986 2426 1107 2477 eius
1142 2425 1568 2495 generationem
1607 2426 1679 2477 ab
1718 2440 1845 2491 una,
1910 2440 1976 2477 ac
2029 2424 2393 2477 Miroslavum
2449 2425 2521 2477 ab
2570 2424 2746 2478 altera
2804 2425 3060 2492 partibus
3096 2441 3216 2477 ver-

892 2518 1123 2578 tentem,
1160 2513 1439 2565 divisione
1475 2513 1753 2566 dictarum
1790 2520 2065 2565 terrarum
2103 2519 2348 2579 peracta,
2387 2512 2600 2565 dirimit
2650 2552 3224 2566 .........

842 2641 995 2697 1256.
1037 2642 1117 2698 10.
1154 2643 1475 2699 novembris.
1534 2644 1828 2696 Limitatio
1880 2644 2028 2696 inter
2063 2643 2373 2696 Henricum
2427 2644 2697 2696 comitem
2747 2644 2820 2696 de
2867 2644 3122 2713 Somogy
3159 2650 3218 2695 et

892 2728 1037 2782 filios
1073 2729 1337 2783 Berislavi
1376 2730 1709 2799 iobagiones
1745 2730 1916 2783 castri
1955 2728 2138 2795 Garic‚
2189 2731 2345 2782 iussu
2379 2730 2549 2783 Belae
2597 2730 2747 2799 regis
2796 2730 3121 2800 Hungariae
3157 2737 3215 2783 et

894 2816 1155 2871 Croatiae
1184 2857 3221 2872 ..............................

842 2947 995 3002 1256.
1036 2947 1117 3003 10.
1155 2947 1472 3003 novembris.
1510 2947 1643 3000 Bela
1679 2964 1781 3000 rex
1818 2949 2141 3018 Hungariae
2177 2956 2235 3001 et
2261 2947 2524 3002 Croatiae
2559 2949 2718 3000 litem
2757 2950 2830 3002 de
2867 2950 3035 3002 metis
3069 2951 3216 3002 inter

891 3035 1197 3088 Henricum
1260 3034 1529 3088 comitem
1567 3035 1639 3088 de
1676 3034 1932 3104 Somogy
1968 3042 2024 3087 et
2061 3035 2257 3090 Kokot
2293 3035 2464 3087 filium
2517 3035 2650 3088 Zelk
2686 3036 2899 3088 dirimit
2929 3077 3220 3092 .....

841 3164 994 3220 1256.
1032 3165 1103 3219 10.
1138 3165 1456 3220 novembris.
1511 3165 1803 3218 Limitatio
1853 3166 1998 3218 inter
2045 3166 2351 3219 Henricum
2401 3167 2672 3219 comitem
2736 3168 2809 3220 de
2879 3167 3133 3236 Somogy
3193 3175 3249 3221 et

891 3251 1224 3320 iobagiones
1258 3251 1425 3304 castri
1467 3250 1636 3305 Garic
1676 3292 2806 3306 .................
2809 3321 2815 3327 ·
2863 3294 3224 3308 ......

852 3381 1000 3436 1256.
1040 3382 1120 3436 10.
1158 3382 1477 3438 novembris.
1536 3383 1669 3436 Bela
1718 3399 1819 3435 rex
1869 3384 2194 3453 Hungariae
2231 3391 2288 3436 et
2326 3382 2592 3437 Croatiae
2643 3383 2851 3436 limitat
2903 3384 3050 3437 inter
3095 3401 3216 3438 cas-

888 3477 1108 3522 trenses
1144 3477 1201 3522 et
1238 3470 1573 3537 iobagiones
1609 3471 1779 3524 castri
1819 3471 1990 3525 Garic
2091 3511 3219 3526 .................

840 3591 1113 3646 1256.11.
1149 3591 1468 3647 novembris.
1523 3593 1818 3645 Limitatio
1856 3593 2002 3645 inter
2039 3593 2348 3645 Henricum
2405 3594 2674 3646 comitem
2727 3593 2800 3646 de
2851 3593 3105 3665 Somogy
3158 3601 3217 3648 et

889 3678 1225 3746 iobagiones
1260 3679 1428 3731 castri
1468 3679 1637 3733 Garic
1667 3719 3223 3735 .......................

840 3791 981 3847 1256.
1038 3791 1119 3846 11.
1158 3791 1477 3847 novembris.
1536 3792 1829 3845 Limitatio
1890 3800 2075 3846 terrae
2132 3793 2396 3846 Lukavec
2466 3795 2611 3846 inter
2673 3793 2988 3862 Johannem
3041 3794 3214 3848 filium

888 3879 1092 3932 Vukan
1128 3885 1185 3931 et
1221 3878 1527 3931 Henricum
1566 3880 1833 3932 comitem
1873 3880 1946 3932 de
1984 3880 2240 3949 Somogy
2293 3920 3216 3936 ..............

839 3992 993 4048 1256.
1034 3992 1113 4046 11.
1151 3991 1470 4046 novembris.
1523 3991 1815 4045 Limitatio
1871 3994 2018 4045 inter
2067 3993 2379 4046 Henricum
2433 3994 2700 4049 comitem
2757 3995 2830 4050 de
2867 3995 3122 4066 Somogy
3157 4003 3218 4049 et

886 4079 1218 4148 iobagiones
1254 4079 1423 4132 castri
1462 4078 1631 4132 Garic
1658 4118 3226 4139 .......................

788 4231 800 4244 .
836 4191 990 4248 1256.
1028 4191 1093 4246 16.
1134 4192 1449 4248 decembris.
1504 4191 1637 4244 Bela
1686 4208 1789 4244 rex
1823 4193 2148 4262 Hungariae
2205 4200 2262 4244 ct
2300 4192 2565 4246 Croatiae
2602 4194 3038 4263 archiepiscopo
3075 4195 3214 4249 Stri-

887 4279 1145 4347 goniensi
1201 4279 1287 4330 ius
1325 4279 1723 4332 decimationis
1777 4279 1947 4332 etiam
1990 4279 2136 4331 ultra
2173 4279 2422 4332 Dravam
2459 4281 2554 4332 ubi
2603 4281 2878 4348 pecuniae
2931 4284 3216 4336 cuduntur

887 4366 1087 4418 asserit
1124 4373 1180 4418 et
1217 4365 1511 4418 confirmat
1600 4406 3223 4425 ........................

838 4477 994 4534 1256.
1028 4479 1117 4534 28.
1155 4479 1473 4535 decembris.
1512 4478 1733 4532 Electio
1772 4479 1997 4532 abbatis
2035 4480 2366 4532 monasterii
2405 4481 2884 4534 Lacromonensis
2931 4523 3224 4541 .....

834 4591 987 4648 1256.
1048 4591 1429 4662 Privilegiales
1481 4592 1987 4645 readiudicatoriae
2037 4591 2190 4660 regis
2237 4592 2405 4644 Belae
2454 4608 2560 4660 pro
2611 4610 2715 4646 sex
2751 4595 3216 4664 generationibus

886 4679 963 4730 de
997 4681 1271 4731 comitatu
1309 4679 1382 4732 de
1419 4677 1574 4733 Gora
1604 4717 3226 4742 .......................

837 4790 991 4847 1256.
1041 4791 1248 4844 Coram
1286 4790 1537 4859 capitulo
1575 4793 1647 4844 de
1684 4792 1902 4861 Poiega
1938 4791 2194 4845 venditio
2246 4801 2429 4846 terrae
2475 4795 2548 4846 ad
2600 4793 2890 4864 Orljavam
2928 4795 3070 4848 sitae
3107 4803 3218 4849 tes-

884 4879 1127 4932 timonio
1164 4879 1529 4931 confirmatur
1590 4917 3226 4940 ........................

839 4991 992 5046 1256.
1048 4992 1369 5060 Stephanus
1406 4993 1587 5044 banus
1624 4991 1803 5044 totius
1840 4991 2142 5044 Slavoniae
2192 5000 2249 5045 01
2289 4993 2623 5060 capitaneus
2673 4994 2896 5065 Styriae
2945 4996 3104 5050 litem
3142 4999 3216 5052 de

884 5086 1035 5129 terra
1072 5079 1367 5132 Grabrovo
1406 5077 1527 5130 selo
1565 5077 1779 5129 dirimit
1864 5117 3220 5139 ....................

3319 661 3384 711 17

3317 878 3386 927 18

3315 1096 3386 1143 19

3317 1314 3390 1363 20

3315 1838 3384 1889 23

3319 2518 3390 2567 25

3319 2822 3389 2872 26

3321 3043 3385 3092 31

3322 3261 3390 3310 32

3319 3686 3388 3736 35

3314 3888 3380 3937 37

3321 4089 3388 4136 40

3320 4490 3386 4538 43
