3797 5795
1502 391 1910 459 -553-

349 838 554 919 1270,
598 838 711 906 29.
748 839 933 923 jnla.

354 1026 647 1112 Stjepan
693 1029 885 1115 kralj
922 1030 1217 1115 ugarski
1255 1030 1290 1093 τ’
1326 1030 1645 1097 krvatskt'
1686 1030 2084 1117 potvrdjuje
2143 1030 2522 1097 darovm'cu
2567 1031 2848 1115 hercega
2892 1030 3062 1095 Bele

1231 1165 1308 1207 za
1348 1144 1593 1229 posy'ed
1632 1144 1794 1229 kraj
1838 1144 2176 1227 Jalfevca.

528 1333 895 1413 Stephanus
940 1335 1045 1396 dei
1090 1338 1302 1417 gracia
1350 1335 1699 1419 Hungarie,
1745 1336 2130 1411 Dalmathie,
2192 1334 2509 1411 Croathie,
2556 1337 2778 1409 Rame‚
2823 1334 3062 1409 Seruic,

352 1444 669 1522 Gallithie,
714 1446 1123 1530 Lodomerie,
1156 1446 1483 1525 Cumanie,
1530 1450 1954 1532 Bulgarieque
1983 1470 2117 1511 rex.
2151 1448 2473 1512 Omnibus
2506 1446 2735 1513 Christi
2767 1448 3062 1510 fidelibus

351 1570 681 1640 presentes
728 1560 963 1622 litteras
1010 1563 1384 1642 inspecturis
1451 1562 1719 1624 salutem
1771 1565 1833 1623 in
1881 1582 1962 1624 eo
2008 1565 2115 1643 qui
2162 1562 2416 1644 regibus
2462 1563 2574 1623 dat
2617 1562 2907 1623 salutem.
2952 1558 3063 1622 Ad

350 1675 790 1734 vniuersorum
851 1674 1155 1736 noticiam
1200 1686 1425 1737 tenore
1470 1679 1871 1755 presencium
1919 1677 2218 1737 uolumus
2262 1678 2626 1755 peruenire:
2691 1675 2868 1755 quod
2914 1694 3062 1736 curn

262 1780 276 1793 ’
354 1784 483 1846 deo
548 1790 837 1866 propicio
898 1787 1119 1867 adepti
1185 1791 1391 1850 tocius
1458 1791 1637 1871 regni
1705 1788 2213 1872 gubernaculum
2259 1799 2323 1850 et
2367 1792 2654 1870 regimen
2709 1788 3062 1859 fuissemuS,

354 1897 577 1960 fideles
624 1903 840 1975 nostri,
884 1900 1236 1983 capitulum
1283 1900 1721 1983 Zagrabiensis
1766 1903 2050 1977 ecclesie,
2095 1922 2212 1981 per
2255 1920 2458 1963 unum
2506 1903 2753 1962 socium
2802 1911 2867 1961 et
2911 1919 3062 1961 con-

352 2016 736 2073 canonicum
796 2014 1174 2075 eorumdem
1237 2014 1635 2076 destinarunt
1696 2015 1781 2077 ad
1845 2026 2133 2076 nostram
2200 2016 2596 2094 presenciam
2659 2013 3060 2095 priuilegium

354 2124 508 2186 Bele
553 2126 734 2187 ducis
794 2127 1010 2188 inclite
1054 2127 1525 2189 recordacionis
1585 2126 1897 2189 karissimi
1945 2128 2152 2189 fratris
2201 2130 2399 2188 nostri
2445 2145 2638 2205 super
2681 2126 2851 2187 sacto
2898 2134 3064 2186 terre

347 2237 697 2320 Jalseuech.
744 2255 1051 2321 nepotum
1086 2240 1378 2304 videlieet
1411 2240 1709 2321 Bratuoy‚
1758 2260 2032 2320 quorum
2065 2242 2330 2301 nomina
2362 2242 2424 2300 in
2457 2240 2690 2301 eodem
2730 2238 3063 2319 priuilegio

355 2362 505 2416 sunt
552 2354 785 2415 inserta
832 2352 1221 2429 confectum,
1265 2357 1579 2417 attencius
1625 2373 1744 2415 nos
1788 2364 2110 2437 rogantes,
2155 2363 2225 2414 ut
2265 2353 2438 2415 idem
2479 2352 2876 2435 priuilegium
2924 2352 3071 2411 rati-

356 2465 548 2527 ficare
594 2477 658 2527 et
705 2478 925 2528 nostro
974 2466 1381 2549 dignaremur
1444 2467 1773 2550 priuilegio
1836 2465 2231 2528 confirmare.
2296 2463 2488 2528 Cuius
2533 2475 2720 2527 tenor
2764 2465 2904 2525 talis
2949 2473 3065 2559 est3

532 2599 793 2674 (Slijedi
836 2599 1052 2657 listina
1098 2600 1327 2657 Belina
1370 2602 1458 2657 od
1486 2601 1633 2674 god.
1684 2594 1890 2675 1269).

532 2725 669 2787 Nos
712 2730 901 2809 igitur
944 2727 1029 2802 id,
1077 2728 1253 2807 quod
1299 2747 1414 2808 per
1458 2732 1667 2808 ipsum
1729 2726 2132 2789 karissimum
2180 2728 2438 2788 fratrem
2487 2737 2798 2801 nostrum,
2844 2725 3066 2787 Belam

358 2838 594 2902 ducem
652 2843 768 2902 rite
822 2852 886 2902 et
946 2842 1229 2924 legitime
1288 2852 1504 2904 aetum
1575 2843 1817 2903 exstitit
1861 2842 1927 2902 in
1973 2842 2312 2920 premissiS,
2373 2850 2583 2901 ratum
2651 2838 2962 2900 habentes
3007 2848 3071 2897 et

356 2962 714 3033 acceptum,
756 2955 1052 3034 precibus
1097 2954 1478 3016 eorumdem
1524 2953 1863 3016 liberaliter
1909 2954 2206 3028 inclinati,
2268 2953 2510 3014 dictum
2558 2953 2940 3033 priulegium
2987 2950 3070 3011 de

356 3066 561 3128 uerbo
606 3067 690 3128 ad
735 3067 1003 3128 uerbum
1050 3068 1453 3147 presentibus
1499 3070 1803 3128 insertum
1853 3066 2158 3128 duximus
2221 3064 2756 3139 confirmandum,
2801 3064 3072 3143 duplicis

354 3180 539 3262 sigilli
586 3183 783 3242 nostri
831 3183 1185 3243 munimine
1229 3181 1617 3242 roborando.
1666 3180 1908 3242 Datum
1955 3200 2070 3259 per
2118 3199 2345 3242 manus
2407 3182 2689 3261 magistri
2739 3178 3070 3243 Benedicti

359 3292 739 3356 Orodiensis
806 3296 1127 3374 prepositi,
1188 3296 1333 3357 aule
1392 3304 1609 3356 nostre
1668 3292 2164 3354 vicecancellarii
2227 3292 2441 3354 dilecti
2486 3303 2550 3353 et
2595 3291 2800 3354 fidelis
2856 3293 3071 3352 nostri.

360 3405 560 3468 Anno
590 3407 675 3467 ab
704 3409 1151 3469 incarnacione
1184 3407 1429 3469 domini
1462 3407 1801 3468 millesimo
1834 3406 2280 3469 ducentesimo
2312 3408 2804 3488 septuagesimO,
2840 3416 3070 3484 quarto

368 3518 679 3582 kalendas
723 3523 989 3602 augusti.
1034 3521 1242 3604 Regni
1290 3531 1505 3583 autem
1553 3522 1749 3581 nostri
1795 3538 1967 3581 anno
2013 3522 2238 3600 primo.

530 3712 850 3787 Oraginal
888 3735 929 3771 u
976 3713 1199 3772 arkivu
1244 3713 1493 3790 kaptola
1538 3712 1959 3787 zagrebac'kog
1983 3715 2162 3790 fasc.
2210 3713 2310 3768 23.
2360 3707 2446 3770 br.
2497 3713 2591 3768 53.

546 3817 801 3875 Τὲαἰίέί
852 3819 1127 3876 Manum.
1194 3819 1451 3894 episcop.
1510 3819 1699 3892 Zagr.
1764 3817 1811 3874 J.
1874 3817 2209 3872 152-153.
2257 3849 2342 3860 --
2395 3815 2640 3874 Wenzel
2709 3814 2852 3873 cod.
2918 3813 3071 3889 dipl.

360 3922 507 3999 Arp.
556 3923 701 3982 XII.
754 3925 850 3980 20.
901 3925 1119 3982 donosi
1162 3931 1377 3998 regest.
1428 3953 1511 3966 -—
1560 3921 1936 3996 Kukuljevic'
1974 3922 2124 3994 Reg.
2175 3939 2270 3978 no,
2323 3923 2493 3976 1008.

1663 4213 1789 4293 10.

367 4374 573 4454 1270,
616 4374 727 4440 29.
765 4373 953 4456 julo..

370 4563 660 4650 Sffepan
706 4563 897 4647 kralj
938 4561 1230 4648 ugarski
1268 4561 1303 4626 ι’
1340 4561 1660 4628 hrvatskt'
1690 4561 2091 4646 potvm‘juje
2149 4558 2419 4644 povegju
2468 4558 2694 4643 kralja
2741 4557 2907 4620 Bele
2953 4557 3077 4633 (od

696 4677 852 4763 god.
902 4681 1092 4740 1251.
1142 4679 1246 4740 24.
1297 4675 1684 4750 novembra)
1731 4673 2065 4758 uc‘injenu
2104 4673 2334 4758 gradu
2387 4658 2736 4736 Sibem'ku.

543 4841 909 4948 Stephanus
971 4869 1071 4932 dei
1134 4872 1345 4952 gracia
1410 4869 1753 4950 Hungarie,
1815 4866 2162 4940 Dalmacie‚
2219 4863 2504 4940 Croacie,
2567 4864 2790 4937 Rame,
2833 4861 3072 4937 Sei-uie,

366 4981 653 5060 Gallicie,
700 4983 1107 5058 Lodomerie,
1153 4982 1479 5056 Cumanie‚
1526 4981 1946 5063 Bulgarieque
1992 4998 2126 5052 rex,
2157 4978 2456 5040 omnibus
2502 4975 2734 5040 Christi
2780 4975 3073 5038 fidelibus

370 5107 699 5178 presentes
745 5096 983 5157 litteras
1028 5098 1403 5176 inspecturis
1448 5095 1721 5156 salutem
1768 5097 1829 5154 in
1878 5113 1958 5153 eo
2014 5094 2122 5172 qui
2169 5090 2424 5172 regibus
2471 5090 2582 5151 dat
2627 5090 2916 5152 salutem.
2966 5088 3075 5154 Ad
