<?xml version="1.0" encoding="UTF-8"?>
<!DOCTYPE html PUBLIC "-//W3C//DTD XHTML 1.0 Transitional//EN"
    "http://www.w3.org/TR/xhtml1/DTD/xhtml1-transitional.dtd">
<html xmlns="http://www.w3.org/1999/xhtml" xml:lang="en" lang="en">
 <head>
  <title>
</title>
<meta http-equiv="Content-Type" content="text/html;charset=utf-8" />
  <meta name='ocr-system' content='tesseract 3.04.00' />
  <meta name='ocr-capabilities' content='ocr_page ocr_carea ocr_par ocr_line ocrx_word'/>
</head>
<body>
  <div class='ocr_page' id='page_1' title='image "./codexdiplomatic00umjegoog_0150.png"; bbox 0 0 3797 5795; ppageno 0'>
   <div class='ocr_carea' id='block_1_1' title="bbox 1537 401 1794 463">
    <p class='ocr_par' dir='ltr' id='par_1_1' title="bbox 1537 401 1933 463">
     <span class='ocr_line' id='line_1_1' title="bbox 1537 401 1794 463; baseline 0 0"><span class='ocrx_word' id='word_1_1' title='bbox 1537 439 1573 443; x_wconf 81' lang='lat'>-</span> <span class='ocrx_word' id='word_1_2' title='bbox 1681 401 1794 463; x_wconf 72' lang='lat'>1237</span> 
     </span>
    </p>
   </div>
   <div class='ocr_carea' id='block_1_2' title="bbox 383 590 3085 1110">
    <p class='ocr_par' dir='ltr' id='par_1_2' title="bbox 383 590 3085 1110">
     <span class='ocr_line' id='line_1_2' title="bbox 386 590 3081 674; baseline 0.004 -28"><span class='ocrx_word' id='word_1_3' title='bbox 386 590 745 653; x_wconf 74' lang='lat' dir='ltr'>terminum.</span> <span class='ocrx_word' id='word_1_4' title='bbox 791 600 944 649; x_wconf 92' lang='lat' dir='ltr'>tunc</span> <span class='ocrx_word' id='word_1_5' title='bbox 1013 590 1250 651; x_wconf 77' lang='lat' dir='ltr'>debeas</span> <span class='ocrx_word' id='word_1_6' title='bbox 1320 592 1466 651; x_wconf 81' lang='lat' dir='ltr'>mihi</span> <span class='ocrx_word' id='word_1_7' title='bbox 1538 594 1896 653; x_wconf 79' lang='lat' dir='ltr'>satisfacere</span> <span class='ocrx_word' id='word_1_8' title='bbox 1958 594 2040 655; x_wconf 89' lang='lat' dir='ltr'>de</span> <span class='ocrx_word' id='word_1_9' title='bbox 2104 614 2232 655; x_wconf 93' lang='lat' dir='ltr'>non</span> <span class='ocrx_word' id='word_1_10' title='bbox 2282 598 2595 674; x_wconf 79' lang='lat' dir='ltr'>pastinata</span> <span class='ocrx_word' id='word_1_11' title='bbox 2642 598 2725 657; x_wconf 86' lang='lat' dir='ltr'>ad</span> <span class='ocrx_word' id='word_1_12' title='bbox 2772 600 3081 658; x_wconf 83' lang='lat' dir='ltr'>rationem</span> 
     </span>
     <span class='ocr_line' id='line_1_3' title="bbox 384 700 3085 780; baseline 0.004 -21"><span class='ocrx_word' id='word_1_13' title='bbox 384 702 713 778; x_wconf 84' lang='lat' dir='ltr'>pastinate.</span> <span class='ocrx_word' id='word_1_14' title='bbox 761 700 974 778; x_wconf 78' lang='lat' dir='ltr'>Quam</span> <span class='ocrx_word' id='word_1_15' title='bbox 1039 703 1294 780; x_wconf 90' lang='lat' dir='ltr'>quidem</span> <span class='ocrx_word' id='word_1_16' title='bbox 1359 716 1590 765; x_wconf 87' lang='lat' dir='ltr'>terram</span> <span class='ocrx_word' id='word_1_17' title='bbox 1654 706 1929 767; x_wconf 84' lang='lat' dir='ltr'>debeam</span> <span class='ocrx_word' id='word_1_18' title='bbox 1976 720 2039 767; x_wconf 90' lang='lat' dir='ltr'>et</span> <span class='ocrx_word' id='word_1_19' title='bbox 2086 718 2304 768; x_wconf 89' lang='lat' dir='ltr'>tenear</span> <span class='ocrx_word' id='word_1_20' title='bbox 2349 728 2495 769; x_wconf 90' lang='lat' dir='ltr'>cum</span> <span class='ocrx_word' id='word_1_21' title='bbox 2546 711 2703 771; x_wconf 87' lang='lat' dir='ltr'>meis</span> <span class='ocrx_word' id='word_1_22' title='bbox 2750 710 3085 772; x_wconf 79' lang='lat' dir='ltr'><strong>heredibus</strong></span> 
     </span>
     <span class='ocr_line' id='line_1_4' title="bbox 383 815 3085 902; baseline 0.004 -29"><span class='ocrx_word' id='word_1_23' title='bbox 383 823 448 873; x_wconf 91' lang='lat' dir='ltr'>et</span> <span class='ocrx_word' id='word_1_24' title='bbox 493 815 959 874; x_wconf 85' lang='lat' dir='ltr'>successoribus</span> <span class='ocrx_word' id='word_1_25' title='bbox 990 815 1521 895; x_wconf 85' lang='lat' dir='ltr'>discaiumpniare</span> <span class='ocrx_word' id='word_1_26' title='bbox 1550 828 1614 878; x_wconf 91' lang='lat' dir='ltr'>et</span> <span class='ocrx_word' id='word_1_27' title='bbox 1645 818 1979 881; x_wconf 85' lang='lat' dir='ltr'>defensare</span> <span class='ocrx_word' id='word_1_28' title='bbox 2026 822 2110 880; x_wconf 90' lang='lat' dir='ltr'>ab</span> <span class='ocrx_word' id='word_1_29' title='bbox 2155 824 2329 881; x_wconf 90' lang='lat' dir='ltr'>omni</span> <span class='ocrx_word' id='word_1_30' title='bbox 2380 822 2639 883; x_wconf 87' lang='lat' dir='ltr'>homine</span> <span class='ocrx_word' id='word_1_31' title='bbox 2685 836 2747 883; x_wconf 92' lang='lat' dir='ltr'>et</span> <span class='ocrx_word' id='word_1_32' title='bbox 2793 842 3085 902; x_wconf 90' lang='lat' dir='ltr'>persona,</span> 
     </span>
     <span class='ocr_line' id='line_1_5' title="bbox 386 926 3083 1008; baseline 0.004 -23"><span class='ocrx_word' id='word_1_33' title='bbox 386 936 449 985; x_wconf 91' lang='lat' dir='ltr'>te</span> <span class='ocrx_word' id='word_1_34' title='bbox 493 926 726 985; x_wconf 81' lang='lat' dir='ltr'>exinde</span> <span class='ocrx_word' id='word_1_35' title='bbox 793 926 1266 1007; x_wconf 86' lang='lat' dir='ltr'>calumpniante</span> <span class='ocrx_word' id='word_1_36' title='bbox 1334 950 1522 1008; x_wconf 87' lang='lat' dir='ltr'>super</span> <span class='ocrx_word' id='word_1_37' title='bbox 1569 950 1673 992; x_wconf 89' lang='lat' dir='ltr'>me</span> <span class='ocrx_word' id='word_1_38' title='bbox 1720 944 1782 991; x_wconf 84' lang='lat' dir='ltr'>et</span> <span class='ocrx_word' id='word_1_39' title='bbox 1829 935 2045 993; x_wconf 85' lang='lat' dir='ltr'>omnia</span> <span class='ocrx_word' id='word_1_40' title='bbox 2115 935 2285 993; x_wconf 90' lang='lat' dir='ltr'>bona</span> <span class='ocrx_word' id='word_1_41' title='bbox 2356 953 2498 994; x_wconf 89' lang='lat' dir='ltr'>mea</span> <span class='ocrx_word' id='word_1_42' title='bbox 2570 936 2782 996; x_wconf 84' lang='lat' dir='ltr'>habita</span> <span class='ocrx_word' id='word_1_43' title='bbox 2844 947 2909 997; x_wconf 90' lang='lat' dir='ltr'>et</span> <span class='ocrx_word' id='word_1_44' title='bbox 2976 936 3083 996; x_wconf 88' lang='lat' dir='ltr'>ha-</span> 
     </span>
     <span class='ocr_line' id='line_1_6' title="bbox 384 1039 3083 1110; baseline 0.004 -13"><span class='ocrx_word' id='word_1_45' title='bbox 384 1039 596 1098; x_wconf 91' lang='lat' dir='ltr'>benda</span> <span class='ocrx_word' id='word_1_46' title='bbox 644 1042 703 1099; x_wconf 87' lang='lat' dir='ltr'>in</span> <span class='ocrx_word' id='word_1_47' title='bbox 755 1040 877 1100; x_wconf 84' lang='lat' dir='ltr'>hoc</span> <span class='ocrx_word' id='word_1_48' title='bbox 922 1041 1154 1101; x_wconf 89' lang='lat' dir='ltr'>seculo.</span> <span class='ocrx_word' id='word_1_49' title='bbox 1209 1040 1446 1103; x_wconf 84' lang='lat' dir='ltr'>Actum</span> <span class='ocrx_word' id='word_1_50' title='bbox 1511 1056 1605 1103; x_wconf 87' lang='lat' dir='ltr'>est</span> <span class='ocrx_word' id='word_1_51' title='bbox 1668 1044 1784 1104; x_wconf 84' lang='lat' dir='ltr'>hoc</span> <span class='ocrx_word' id='word_1_52' title='bbox 1835 1058 1900 1105; x_wconf 91' lang='lat' dir='ltr'>et</span> <span class='ocrx_word' id='word_1_53' title='bbox 1947 1044 2263 1107; x_wconf 83' lang='lat' dir='ltr'>firmatum</span> <span class='ocrx_word' id='word_1_54' title='bbox 2328 1066 2547 1107; x_wconf 86' lang='lat' dir='ltr'>coram</span> <span class='ocrx_word' id='word_1_55' title='bbox 2594 1048 2690 1109; x_wconf 85' lang='lat' dir='ltr'>his</span> <span class='ocrx_word' id='word_1_56' title='bbox 2738 1052 2977 1110; x_wconf 87' lang='lat' dir='ltr'>vocatis</span> <span class='ocrx_word' id='word_1_57' title='bbox 3020 1061 3083 1109; x_wconf 90' lang='lat' dir='ltr'>et</span> 
     </span>
    </p>
   </div>
   <div class='ocr_carea' id='block_1_3' title="bbox 385 1153 3085 1347">
    <p class='ocr_par' dir='ltr' id='par_1_3' title="bbox 385 1153 3085 1347">
     <span class='ocr_line' id='line_1_7' title="bbox 385 1153 3085 1242; baseline 0.004 -32"><span class='ocrx_word' id='word_1_58' title='bbox 385 1163 618 1233; x_wconf 76' lang='lat' dir='ltr'>rogatis</span> <span class='ocrx_word' id='word_1_59' title='bbox 664 1154 946 1226; x_wconf 78' lang='lat' dir='ltr'>testibus,</span> <span class='ocrx_word' id='word_1_60' title='bbox 991 1154 1224 1215; x_wconf 87' lang='lat' dir='ltr'>scilicet</span> <span class='ocrx_word' id='word_1_61' title='bbox 1272 1153 1584 1237; x_wconf 82' lang='lat' dir='ltr'>Gregorio</span> <span class='ocrx_word' id='word_1_62' title='bbox 1630 1156 1758 1217; x_wconf 86' lang='lat' dir='ltr'>filio</span> <span class='ocrx_word' id='word_1_63' title='bbox 1804 1157 2081 1219; x_wconf 84' lang='lat' dir='ltr'>condam</span> <span class='ocrx_word' id='word_1_64' title='bbox 2132 1161 2383 1219; x_wconf 84' lang='lat' dir='ltr'>comitis</span> <span class='ocrx_word' id='word_1_65' title='bbox 2418 1160 2627 1238; x_wconf 88' lang='lat' dir='ltr'>Helye</span> <span class='ocrx_word' id='word_1_66' title='bbox 2659 1174 2721 1221; x_wconf 90' lang='lat' dir='ltr'>et</span> <span class='ocrx_word' id='word_1_67' title='bbox 2754 1158 3085 1242; x_wconf 69' lang='lat' dir='ltr'>Gaucigna</span> 
     </span>
     <span class='ocr_line' id='line_1_8' title="bbox 387 1264 716 1347; baseline 0.003 -24"><span class='ocrx_word' id='word_1_68' title='bbox 387 1264 470 1324; x_wconf 89' lang='lat' dir='ltr'>de</span> <span class='ocrx_word' id='word_1_69' title='bbox 517 1264 716 1347; x_wconf 63' lang='lat' dir='ltr'>Coilo.</span> 
     </span>
    </p>
   </div>
   <div class='ocr_carea' id='block_1_4' title="bbox 380 1407 3089 1936">
    <p class='ocr_par' dir='ltr' id='par_1_4' title="bbox 563 1407 1141 1483">
     <span class='ocr_line' id='line_1_9' title="bbox 563 1407 1141 1483; baseline 0.007 -20"><span class='ocrx_word' id='word_1_70' title='bbox 563 1420 582 1477; x_wconf 65' lang='grc' dir='ltr'><em>ζ</em></span> <span class='ocrx_word' id='word_1_71' title='bbox 596 1407 803 1479; x_wconf 81' lang='lat' dir='ltr'>Drugi</span> <span class='ocrx_word' id='word_1_72' title='bbox 847 1407 1141 1483; x_wconf 75' lang='lat' dir='ltr'>rukope&#39;s).</span> 
     </span>
    </p>

    <p class='ocr_par' dir='ltr' id='par_1_5' title="bbox 562 1516 2341 1601">
     <span class='ocr_line' id='line_1_10' title="bbox 562 1516 2341 1601; baseline 0.003 -24"><span class='ocrx_word' id='word_1_73' title='bbox 562 1516 699 1598; x_wconf 82' lang='lat' dir='ltr'>Ego</span> <span class='ocrx_word' id='word_1_74' title='bbox 749 1518 1017 1579; x_wconf 82' lang='lat' dir='ltr'>Michael</span> <span class='ocrx_word' id='word_1_75' title='bbox 1067 1519 1415 1601; x_wconf 64' lang='lat' dir='ltr'>Cadulinus</span> <span class='ocrx_word' id='word_1_76' title='bbox 1461 1523 1863 1582; x_wconf 82' lang='lat' dir='ltr'>examinator</span> <span class='ocrx_word' id='word_1_77' title='bbox 1910 1542 2137 1585; x_wconf 87' lang='lat' dir='ltr'>manus</span> <span class='ocrx_word' id='word_1_78' title='bbox 2186 1526 2341 1585; x_wconf 85' lang='lat' dir='ltr'>misi.</span> 
     </span>
    </p>

    <p class='ocr_par' dir='ltr' id='par_1_6' title="bbox 380 1630 3089 1936">
     <span class='ocr_line' id='line_1_11' title="bbox 560 1630 3089 1718; baseline 0.004 -28"><span class='ocrx_word' id='word_1_79' title='bbox 560 1630 696 1711; x_wconf 78' lang='lat' dir='ltr'>Ego</span> <span class='ocrx_word' id='word_1_80' title='bbox 767 1631 1036 1693; x_wconf 83' lang='lat' dir='ltr'>Michael</span> <span class='ocrx_word' id='word_1_81' title='bbox 1106 1647 1325 1693; x_wconf 83' lang='lat' dir='ltr'>sancte</span> <span class='ocrx_word' id='word_1_82' title='bbox 1395 1634 1592 1695; x_wconf 80' lang='lat' dir='ltr'>Mario</span> <span class='ocrx_word' id='word_1_83' title='bbox 1662 1638 1917 1696; x_wconf 89' lang='lat' dir='ltr'>maioris</span> <span class='ocrx_word' id='word_1_84' title='bbox 1984 1636 2247 1697; x_wconf 86' lang='lat' dir='ltr'>clericus</span> <span class='ocrx_word' id='word_1_85' title='bbox 2315 1630 2397 1698; x_wconf 66' lang='lat' dir='ltr'>et&#39;</span> <span class='ocrx_word' id='word_1_86' title='bbox 2435 1638 2759 1718; x_wconf 78' lang='lat' dir='ltr'>jadrensis</span> <span class='ocrx_word' id='word_1_87' title='bbox 2806 1642 3089 1701; x_wconf 87' lang='lat' dir='ltr'>notarius</span> 
     </span>
     <span class='ocr_line' id='line_1_12' title="bbox 380 1744 3087 1833; baseline 0.004 -31"><span class='ocrx_word' id='word_1_88' title='bbox 380 1744 626 1803; x_wconf 83' lang='lat' dir='ltr'>interfui</span> <span class='ocrx_word' id='word_1_89' title='bbox 673 1755 948 1825; x_wconf 85' lang='lat' dir='ltr'>rogatus,</span> <span class='ocrx_word' id='word_1_90' title='bbox 981 1756 1046 1805; x_wconf 92' lang='lat' dir='ltr'>ut</span> <span class='ocrx_word' id='word_1_91' title='bbox 1078 1744 1289 1807; x_wconf 83' lang='lat' dir='ltr'>audiui</span> <span class='ocrx_word' id='word_1_92' title='bbox 1341 1746 1504 1807; x_wconf 82' lang='lat' dir='ltr'>hanc</span> <span class='ocrx_word' id='word_1_93' title='bbox 1548 1760 1786 1808; x_wconf 87' lang='lat' dir='ltr'>cartam</span> <span class='ocrx_word' id='word_1_94' title='bbox 1833 1752 2070 1828; x_wconf 84' lang='lat' dir='ltr'>scripsi,</span> <span class='ocrx_word' id='word_1_95' title='bbox 2115 1752 2409 1812; x_wconf 89' lang='lat' dir='ltr'>roboraui</span> <span class='ocrx_word' id='word_1_96' title='bbox 2444 1763 2507 1812; x_wconf 91' lang='lat' dir='ltr'>et</span> <span class='ocrx_word' id='word_1_97' title='bbox 2540 1755 2723 1833; x_wconf 87' lang='lat' dir='ltr'>signo</span> <span class='ocrx_word' id='word_1_98' title='bbox 2770 1765 3087 1814; x_wconf 89' lang='lat' dir='ltr'>consueto</span> 
     </span>
     <span class='ocr_line' id='line_1_13' title="bbox 387 1858 647 1936; baseline 0 -21"><span class='ocrx_word' id='word_1_99' title='bbox 387 1858 647 1936; x_wconf 89' lang='lat' dir='ltr'>signaui.</span> 
     </span>
    </p>
   </div>
   <div class='ocr_carea' id='block_1_5' title="bbox 557 1980 1150 2059">
    <p class='ocr_par' dir='ltr' id='par_1_7' title="bbox 557 1980 1150 2059">
     <span class='ocr_line' id='line_1_14' title="bbox 557 1980 1150 2059; baseline 0.005 -21"><span class='ocrx_word' id='word_1_100' title='bbox 557 1980 954 2059; x_wconf 63' lang='lat' dir='ltr'>(lilonogram</span> <span class='ocrx_word' id='word_1_101' title='bbox 1001 1993 1119 2039; x_wconf 85' lang='lat' dir='ltr'>not.</span> <span class='ocrx_word' id='word_1_102' title='bbox 1132 2013 1150 2044; x_wconf 69' lang='lat' dir='ltr'><em>s</em></span> 
     </span>
    </p>
   </div>
   <div class='ocr_carea' id='block_1_6' title="bbox 383 2173 3089 2460">
    <p class='ocr_par' dir='ltr' id='par_1_8' title="bbox 383 2173 3089 2460">
     <span class='ocr_line' id='line_1_15' title="bbox 569 2173 3089 2251; baseline 0.002 -22"><span class='ocrx_word' id='word_1_103' title='bbox 569 2173 868 2246; x_wconf 54' lang='lat' dir='ltr'>Ortginal</span> <span class='ocrx_word' id='word_1_104' title='bbox 893 2194 932 2231; x_wconf 88' lang='lat' dir='ltr'>u</span> <span class='ocrx_word' id='word_1_105' title='bbox 966 2174 1187 2231; x_wconf 75' lang='lat' dir='ltr'>arkivn</span> <span class='ocrx_word' id='word_1_106' title='bbox 1234 2184 1592 2232; x_wconf 79' lang='lat' dir='ltr'>samostana</span> <span class='ocrx_word' id='word_1_107' title='bbox 1637 2194 1722 2231; x_wconf 51' lang='grc' dir='ltr'>δῖ’.</span> <span class='ocrx_word' id='word_1_108' title='bbox 1771 2176 2006 2251; x_wconf 79' lang='lat' dir='ltr'>Marije</span> <span class='ocrx_word' id='word_1_109' title='bbox 2053 2197 2093 2233; x_wconf 85' lang='lat' dir='ltr'>u</span> <span class='ocrx_word' id='word_1_110' title='bbox 2128 2179 2357 2234; x_wconf 83' lang='lat' dir='ltr'>Zadru.</span> <span class='ocrx_word' id='word_1_111' title='bbox 2413 2213 2493 2219; x_wconf 92' lang='lat'><strong>—</strong></span> <span class='ocrx_word' id='word_1_112' title='bbox 2541 2179 2647 2236; x_wconf 87' lang='lat' dir='ltr'>Na</span> <span class='ocrx_word' id='word_1_113' title='bbox 2693 2178 2875 2245; x_wconf 72' lang='lat' dir='ltr'>hrptu</span> <span class='ocrx_word' id='word_1_114' title='bbox 2922 2184 3089 2235; x_wconf 50' lang='lat' dir='ltr'>nesto</span> 
     </span>
     <span class='ocr_line' id='line_1_16' title="bbox 383 2278 3089 2358; baseline 0.001 -23"><span class='ocrx_word' id='word_1_115' title='bbox 383 2278 687 2354; x_wconf 71' lang='lat' dir='ltr'>kasmjom</span> <span class='ocrx_word' id='word_1_116' title='bbox 756 2278 968 2335; x_wconf 80' lang='lat' dir='ltr'>rukom</span> <span class='ocrx_word' id='word_1_117' title='bbox 988 2301 1009 2335; x_wconf 92' lang='lat'>.·</span> <span class='ocrx_word' id='word_1_118' title='bbox 1083 2282 1592 2337; x_wconf 76' lang='lat' dir='ltr'>»instrumentum</span> <span class='ocrx_word' id='word_1_119' title='bbox 1639 2282 2047 2337; x_wconf 82' lang='lat' dir='ltr'>concessionis</span> <span class='ocrx_word' id='word_1_120' title='bbox 2084 2284 2532 2357; x_wconf 76' lang='lat' dir='ltr'>pastinationis</span> <span class='ocrx_word' id='word_1_121' title='bbox 2572 2293 2691 2358; x_wconf 84' lang='lat' dir='ltr'>per</span> <span class='ocrx_word' id='word_1_122' title='bbox 2735 2284 2951 2341; x_wconf 81' lang='lat' dir='ltr'>Preste</span> <span class='ocrx_word' id='word_1_123' title='bbox 3011 2284 3089 2340; x_wconf 84' lang='lat' dir='ltr'>de</span> 
     </span>
     <span class='ocr_line' id='line_1_17' title="bbox 395 2385 2159 2460; baseline 0.001 -19"><span class='ocrx_word' id='word_1_124' title='bbox 395 2385 747 2460; x_wconf 83' lang='lat' dir='ltr'>Cotopagna</span> <span class='ocrx_word' id='word_1_125' title='bbox 796 2386 1169 2441; x_wconf 79' lang='lat' dir='ltr'>l&#39;riuoslauo</span> <span class='ocrx_word' id='word_1_126' title='bbox 1215 2387 1280 2441; x_wconf 87' lang='lat' dir='ltr'>in</span> <span class='ocrx_word' id='word_1_127' title='bbox 1327 2395 1494 2443; x_wconf 80' lang='lat' dir='ltr'>terra</span> <span class='ocrx_word' id='word_1_128' title='bbox 1543 2393 1763 2441; x_wconf 83' lang='lat' dir='ltr'>uocata</span> <span class='ocrx_word' id='word_1_129' title='bbox 1813 2385 2159 2443; x_wconf 73' lang='lat' dir='ltr'>Lcmesce«.</span> 
     </span>
    </p>
   </div>
   <div class='ocr_carea' id='block_1_7' title="bbox 390 2720 1834 2991">
    <p class='ocr_par' dir='ltr' id='par_1_9' title="bbox 390 2720 1834 2991">
     <span class='ocr_line' id='line_1_18' title="bbox 1643 2720 1834 2798; baseline -0.026 0"><span class='ocrx_word' id='word_1_130' title='bbox 1643 2720 1834 2798; x_wconf 82' lang='lat'>645.</span> 
     </span>
     <span class='ocr_line' id='line_1_19' title="bbox 390 2911 1578 2991; baseline 0.001 -16"><span class='ocrx_word' id='word_1_131' title='bbox 390 2913 592 2991; x_wconf 85' lang='lat'>1259,</span> <span class='ocrx_word' id='word_1_132' title='bbox 637 2913 704 2977; x_wconf 89' lang='grc'>6.</span> <span class='ocrx_word' id='word_1_133' title='bbox 748 2911 1168 2978; x_wconf 69' lang='lat' dir='ltr'>novembro..</span> <span class='ocrx_word' id='word_1_134' title='bbox 1218 2915 1270 2980; x_wconf 87' lang='lat' dir='ltr'>U</span> <span class='ocrx_word' id='word_1_135' title='bbox 1317 2911 1578 2978; x_wconf 74' lang='lat' dir='ltr'>Zadru.</span> 
     </span>
    </p>
   </div>
   <div class='ocr_carea' id='block_1_8' title="bbox 392 3100 3095 3300">
    <p class='ocr_par' dir='ltr' id='par_1_10' title="bbox 392 3100 3095 3300">
     <span class='ocr_line' id='line_1_20' title="bbox 392 3100 3095 3188; baseline 0.001 -25"><span class='ocrx_word' id='word_1_136' title='bbox 392 3101 656 3166; x_wconf 79' lang='lat' dir='ltr'>Petrz&#39;zo</span> <span class='ocrx_word' id='word_1_137' title='bbox 701 3101 814 3164; x_wconf 71' lang='lat' dir='ltr'>sin</span> <span class='ocrx_word' id='word_1_138' title='bbox 863 3101 1189 3182; x_wconf 74' lang='lat' dir='ltr'>Zanzz&#39;jev</span> <span class='ocrx_word' id='word_1_139' title='bbox 1235 3100 1270 3163; x_wconf 83' lang='grc' dir='ltr'>ι’</span> <span class='ocrx_word' id='word_1_140' title='bbox 1309 3103 1510 3164; x_wconf 82' lang='lat' dir='ltr'>Bona</span> <span class='ocrx_word' id='word_1_141' title='bbox 1561 3103 1781 3165; x_wconf 80' lang='lat' dir='ltr'>udova</span> <span class='ocrx_word' id='word_1_142' title='bbox 1832 3103 2135 3188; x_wconf 77' lang='lat' dir='ltr'>Soppova</span> <span class='ocrx_word' id='word_1_143' title='bbox 2182 3102 2507 3188; x_wconf 74' lang='lat' dir='ltr'>z&#39;zmz&#39;ruju</span> <span class='ocrx_word' id='word_1_144' title='bbox 2542 3126 2611 3166; x_wconf 83' lang='lat' dir='ltr'>se</span> <span class='ocrx_word' id='word_1_145' title='bbox 2633 3104 2833 3188; x_wconf 75' lang='lat' dir='ltr'>glede</span> <span class='ocrx_word' id='word_1_146' title='bbox 2880 3105 3095 3188; x_wconf 76' lang='lat' dir='ltr'>nekog</span> 
     </span>
     <span class='ocr_line' id='line_1_21' title="bbox 661 3215 2815 3300; baseline 0 -22"><span class='ocrx_word' id='word_1_147' title='bbox 661 3215 901 3299; x_wconf 77' lang='lat' dir='ltr'>mjesla</span> <span class='ocrx_word' id='word_1_148' title='bbox 948 3216 1110 3300; x_wconf 78' lang='lat' dir='ltr'>kraj</span> <span class='ocrx_word' id='word_1_149' title='bbox 1149 3215 1343 3278; x_wconf 80' lang='lat' dir='ltr'>crkve</span> <span class='ocrx_word' id='word_1_150' title='bbox 1385 3237 1480 3278; x_wconf 86' lang='lat' dir='ltr'>sv.</span> <span class='ocrx_word' id='word_1_151' title='bbox 1531 3215 1935 3300; x_wconf 67' lang='lat' dir='ltr'>Anas-tauja</span> <span class='ocrx_word' id='word_1_152' title='bbox 1979 3239 2013 3279; x_wconf 87' lang='lat' dir='ltr'>s</span> <span class='ocrx_word' id='word_1_153' title='bbox 2064 3217 2385 3299; x_wconf 81' lang='lat' dir='ltr'>Jakobom</span> <span class='ocrx_word' id='word_1_154' title='bbox 2434 3216 2815 3281; x_wconf 79' lang='lat' dir='ltr'>Zloradom.</span> 
     </span>
    </p>
   </div>
   <div class='ocr_carea' id='block_1_9' title="bbox 388 3406 3099 5188">
    <p class='ocr_par' dir='ltr' id='par_1_11' title="bbox 388 3406 3099 5188">
     <span class='ocr_line' id='line_1_22' title="bbox 568 3406 3093 3474; baseline 0 -6"><span class='ocrx_word' id='word_1_155' title='bbox 568 3408 636 3468; x_wconf 92' lang='lat' dir='ltr'>In</span> <span class='ocrx_word' id='word_1_156' title='bbox 687 3411 946 3469; x_wconf 90' lang='lat' dir='ltr'>nomine</span> <span class='ocrx_word' id='word_1_157' title='bbox 993 3409 1092 3469; x_wconf 91' lang='lat' dir='ltr'>dei</span> <span class='ocrx_word' id='word_1_158' title='bbox 1141 3412 1338 3474; x_wconf 85' lang='lat' dir='ltr'>eterni</span> <span class='ocrx_word' id='word_1_159' title='bbox 1405 3427 1612 3469; x_wconf 89' lang='lat' dir='ltr'>amen.</span> <span class='ocrx_word' id='word_1_160' title='bbox 1674 3406 1869 3468; x_wconf 90' lang='lat' dir='ltr'>Anno</span> <span class='ocrx_word' id='word_1_161' title='bbox 1937 3407 2021 3468; x_wconf 90' lang='lat' dir='ltr'>ab</span> <span class='ocrx_word' id='word_1_162' title='bbox 2082 3410 2515 3470; x_wconf 87' lang='lat' dir='ltr'>incarnatione</span> <span class='ocrx_word' id='word_1_163' title='bbox 2575 3411 2709 3469; x_wconf 88' lang='lat' dir='ltr'>eius</span> <span class='ocrx_word' id='word_1_164' title='bbox 2756 3409 3093 3470; x_wconf 90' lang='lat' dir='ltr'>millesimo</span> 
     </span>
     <span class='ocr_line' id='line_1_23' title="bbox 398 3521 3095 3603; baseline -0 -21"><span class='ocrx_word' id='word_1_165' title='bbox 398 3521 840 3582; x_wconf 88' lang='lat' dir='ltr'>ducentesimo</span> <span class='ocrx_word' id='word_1_166' title='bbox 889 3523 1416 3603; x_wconf 89' lang='lat' dir='ltr'>quinquagesimo</span> <span class='ocrx_word' id='word_1_167' title='bbox 1463 3540 1657 3595; x_wconf 91' lang='lat' dir='ltr'>non0,</span> <span class='ocrx_word' id='word_1_168' title='bbox 1703 3523 1939 3581; x_wconf 88' lang='lat' dir='ltr'>mensis</span> <span class='ocrx_word' id='word_1_169' title='bbox 1985 3522 2370 3592; x_wconf 86' lang='lat' dir='ltr'>nouembris,</span> <span class='ocrx_word' id='word_1_170' title='bbox 2416 3521 2519 3581; x_wconf 89' lang='lat' dir='ltr'>die</span> <span class='ocrx_word' id='word_1_171' title='bbox 2566 3533 2752 3582; x_wconf 87' lang='lat' dir='ltr'>sexto</span> <span class='ocrx_word' id='word_1_172' title='bbox 2802 3524 3095 3594; x_wconf 88' lang='lat' dir='ltr'>intrante,</span> 
     </span>
     <span class='ocr_line' id='line_1_24' title="bbox 403 3631 3095 3718; baseline 0 -24"><span class='ocrx_word' id='word_1_173' title='bbox 403 3634 754 3696; x_wconf 86' lang='lat' dir='ltr'>indictione</span> <span class='ocrx_word' id='word_1_174' title='bbox 823 3635 1034 3706; x_wconf 90' lang='lat' dir='ltr'>tercia,</span> <span class='ocrx_word' id='word_1_175' title='bbox 1092 3634 1298 3714; x_wconf 89' lang='lat' dir='ltr'>Jadre,</span> <span class='ocrx_word' id='word_1_176' title='bbox 1347 3634 1742 3712; x_wconf 86' lang='lat' dir='ltr'>temporibus</span> <span class='ocrx_word' id='word_1_177' title='bbox 1809 3634 2050 3694; x_wconf 89' lang='lat' dir='ltr'>domini</span> <span class='ocrx_word' id='word_1_178' title='bbox 2124 3635 2419 3718; x_wconf 77' lang='lat' dir='ltr'>Raynerii</span> <span class='ocrx_word' id='word_1_179' title='bbox 2466 3631 2626 3695; x_wconf 92' lang='lat' dir='ltr'>Geni</span> <span class='ocrx_word' id='word_1_180' title='bbox 2678 3633 2867 3695; x_wconf 87' lang='lat' dir='ltr'>incliti</span> <span class='ocrx_word' id='word_1_181' title='bbox 2915 3633 3095 3696; x_wconf 86' lang='lat' dir='ltr'>ducis</span> 
     </span>
     <span class='ocr_line' id='line_1_25' title="bbox 393 3745 3094 3828; baseline 0 -20"><span class='ocrx_word' id='word_1_182' title='bbox 393 3747 797 3808; x_wconf 89' lang='lat' dir='ltr'>Venetorum</span> <span class='ocrx_word' id='word_1_183' title='bbox 844 3760 908 3808; x_wconf 89' lang='lat' dir='ltr'>et</span> <span class='ocrx_word' id='word_1_184' title='bbox 955 3749 1232 3828; x_wconf 87' lang='lat' dir='ltr'>magistri</span> <span class='ocrx_word' id='word_1_185' title='bbox 1305 3745 1626 3808; x_wconf 90' lang='lat' dir='ltr'>Laurentii</span> <span class='ocrx_word' id='word_1_186' title='bbox 1697 3747 2069 3807; x_wconf 88' lang='lat' dir='ltr'>venerabilis</span> <span class='ocrx_word' id='word_1_187' title='bbox 2108 3745 2427 3826; x_wconf 89' lang='lat' dir='ltr'>Jadrensis</span> <span class='ocrx_word' id='word_1_188' title='bbox 2486 3746 2958 3826; x_wconf 88' lang='lat' dir='ltr'>archiepiscopi,</span> <span class='ocrx_word' id='word_1_189' title='bbox 3018 3768 3094 3808; x_wconf 91' lang='lat' dir='ltr'>ac</span> 
     </span>
     <span class='ocr_line' id='line_1_26' title="bbox 388 3835 3095 3942; baseline 0.001 -24"><span class='ocrx_word' id='word_1_190' title='bbox 388 3859 697 3939; x_wconf 87' lang='lat' dir='ltr'>Johannis</span> <span class='ocrx_word' id='word_1_191' title='bbox 761 3860 1052 3921; x_wconf 82' lang='lat' dir='ltr'>Baduarii</span> <span class='ocrx_word' id='word_1_192' title='bbox 1114 3861 1346 3942; x_wconf 87' lang='lat' dir='ltr'>egregii</span> <span class='ocrx_word' id='word_1_193' title='bbox 1411 3862 1676 3920; x_wconf 85' lang='lat' dir='ltr'>comitis.</span> <span class='ocrx_word' id='word_1_194' title='bbox 1743 3835 1892 3920; x_wconf 37' lang='lat' dir='ltr'>Nos·</span> <span class='ocrx_word' id='word_1_195' title='bbox 1940 3859 2197 3935; x_wconf 90' lang='lat' dir='ltr'>quidem</span> <span class='ocrx_word' id='word_1_196' title='bbox 2247 3859 2493 3934; x_wconf 72' lang='lat' dir='ltr'>Petrico</span> <span class='ocrx_word' id='word_1_197' title='bbox 2539 3859 2703 3920; x_wconf 89' lang='lat' dir='ltr'>filius</span> <span class='ocrx_word' id='word_1_198' title='bbox 2748 3857 2967 3942; x_wconf 60' lang='lat' dir='ltr'>§ancil</span> <span class='ocrx_word' id='word_1_199' title='bbox 3013 3861 3095 3922; x_wconf 91' lang='lat' dir='ltr'>de</span> 
     </span>
     <span class='ocr_line' id='line_1_27' title="bbox 390 3971 3097 4054; baseline 0.001 -22"><span class='ocrx_word' id='word_1_200' title='bbox 390 3971 581 4051; x_wconf 88' lang='lat' dir='ltr'>Jadra</span> <span class='ocrx_word' id='word_1_201' title='bbox 630 3985 696 4034; x_wconf 90' lang='lat' dir='ltr'>et</span> <span class='ocrx_word' id='word_1_202' title='bbox 741 3973 919 4034; x_wconf 91' lang='lat' dir='ltr'>Bona</span> <span class='ocrx_word' id='word_1_203' title='bbox 967 3972 1184 4033; x_wconf 89' lang='lat' dir='ltr'>relicta</span> <span class='ocrx_word' id='word_1_204' title='bbox 1229 3971 1448 4052; x_wconf 87' lang='lat' dir='ltr'>Soppe</span> <span class='ocrx_word' id='word_1_205' title='bbox 1493 3971 1747 4033; x_wconf 89' lang='lat' dir='ltr'>alterius</span> <span class='ocrx_word' id='word_1_206' title='bbox 1792 3971 1895 4032; x_wconf 88' lang='lat' dir='ltr'>filii</span> <span class='ocrx_word' id='word_1_207' title='bbox 1945 3972 2229 4033; x_wconf 90' lang='lat' dir='ltr'>eiusdem</span> <span class='ocrx_word' id='word_1_208' title='bbox 2279 3971 2497 4054; x_wconf 56' lang='lat' dir='ltr'>(jancii</span> <span class='ocrx_word' id='word_1_209' title='bbox 2541 3991 2689 4032; x_wconf 90' lang='lat' dir='ltr'>cum</span> <span class='ocrx_word' id='word_1_210' title='bbox 2728 3974 2958 4034; x_wconf 88' lang='lat' dir='ltr'>nostris</span> <span class='ocrx_word' id='word_1_211' title='bbox 2988 3973 3097 4035; x_wconf 93' lang='lat' dir='ltr'>he—</span> 
     </span>
     <span class='ocr_line' id='line_1_28' title="bbox 399 4085 3096 4165; baseline 0.001 -20"><span class='ocrx_word' id='word_1_212' title='bbox 399 4085 657 4147; x_wconf 91' lang='lat' dir='ltr'>redibus</span> <span class='ocrx_word' id='word_1_213' title='bbox 703 4097 765 4146; x_wconf 84' lang='lat' dir='ltr'>et</span> <span class='ocrx_word' id='word_1_214' title='bbox 811 4087 1280 4148; x_wconf 89' lang='lat' dir='ltr'>successoribus</span> <span class='ocrx_word' id='word_1_215' title='bbox 1326 4087 1599 4147; x_wconf 88' lang='lat' dir='ltr'>fatemur</span> <span class='ocrx_word' id='word_1_216' title='bbox 1643 4105 1756 4165; x_wconf 92' lang='lat' dir='ltr'>per</span> <span class='ocrx_word' id='word_1_217' title='bbox 1801 4085 1926 4145; x_wconf 89' lang='lat' dir='ltr'>hoc</span> <span class='ocrx_word' id='word_1_218' title='bbox 1971 4103 2231 4163; x_wconf 87' lang='lat' dir='ltr'>presens</span> <span class='ocrx_word' id='word_1_219' title='bbox 2276 4089 2598 4163; x_wconf 86' lang='lat' dir='ltr'>scriptum,</span> <span class='ocrx_word' id='word_1_220' title='bbox 2646 4089 2791 4163; x_wconf 91' lang='lat' dir='ltr'>quia</span> <span class='ocrx_word' id='word_1_221' title='bbox 2840 4086 2984 4148; x_wconf 91' lang='lat' dir='ltr'>loco</span> <span class='ocrx_word' id='word_1_222' title='bbox 3030 4098 3096 4148; x_wconf 89' lang='lat' dir='ltr'>et</span> 
     </span>
     <span class='ocr_line' id='line_1_29' title="bbox 400 4196 3097 4281; baseline 0 -22"><span class='ocrx_word' id='word_1_223' title='bbox 400 4203 780 4261; x_wconf 88' lang='lat' dir='ltr'>auctoritate</span> <span class='ocrx_word' id='word_1_224' title='bbox 842 4203 1131 4260; x_wconf 89' lang='lat' dir='ltr'>omnium</span> <span class='ocrx_word' id='word_1_225' title='bbox 1195 4199 1502 4260; x_wconf 89' lang='lat' dir='ltr'>heredum</span> <span class='ocrx_word' id='word_1_226' title='bbox 1563 4210 1625 4260; x_wconf 90' lang='lat' dir='ltr'>et</span> <span class='ocrx_word' id='word_1_227' title='bbox 1692 4217 2130 4260; x_wconf 89' lang='lat' dir='ltr'>successorum</span> <span class='ocrx_word' id='word_1_228' title='bbox 2191 4197 2457 4278; x_wconf 90' lang='lat' dir='ltr'>predicti</span> <span class='ocrx_word' id='word_1_229' title='bbox 2509 4196 2723 4281; x_wconf 66' lang='lat' dir='ltr'>Cancii</span> <span class='ocrx_word' id='word_1_230' title='bbox 2794 4201 2988 4278; x_wconf 89' lang='lat' dir='ltr'>patris</span> <span class='ocrx_word' id='word_1_231' title='bbox 3033 4211 3097 4260; x_wconf 91' lang='lat' dir='ltr'>et</span> 
     </span>
     <span class='ocr_line' id='line_1_30' title="bbox 395 4311 3097 4392; baseline -0 -18"><span class='ocrx_word' id='word_1_232' title='bbox 395 4316 594 4374; x_wconf 87' lang='lat' dir='ltr'>soceri</span> <span class='ocrx_word' id='word_1_233' title='bbox 659 4315 855 4374; x_wconf 87' lang='lat' dir='ltr'>nostri</span> <span class='ocrx_word' id='word_1_234' title='bbox 917 4314 1182 4374; x_wconf 89' lang='lat' dir='ltr'>facimus</span> <span class='ocrx_word' id='word_1_235' title='bbox 1244 4312 1654 4373; x_wconf 90' lang='lat' dir='ltr'>concordiam</span> <span class='ocrx_word' id='word_1_236' title='bbox 1719 4323 1933 4372; x_wconf 91' lang='lat' dir='ltr'>tecum</span> <span class='ocrx_word' id='word_1_237' title='bbox 1990 4311 2231 4391; x_wconf 88' lang='lat' dir='ltr'>Jacobe</span> <span class='ocrx_word' id='word_1_238' title='bbox 2292 4312 2375 4372; x_wconf 92' lang='lat' dir='ltr'>de</span> <span class='ocrx_word' id='word_1_239' title='bbox 2435 4311 2708 4372; x_wconf 85' lang='lat' dir='ltr'>Slurado</span> <span class='ocrx_word' id='word_1_240' title='bbox 2755 4331 2871 4391; x_wconf 90' lang='lat' dir='ltr'>pro</span> <span class='ocrx_word' id='word_1_241' title='bbox 2917 4323 3097 4392; x_wconf 89' lang='lat' dir='ltr'>parte</span> 
     </span>
     <span class='ocr_line' id='line_1_31' title="bbox 395 4424 3097 4508; baseline -0 -21"><span class='ocrx_word' id='word_1_242' title='bbox 395 4439 652 4488; x_wconf 89' lang='lat' dir='ltr'>tuorum</span> <span class='ocrx_word' id='word_1_243' title='bbox 723 4428 1363 4508; x_wconf 88' lang='lat' dir='ltr'>consanguineorum,</span> <span class='ocrx_word' id='word_1_244' title='bbox 1431 4424 1723 4486; x_wconf 89' lang='lat' dir='ltr'>uidelicet</span> <span class='ocrx_word' id='word_1_245' title='bbox 1791 4425 2031 4486; x_wconf 90' lang='lat' dir='ltr'>Leonis</span> <span class='ocrx_word' id='word_1_246' title='bbox 2096 4426 2180 4485; x_wconf 92' lang='lat' dir='ltr'>de</span> <span class='ocrx_word' id='word_1_247' title='bbox 2237 4424 2501 4504; x_wconf 90' lang='lat' dir='ltr'>Spaleto</span> <span class='ocrx_word' id='word_1_248' title='bbox 2548 4436 2611 4484; x_wconf 90' lang='lat' dir='ltr'>et</span> <span class='ocrx_word' id='word_1_249' title='bbox 2657 4427 2791 4486; x_wconf 88' lang='lat' dir='ltr'>eius</span> <span class='ocrx_word' id='word_1_250' title='bbox 2848 4428 3097 4500; x_wconf 89' lang='lat' dir='ltr'>sororis,</span> 
     </span>
     <span class='ocr_line' id='line_1_32' title="bbox 397 4539 3097 4618; baseline -0.001 -17"><span class='ocrx_word' id='word_1_251' title='bbox 397 4559 656 4602; x_wconf 89' lang='lat' dir='ltr'>suorum</span> <span class='ocrx_word' id='word_1_252' title='bbox 721 4539 1026 4600; x_wconf 90' lang='lat' dir='ltr'>heredum</span> <span class='ocrx_word' id='word_1_253' title='bbox 1074 4551 1138 4600; x_wconf 91' lang='lat' dir='ltr'>et</span> <span class='ocrx_word' id='word_1_254' title='bbox 1184 4558 1619 4602; x_wconf 88' lang='lat' dir='ltr'>successorum</span> <span class='ocrx_word' id='word_1_255' title='bbox 1666 4539 1750 4600; x_wconf 93' lang='lat' dir='ltr'>de</span> <span class='ocrx_word' id='word_1_256' title='bbox 1795 4558 1926 4600; x_wconf 91' lang='lat' dir='ltr'>uno</span> <span class='ocrx_word' id='word_1_257' title='bbox 1973 4539 2119 4600; x_wconf 92' lang='lat' dir='ltr'>loco</span> <span class='ocrx_word' id='word_1_258' title='bbox 2180 4541 2313 4600; x_wconf 86' lang='lat' dir='ltr'>siue</span> <span class='ocrx_word' id='word_1_259' title='bbox 2374 4541 2759 4618; x_wconf 90' lang='lat' dir='ltr'>proprietate</span> <span class='ocrx_word' id='word_1_260' title='bbox 2804 4549 2938 4599; x_wconf 89' lang='lat' dir='ltr'>tam</span> <span class='ocrx_word' id='word_1_261' title='bbox 2985 4557 3097 4598; x_wconf 92' lang='lat' dir='ltr'>no-</span> 
     </span>
     <span class='ocr_line' id='line_1_33' title="bbox 393 4650 3095 4732; baseline -0.001 -19"><span class='ocrx_word' id='word_1_262' title='bbox 393 4665 667 4714; x_wconf 87' lang='lat' dir='ltr'>strorum</span> <span class='ocrx_word' id='word_1_263' title='bbox 714 4653 1254 4732; x_wconf 88' lang='lat' dir='ltr'>predecessorum,</span> <span class='ocrx_word' id='word_1_264' title='bbox 1301 4672 1494 4732; x_wconf 91' lang='lat' dir='ltr'>quam</span> <span class='ocrx_word' id='word_1_265' title='bbox 1543 4655 1944 4731; x_wconf 90' lang='lat' dir='ltr'>suprascripti</span> <span class='ocrx_word' id='word_1_266' title='bbox 1979 4652 2216 4714; x_wconf 86' lang='lat' dir='ltr'>Leonis</span> <span class='ocrx_word' id='word_1_267' title='bbox 2261 4655 2472 4732; x_wconf 89' lang='lat' dir='ltr'>posito</span> <span class='ocrx_word' id='word_1_268' title='bbox 2518 4671 2718 4731; x_wconf 90' lang='lat' dir='ltr'>prope</span> <span class='ocrx_word' id='word_1_269' title='bbox 2764 4650 3095 4712; x_wconf 88' lang='lat' dir='ltr'>ecclesiam</span> 
     </span>
     <span class='ocr_line' id='line_1_34' title="bbox 395 4763 3097 4846; baseline -0.001 -19"><span class='ocrx_word' id='word_1_270' title='bbox 395 4776 617 4827; x_wconf 89' lang='lat' dir='ltr'>sancte</span> <span class='ocrx_word' id='word_1_271' title='bbox 678 4764 1034 4840; x_wconf 85' lang='lat' dir='ltr'>Anastasie,</span> <span class='ocrx_word' id='word_1_272' title='bbox 1081 4768 1185 4845; x_wconf 87' lang='lat' dir='ltr'>qui</span> <span class='ocrx_word' id='word_1_273' title='bbox 1234 4767 1411 4827; x_wconf 91' lang='lat' dir='ltr'>locus</span> <span class='ocrx_word' id='word_1_274' title='bbox 1455 4766 1556 4826; x_wconf 91' lang='lat' dir='ltr'>uel</span> <span class='ocrx_word' id='word_1_275' title='bbox 1604 4784 1730 4846; x_wconf 92' lang='lat' dir='ltr'>que</span> <span class='ocrx_word' id='word_1_276' title='bbox 1774 4767 2127 4844; x_wconf 87' lang='lat' dir='ltr'>proprietas</span> <span class='ocrx_word' id='word_1_277' title='bbox 2193 4765 2404 4825; x_wconf 86' lang='lat' dir='ltr'>firmat</span> <span class='ocrx_word' id='word_1_278' title='bbox 2450 4766 2513 4824; x_wconf 92' lang='lat' dir='ltr'>in</span> <span class='ocrx_word' id='word_1_279' title='bbox 2558 4765 2727 4824; x_wconf 91' lang='lat' dir='ltr'>uiam</span> <span class='ocrx_word' id='word_1_280' title='bbox 2774 4763 3097 4843; x_wconf 88' lang='lat' dir='ltr'>puplicam</span> 
     </span>
     <span class='ocr_line' id='line_1_35' title="bbox 399 4876 3098 4960; baseline -0.001 -20"><span class='ocrx_word' id='word_1_281' title='bbox 399 4891 534 4940; x_wconf 90' lang='lat' dir='ltr'>tam</span> <span class='ocrx_word' id='word_1_282' title='bbox 597 4899 816 4941; x_wconf 87' lang='lat' dir='ltr'>uersus</span> <span class='ocrx_word' id='word_1_283' title='bbox 877 4880 1140 4941; x_wconf 87' lang='lat' dir='ltr'>boream</span> <span class='ocrx_word' id='word_1_284' title='bbox 1203 4899 1396 4960; x_wconf 88' lang='lat' dir='ltr'>quam</span> <span class='ocrx_word' id='word_1_285' title='bbox 1461 4897 1677 4940; x_wconf 89' lang='lat' dir='ltr'>uersus</span> <span class='ocrx_word' id='word_1_286' title='bbox 1730 4890 2075 4939; x_wconf 87' lang='lat' dir='ltr'>trauersam</span> <span class='ocrx_word' id='word_1_287' title='bbox 2124 4888 2187 4938; x_wconf 88' lang='lat' dir='ltr'>et</span> <span class='ocrx_word' id='word_1_288' title='bbox 2234 4881 2296 4939; x_wconf 91' lang='lat' dir='ltr'>in</span> <span class='ocrx_word' id='word_1_289' title='bbox 2345 4876 2675 4938; x_wconf 88' lang='lat' dir='ltr'>Andream</span> <span class='ocrx_word' id='word_1_290' title='bbox 2721 4876 2805 4938; x_wconf 93' lang='lat' dir='ltr'>de</span> <span class='ocrx_word' id='word_1_291' title='bbox 2852 4878 3098 4953; x_wconf 68' lang='lat' dir='ltr'>Petrico</span> 
     </span>
     <span class='ocr_line' id='line_1_36' title="bbox 399 4989 3099 5075; baseline -0.001 -21"><span class='ocrx_word' id='word_1_292' title='bbox 399 5012 620 5056; x_wconf 86' lang='lat' dir='ltr'>uersus</span> <span class='ocrx_word' id='word_1_293' title='bbox 665 4993 1016 5075; x_wconf 87' lang='lat' dir='ltr'>leuatum(!)</span> <span class='ocrx_word' id='word_1_294' title='bbox 1065 5005 1128 5054; x_wconf 89' lang='lat' dir='ltr'>et</span> <span class='ocrx_word' id='word_1_295' title='bbox 1163 4994 1222 5053; x_wconf 93' lang='lat' dir='ltr'>in</span> <span class='ocrx_word' id='word_1_296' title='bbox 1258 4993 1576 5054; x_wconf 89' lang='lat' dir='ltr'>Marinum</span> <span class='ocrx_word' id='word_1_297' title='bbox 1623 4992 1706 5052; x_wconf 92' lang='lat' dir='ltr'>de</span> <span class='ocrx_word' id='word_1_298' title='bbox 1755 4991 2053 5052; x_wconf 84' lang='lat' dir='ltr'>Bertaldo</span> <span class='ocrx_word' id='word_1_299' title='bbox 2100 5009 2317 5053; x_wconf 89' lang='lat' dir='ltr'>uersus</span> <span class='ocrx_word' id='word_1_300' title='bbox 2363 4989 2830 5069; x_wconf 83' lang='lat' dir='ltr'>punientum(!),</span> <span class='ocrx_word' id='word_1_301' title='bbox 2876 4991 3099 5065; x_wconf 89' lang='lat' dir='ltr'>taliter,</span> 
     </span>
     <span class='ocr_line' id='line_1_37' title="bbox 399 5099 3098 5188; baseline -0.002 -20"><span class='ocrx_word' id='word_1_302' title='bbox 399 5107 580 5188; x_wconf 92' lang='lat' dir='ltr'>quod</span> <span class='ocrx_word' id='word_1_303' title='bbox 628 5117 801 5169; x_wconf 88' lang='lat' dir='ltr'>totus</span> <span class='ocrx_word' id='word_1_304' title='bbox 847 5107 1022 5168; x_wconf 87' lang='lat' dir='ltr'>locus</span> <span class='ocrx_word' id='word_1_305' title='bbox 1053 5107 1155 5168; x_wconf 91' lang='lat' dir='ltr'>uel</span> <span class='ocrx_word' id='word_1_306' title='bbox 1187 5109 1538 5186; x_wconf 88' lang='lat' dir='ltr'>proprietas</span> <span class='ocrx_word' id='word_1_307' title='bbox 1584 5108 2007 5184; x_wconf 88' lang='lat' dir='ltr'>suprascripta</span> <span class='ocrx_word' id='word_1_308' title='bbox 2045 5104 2241 5165; x_wconf 89' lang='lat' dir='ltr'>debet</span> <span class='ocrx_word' id='word_1_309' title='bbox 2271 5123 2386 5183; x_wconf 89' lang='lat' dir='ltr'>per</span> <span class='ocrx_word' id='word_1_310' title='bbox 2418 5099 2801 5188; x_wconf 88' lang='lat' dir='ltr'>[me]d[ium]</span> <span class='ocrx_word' id='word_1_311' title='bbox 2853 5099 3098 5186; x_wconf 88' lang='lat' dir='ltr'>[di]uidi</span> 
     </span>
    </p>
   </div>
  </div>
 </body>
</html>
