3797 5795
1902 359 2270 419 ...45—

728 545 998 605 salutem
1045 546 1105 604 in
1156 547 1447 605 omnium
1508 544 1839 606 saluatore.
1907 543 2117 608 Officii
2182 549 2378 607 nostri
2444 546 2736 606 debitum
2798 544 3097 606 remediis
3160 545 3434 626 inuigilat

726 658 1177 730 subiectorum,
1237 659 1384 736 quia
1446 657 1601 718 dum
1671 659 2086 720 concedimus
2151 660 2325 738 quod
2393 657 2734 737 postulant,
2782 657 2936 717 dum
2985 657 3437 718 confirmamus

729 769 935 868 quod„
967 770 1259 831 obtinent
1322 789 1440 831 nos
1485 774 1549 830 in
1596 773 1876 850 ipsorum
1945 775 2158 852 quiete
2219 774 2604 851 quiescimus
2667 781 2731 831 et
2793 770 3087 832 fouemur
3147 772 3209 830 in
3259 789 3431 848 pace.

729 881 1002 942 Proinde
1062 883 1146 943 ad
1206 885 1642 944 vnaiuersorum
1704 887 2004 946 noticiam
2067 885 2361 945 volumus
2428 885 2778 964 peruenire,
2841 883 3020 962 quod
3083 901 3230 944 cum
3295 893 3436 961 post

729 1013 1043 1056 recessum
1109 995 1521 1057 Tartarorum
1568 997 1653 1057 ad
1701 999 2018 1076 quoslibet
2079 1001 2422 1059 comitatus
2482 996 2912 1076 prouocandis
2976 996 3213 1056 iuribus
3258 999 3436 1056 castri

729 1107 1009 1168 indebite
1057 1112 1383 1188 occupatis
1428 1111 1715 1171 diuersos
1762 1111 1999 1172 iudices
2047 1113 2450 1184 misissemus
2497 1113 2659 1170 inter
2704 1120 2912 1170 cetera
2944 1109 3027 1169 ad
3061 1110 3436 1169 comitatum

730 1220 812 1281 de
873 1220 1240 1282 Gresencha
1308 1221 1565 1284 fidelem
1636 1233 1926 1284 nostrum
1997 1226 2368 1305 magistrum
2443 1221 2664 1286 Chaak
2734 1223 3072 1282 ensiferem
3143 1221 3440 1282 duximus

727 1335 1306 1410 transmittendum,
1353 1336 1579 1396 dantes
1625 1337 1742 1396 sibi
1775 1339 1836 1397 in
1872 1336 2209 1411 mandatiS,
2256 1348 2320 1396 vt
2366 1348 2430 1396 et
2477 1347 2672 1396 terras
2717 1337 2802 1395 ac'
2840 1333 2960 1394 alia
3005 1336 3140 1394 iura
3171 1332 3434 1412 predicti

728 1450 912 1507 castri
980 1447 1265 1508 indebite
1333 1460 1645 1527 occupata
1714 1459 2044 1510 reuocaret
2113 1460 2176 1510 et
2246 1451 2661 1531 iobagionum
2731 1449 2915 1508 castri
2987 1455 3184 1506 terras
3245 1465 3438 1524 super

729 1561 961 1638 quibus
1021 1579 1153 1621 non
1201 1571 1297 1620 est
1344 1563 1683 1622 contencio
1731 1572 1793 1622 et
1840 1581 2000 1641 quas
2047 1581 2084 1622 a
2130 1572 2338 1622 castro
2402 1561 2710 1622 hactenus
2770 1558 3034 1637 pacifice
3095 1567 3437 1619 tenuerunt

726 1693 767 1733 a
799 1675 975 1734 terris
1006 1676 1421 1734 castrensium
1466 1675 1892 1736 reambularet
1925 1685 1988 1736 et
2021 1674 2261 1736 eisdem
2315 1675 2763 1754 iobagionibus
2818 1671 3439 1762 castrirelinqueret,

726 1803 932 1847 nouas
978 1797 1184 1847 metas
1230 1788 1407 1847 iuxta
1452 1799 1697 1848 veteres
1743 1787 2078 1857 elenando,
2128 1807 2207 1848 ne
2256 1787 2339 1846 de
2379 1798 2600 1846 cetero
2649 1788 2899 1864 questio
2949 1786 3188 1845 moueri
3241 1785 3442 1862 possit

721 1899 1125 1977 aliquatenus
1156 1900 1237 1960 de
1270 1899 1529 1960 eisdem.
1583 1900 1775 1981 Igitur
1820 1903 1983 1961 sicut
2029 1901 2198 1960 idem
2250 1901 2550 1981 magister
2598 1896 2821 1962 Chaak
2866 1897 3148 1977 posthec
3192 1895 3277 1956 ad
3325 1915 3441 1955 nos

722 2012 978 2072 rediens
1044 2013 1255 2072 retulit
1331 2023 1527 2073 terras
1596 2013 2013 2074 Borsonouch
2082 2025 2144 2073 et
2217 2013 2476 2074 Lesnou
2549 2022 2968 2090 nuncupatem,
3023 2011 3265 2070 inuenit
3333 2028 3446 2087 per

724 2125 1005 2186 Vzmam
1052 2125 1461 2206 iobagionem
1510 2127 1658 2186 dicti
1708 2129 1891 2186 castri
1927 2127 2009 2186 ab
2041 2129 2305 2205 antiquo
2351 2125 2616 2204 pacifice
2679 2124 3005 2204 possideri,
3053 2142 3244 2202 super
3291 2140 3449 2201 quas

722 2249 920 2315 prout
950 2257 987 2298 a
1020 2239 1204 2299 nobis
1252 2238 1627 2300 mandatum
1677 2239 2001 2313 habuerat,
2050 2258 2251 2299 nouas
2287 2250 2492 2299 metas
2524 2241 2670 2300 fecit
2703 2239 2932 2298 eleuari
2968 2239 3142 2296 iuxta
3175 2245 3436 2295 veteres,

722 2346 922 2411 Cuius
968 2352 1169 2411 eciam
1234 2363 1420 2425 mete,
1488 2363 1676 2432 prout
1737 2352 1910 2412 idem
1959 2355 2255 2434 magister
2325 2349 2544 2414 Chaak
2592 2351 2710 2411 sub
2756 2350 2959 2431 sigillo
3026 2347 3433 2412 Chasmensis

721 2463 982 2540 capituli
1042 2465 1103 2524 in
1167 2467 1411 2543 scriptis
1474 2466 1658 2526 nobis
1713 2467 2120 2545 presentauit‚
2182 2464 2304 2524 hoc
2367 2464 2592 2524 ordine
2661 2465 3148 2545 distinguuntur.
3213 2461 3441 2540 Incipit

721 2577 896 2635 enim
946 2575 1028 2635 de
1074 2577 1301 2636 arbore
1346 2576 1622 2656 kyrtulfa
1669 2579 1873 2656 prima
1907 2589 2076 2638 meta
2125 2580 2315 2656 ipsius
2362 2589 2527 2636 terre
2577 2577 2796 2650 Vzme‚
2845 2596 2969 2654 que
3019 2574 3435 2636 Borsonouch

722 2699 1007 2764 vocatur,
1052 2708 1177 2768 que
1209 2690 1470 2768 quidem
1518 2701 1690 2752 meta
1722 2703 1817 2751 est
1851 2693 1982 2751 sica
2015 2693 2190 2750 iuxta
2225 2690 2461 2750 flumen
2513 2688 2825 2750 Borsinok
2862 2689 3158 2749 diuidens
3205 2698 3438 2748 terram

722 2819 872 2861 cum
945 2805 1181 2862 comite
1250 2797 1563 2876 Gabriele,
1624 2823 1709 2865 ex
1770 2804 1918 2864 hinc
1987 2805 2108 2863 itur
2178 2807 2238 2863 in
2289 2802 2550 2863 fluuium
2599 2801 2836 2883 aliud(!)
2886 2812 2949 2861 et
2999 2801 3170 2862 vadit
3219 2820 3434 2861 versus

722 2915 1112 2993 aquilonem,
1172 2918 1274 2977 vbi
1336 2929 1428 2979 est
1494 2928 1664 2979 meta
1734 2929 1955 2990 terrea,
2019 2938 2102 2977 ex
2165 2918 2281 2977 1136
2343 2917 2618 2977 declinat
2688 2935 2902 2976 versus
2968 2915 3300 2975 meridiem
3351 2914 3435 2973 ad

726 3040 1016 3089 montem
1074 3030 1157 3090 ad
1223 3040 1461 3092 metam
1526 3042 1813 3105 terream,
1876 3030 2025 3091 inde
2087 3031 2419 3091 descendit
2484 3032 2544 3090 in
2611 3029 2838 3089 vallem
2887 3038 2950 3088 et
2999 3028 3081 3087 de
3131 3027 3230 3088 1113
3279 3028 3440 3088 valle

727 3140 899 3201 vadit
946 3146 1232 3221 superius
1276 3144 1362 3205 ad
1410 3144 1700 3205 m'ontem
1747 3144 1831 3205 ad
1879 3156 2116 3204 metam
2154 3155 2442 3217 terream,
2490 3142 2851 3220 deindeque
2899 3141 3303 3201 descendens
3350 3140 3434 3201 ad

728 3264 965 3315 metam
1013 3258 1131 3316 sub
1178 3258 1403 3317 arbore
1452 3258 1673 3335 nyarfa
1720 3278 1803 3319 ex
1851 3258 1971 3317 hac
2003 3260 2200 3337 vergit
2247 3276 2462 3317 versus
2507 3254 2836 3315 meridiem
2884 3254 2968 3314 ad
3015 3263 3306 3314 montem
3354 3254 3438 3313 ad

728 3376 965 3428 metam
1026 3380 1295 3430 terream
1343 3369 1426 3429 ad
1474 3370 1719 3430 dictum
1765 3368 2004 3430 flumen
2053 3368 2230 3448 quod
2279 3379 2540 3429 vocatur
2604 3366 2956 3428 &Varatbna
3005 3366 3218 3445 ibique
3267 3378 3438 3426 meta

724 3480 927 3542 terrea
975 3494 1037 3543 et
1086 3483 1235 3543 inde
1281 3483 1341 3542 in
1392 3483 1551 3543 valle
1612 3482 1898 3543 ascendit
1945 3481 2029 3542 ad
2077 3493 2368 3543 montem
2413 3481 2497 3541 ad
2547 3493 2787 3541 metam
2834 3489 3126 3551 terream,
3187 3500 3270 3539 ex
3321 3479 3437 3539 1136

726 3590 1058 3655 descendit
1104 3596 1186 3656 ad
1232 3607 1424 3675 caput
1472 3594 1748 3656 fluminis
1794 3606 1857 3656 et
1907 3596 1988 3655 ibi
2036 3606 2132 3655 est
2183 3606 2352 3655 meta
2400 3605 2618 3667 terrea,
2664 3614 2748 3654 ex
2795 3594 2917 3653 hoc
2965 3611 3118 3675 ergo
3166 3591 3431 3654 flumine

634 3766 653 3779 ,
726 3706 937 3766 exitur
1002 3728 1218 3769 versus
1286 3709 1692 3768 occidentem
1761 3708 1844 3768 ad
1916 3719 2154 3768 metam
2227 3718 2518 3781 terream,
2586 3706 2735 3768 inde
2810 3709 2998 3766 intrat
3068 3707 3130 3765 in
3194 3704 3430 3765 flumen

728 3815 1081 3881 VVarathna
1150 3823 1255 3882 vbi
1323 3833 1418 3881 est
1488 3832 1676 3881 meta.
1746 3821 1908 3881 Item
1985 3822 2104 3882 alia
2181 3832 2344 3881 terra
2421 3821 2706 3880 eiusdem
2783 3820 2998 3898 incipit
3075 3818 3157 3879 de
3233 3819 3435 3878 riuulo

726 3926 1099 4011 Kuthynna,
1161 3936 1292 3994 exit
1360 3937 1423 3993 in
1494 3933 1733 3994 flumen
1795 3934 1879 3994 ad
1945 3934 2114 3995 aliud
2181 3934 2359 4013 quod
2421 3948 2682 3993 vocatur
2733 3932 2948 4011 Lysna
3009 3942 3069 3992 et
3143 3932 3297 3992 inde
3357 3932 3438 3991 de

724 4038 989 4106 flumine
1050 4050 1183 4108 exit
1247 4048 1331 4108 ad
1392 4047 1663 4109 dumum
1728 4051 1833 4126 qui
1896 4046 2204 4126 rekethya
2267 4058 2530 4107 vocatur
2590 4048 2806 4125 ibique
2869 4056 3039 4105 meta
3102 4056 3215 4118 est,
3291 4044 3435 4104 inde

726 4159 974 4219 venitur
1018 4160 1101 4220 ad
1152 4164 1313 4221 viam
1378 4160 1779 4221 descendens
1825 4160 1910 4221 ad
1957 4160 2229 4221 dumum
2292 4161 2626 4220 monerofa
2673 4160 2888 4238 ibique
2935 4170 3124 4231 meta,
3187 4178 3270 4217 ex
3317 4158 3437 4217 hoc

720 4264 987 4333 flumine
1057 4273 1273 4352 Lysna
1340 4275 1627 4335 ascendit
1691 4274 1773 4333 ad
1840 4285 2130 4335 montem
2204 4292 2414 4333 versus
2483 4275 2795 4333 orientem
2857 4272 2939 4332 ad
3003 4281 3242 4331 metam
3313 4271 3430 4331 sub

718 4381 950 4446 arbore
996 4385 1329 4461 harasthfa,
1375 4408 1459 4448 ex
1505 4387 1621 4447 1136
1670 4386 2002 4448 descendit
2034 4391 2096 4448 in
2132 4387 2404 4447 riuulum
2445 4388 2546 4464 qui
2600 4396 2860 4447 vocatur
2905 4386 3108 4445 Pcsnc
3157 4383 3432 4462 indeque

719 4495 945 4559 exiens
1005 4501 1289 4560 ascendit
1352 4500 1433 4560 ad
1495 4511 1779 4560 montem
1849 4500 1934 4561 ad
1997 4512 2235 4560 metam
2298 4509 2588 4570 terream,
2649 4500 2862 4578 ibique
2911 4510 3135 4559 tenens
3197 4511 3432 4558 metam

718 4622 871 4668 cum
934 4614 1185 4692 populis
1231 4613 1311 4674 de
1358 4612 1614 4695 Garigh,
1676 4612 1912 4673 deinde
1974 4632 2188 4673 versus
2261 4611 2588 4672 meridiem
2653 4612 2830 4672 vallis
2891 4612 3064 4672 ducit
3111 4610 3194 4671 ad
3243 4620 3431 4689 caput

717 4714 999 4786 fluminis
1065 4726 1241 4805 quod
1308 4738 1570 4787 vocatur
1642 4726 1981 4787 Hurseuch
2050 4727 2265 4805 ibique
2335 4738 2428 4785 est
2499 4736 2668 4785 meta
2741 4736 2962 4795 terrea,
3031 4745 3114 4784 ex
3185 4725 3305 4784 1136
3371 4726 3429 4784 111

721 4833 954 4899 vallem
1000 4840 1285 4900 ascendit
1333 4852 1621 4900 montem
1672 4858 1890 4899 versus
1947 4839 2348 4900 occidentem
2399 4838 2483 4897 ad
2533 4848 2770 4897 metam
2822 4848 3112 4909 terream,
3159 4837 3434 4915 indeque

718 4943 805 5004 ad
880 4963 1117 5015 metam
1197 4962 1466 5013 terream
1536 4954 1656 5013 sub
1734 4954 1963 5012 arbore
2029 4951 2248 5031 bykfn,
2323 4972 2407 5011 cx
2478 4951 2596 5010 1136
2668 4950 3000 5010 descendit
3071 4952 3130 5009 in
3202 4948 3434 5011 flumen

724 5056 1056 5137 Pyschine‚
1104 5066 1252 5126 inde
1299 5069 1519 5126 exiens
1568 5068 1771 5147 vergit
1800 5068 1861 5125 in
1898 5077 2184 5125 montem
2235 5064 2319 5124 ad
2375 5076 2614 5123 metam
2663 5064 2782 5124 sub
2821 5064 3047 5123 arbore
3093 5062 3440 5142 gerthanfa,
