3797 5795
1553 340 1634 351 -
1705 306 1975 369 193—

423 502 590 561 tibus
633 497 1013 559 Peruoslauo
1059 495 1321 558 Dabrali
1390 506 1454 558 et
1515 496 1808 577 Johanne
1867 501 2003 560 eius
2062 499 2253 559 fratre
2317 498 2585 559 testibus
2644 508 2707 558 et
2754 496 2905 559 aliis.
2980 496 3121 579 Ego

421 613 660 675 'romas
701 609 932 671 Dusize
977 613 1383 671 examinator
1421 630 1695 693 ⁴manum
1743 631 1958 673 meam
2008 615 2167 673 misi.

595 724 728 805 Ego
774 725 1074 805 magister
1119 724 1174 785 F
1175 727 1495 786 ranciscus
1539 726 1846 804 imperiali
1894 728 2273 787 auctoritate
2306 726 2591 785 notarius
2621 726 2917 785 comunis
2962 724 3123 803 Spa-

421 838 532 899 lati
575 841 813 911 iuratus,
859 838 1020 901 sicut
1065 838 1280 897 inueni
1325 839 1388 897 in
1436 840 1760 899 autentico
1820 840 2060 917 scripto
2118 857 2313 900 manu
2362 838 2539 899 Luce
2584 839 2879 899 comunis
2924 840 3125 911 iurati,

423 951 513 1011 nil
558 950 790 1012 addens
853 968 974 1011 nec
1018 952 1331 1025 minuen5‚
1397 950 1578 1029 quod
1637 952 1786 1011 iuris
1847 951 2144 1012 ordinem
2190 954 2480 1025 inmutet,
2543 951 2625 1012 de
2670 950 3009 1011 uoluntate
3056 960 3121 1011 et

423 1064 724 1125 mandato
767 1064 1046 1125 iudicum
1095 1074 1158 1125 et
1205 1065 1499 1124 comunis
1544 1066 1630 1124 ita
1678 1063 1949 1125 fideliter
2007 1067 2225 1143 scripsi
2272 1074 2336 1124 et
2386 1066 2509 1124 mei
2557 1066 2717 1145 signi
2768 1064 3126 1125 munimine

419 1178 732 1237 roboravi.

603 1285 981 1357 rMonogram
1030 1286 1338 1357 notarov.)

611 1475 895 1549 Orzjgz'nal
935 1495 974 1531 u
1022 1474 1247 1533 arkivu
1291 1484 1650 1533 samos-tana
1692 1496 1778 1532 sv.
1830 1475 2065 1549 [lla'rije
2112 1494 2151 1532 u
2200 1476 2433 1532 Zadru.

1677 1765 1868 1846 699.

423 1924 612 1995 1261.
658 1925 764 1988 27.
809 1923 1026 2005 maja.
1075 1922 1135 1988 U
1180 1920 1686 1989 Dubrovniku.

719 2114 1248 2199 Protomagt'ster
1297 2114 1516 2176 Parko
1565 2112 1704 2175 ima
1752 2114 1841 2176 da
1883 2114 2072 2197 plati
2112 2113 2347 2198 opc‘t'm'
2385 2119 2470 2177 24
2508 2122 2816 2198 perpera.

595 2306 632 2374 5-
689 2304 887 2366 Anno
955 2306 1406 2365 incarnationis
1467 2305 1712 2365 domini
1799 2305 2137 2367 millesimo
2207 2306 2652 2368 ducentesimo
2721 2306 3129 2388 sexagesimo

427 2422 646 2497 prime,
678 2421 912 2479 mensis
958 2418 1172 2492 madii,
1217 2420 1443 2497 quinto
1491 2418 1594 2478 die
1640 2427 1907 2493 astante,
1952 2437 2171 2479 coram
2212 2420 2393 2479 vobis
2423 2421 2794 2499 subscriptis
2840 2418 3128 2479 testibus,

429 2532 564 2613 Ego
627 2532 886 2612 quidem
951 2532 1448 2613 protomagister
1494 2531 1760 2611 Pasqua,
1828 2531 1993 2593 filius
2054 2534 2531 2614 protomagistri
2578 2534 2739 2596 Eetri
2804 2532 3122 2593 confiteor

429 2648 720 2723 quoniam
782 2665 972 2723 super
1035 2664 1139 2706 me
1200 2656 1262 2705 et
1323 2664 1515 2723 super
1575 2647 1791 2705 omnia
1855 2664 1999 2707 mea
2061 2646 2273 2707 debeo
2339 2646 2491 2707 dare
2553 2664 2859 2725 perperos
2906 2646 3128 2726 uiginti

427 2769 717 2837 quattuor
783 2760 1041 2819 comuni
1111 2758 1370 2840 Ragusii
1449 2778 1650 2837 usque
1710 2759 1794 2819 ad
1855 2768 2159 2837 quattuor
2218 2778 2442 2833 annos',
2503 2759 2587 2820 ad
2651 2779 2767 2819 sex
2828 2758 3128 2820 uidelicet

425 2890 716 2952 perperos
759 2892 873 2952 per
917 2890 1178 2934 annum.
1252 2872 1394 2935 Hec
1459 2882 1674 2934 autem
1737 2882 1911 2934 carta
1974 2873 2150 2936 nullo
2212 2875 2580 2936 testimonio
2642 2874 2849 2952 rumpi
2912 2874 3116 2950 possit

433 2985 534 3047 Hii
573 2998 713 3046 sunt
756 2996 983 3047 testes:
1031 2985 1334 3047 Dabrana
1381 2985 1732 3065 Lampridii
1781 2997 1844 3048 et
1893 2986 2168 3048 Michael
2215 2988 2459 3049 Pezane
2508 2987 2688 3048 iurati
2738 2985 2997 3046 iudices·
3044 2983 3128 3044 Et

423 3117 547 3179 ego
588 3098 914 3176 presbyter
961 3098 1236 3159 Pascalis
1279 3112 1344 3160 et
1391 3101 1684 3160 comunis
1715 3103 2000 3162 notarius
2031 3101 2269 3161 iuratus
2314 3103 2583 3178 scriptor
2629 3117 2771 3160 sum
2823 3109 2883 3159 et
2932 3097 3128 3158 testis.

595 3214 884 3288 (Segnum
948 3212 1240 3287 notarii.)

599 3431 893 3505 Original
931 3452 974 3489 u
1019 3431 1466 3489 dubrovac'kom
1513 3431 1757 3489 arkivu.
1806 3430 2035 3488 Zbirka
2081 3451 2240 3489 saec.
2292 3431 2474 3488 XIII.

1677 3722 1726 3801 7
1737 3720 1872 3801 00.

415 3852 591 3930 1261,
639 3851 741 3917 31.
789 3852 1008 3935 maja.
1061 3849 1123 3916 U
1169 3827 1438 3920 (immi.

425 4042 617 4106 Petar
644 4042 761 4106 sin
802 4043 1014 4124 Jaks‘e
1043 4043 1262 4106 zalaie
1291 4044 1446 4128 svoj
1471 4041 1584 4104 dio
1610 4041 1814 4106 dobra
1845 4041 2175 4105 Czrkvene
2197 4041 2504 4128 Andrz‘jz'
2528 4041 2697 4106 sinu
2728 4041 3118 4127 Grgurovu.

577 4234 716 4296 Nos
749 4235 1114 4314 capitulum
1147 4233 1556 4298 Chasmensis
1585 4234 1849 4296 ecclesie
1883 4237 2193 4296 memorie
2238 4235 2724 4310 comendamuS,
2757 4236 2935 4314 quod
2968 4254 3121 4297 con-

409 4349 630 4410 stitutis
675 4351 740 4410 in
789 4359 1006 4409 nostra
1051 4349 1370 4427 presentia
1413 4347 1497 4408 ab
1546 4365 1672 4409 una
1717 4358 1898 4428 parte
1946 4349 2135 4410 Petro
2182 4347 2311 4410 filio
2349 4347 2513 4428 Jaxa
2556 4365 2703 4410 cum
2754 4348 2942 4410 fratre
2985 4367 3104 4411 suo

410 4461 598 4523 Paulo
642 4460 884 4523 scilicet
929 4471 993 4522 et
1037 4461 1122 4522 ab
1166 4459 1364 4522 altera
1431 4463 1669 4523 comite
1735 4460 2003 4524 Andrea
2068 4461 2202 4523 filio
2268 4459 2576 4544 Gregorii,
2645 4462 2815 4523 idem
2889 4463 3108 4523 Petrus

407 4575 731 4637 confessus
777 4583 892 4649 est,
937 4591 1006 4636 se
1058 4577 1374 4654 recepisse
1434 4595 1471 4635 a
1533 4575 1822 4654 predicto
1868 4573 2134 4637 Andrea
2179 4577 2417 4636 comite
2462 4575 2807 4638 duodecim
2854 4592 3101 4636 marcas

403 4688 636 4750 scilicet
683 4687 966 4769 singulas
1023 4703 1270 4749 marcas
1327 4705 1475 4749 cum
1521 4690 1806 4768 quinque
1859 4691 2076 4768 pensis
2120 4688 2528 4750 denariorum
2576 4689 3115 4770 Zagrabiensium‚

403 4821 516 4881 pro
561 4801 798 4882 quibus
843 4800 1050 4863 dictus
1095 4801 1318 4863 Petrus
1363 4811 1611 4880 partem
1659 4821 1840 4863 suam
1889 4804 1951 4862 in
1999 4813 2164 4862 terra
2211 4820 2336 4881 que
2369 4799 2698 4864 Cirkuena-
2737 4802 3122 4901 nominatur,

403 4915 844 4978 consentiente
891 4913 1082 4975 Paulo
1128 4914 1320 4976 fratre
1377 4929 1513 4990 su0,
1557 4926 1902 4994 prenotato
1964 4913 2229 4976 Andree
2273 4916 2491 4976 comiti
2542 4916 2603 4975 in
2650 4916 2918 4996 pignore
2965 4914 3125 4974 obli-

402 5031 572 5108 gauit
639 5031 704 5089 in
775 5027 938 5118 sesto
1007 5028 1198 5090 beate
1267 5027 1466 5090 Marie
1535 5028 1923 5110 Magdalene
1983 5029 2286 5106 proximo
2352 5028 2665 5098 veniente,
2724 5047 2844 5106 pro
2891 5026 3120 5088 eadem

490 5161 636 5206 con.
673 5159 842 5205 mm„
875 5160 936 5202 v,
2956 5141 3036 5202 13
