3797 5795
1860 387 1946 394 —
2003 352 2130 416 386
2191 387 2274 394 --

714 546 927 622 (nona,
974 542 1391 621 temporibus)
1461 541 1761 620 equidem
1810 542 2056 603 domini
2102 543 2399 622 Raynerii
2447 541 2612 604 Geni
2661 541 2857 602 incliti
2902 541 3082 602 ducis
3131 541 3407 603 Venecie

712 665 775 716 et
820 654 1141 716 Laurentii
1192 655 1568 716 venerabilis
1608 654 1928 734 jadrensis
1973 655 2450 735 archiepiscopi,
2494 673 2575 715 ac
2603 654 2850 714 domini
2890 653 3110 734 Jacobi
3147 651 3412 736 (Quirini

711 770 943 849 egregii
990 767 1282 848 comitis).
1330 767 1472 848 Ego
1520 787 1801 845 namque
1834 767 2211 830 Ladislauus
2242 767 2405 829 filius
2439 767 2702 828 Habrae
2732 767 2815 828 de
2852 767 3061 843 Ucura
3093 785 3210 846 per
3242 764 3410 848 (hoc)

708 899 970 959 presens
1015 881 1322 958 scriptum
1369 880 1531 940 facio
1580 879 2008 954 manifestum,
2053 879 2391 960 quomodo
2437 881 2629 960 plene
2660 890 2724 940 et
2757 882 2998 961 integre
3031 899 3108 940 ac
3139 879 3413 959 perfecte

708 993 1085 1054 manualiter
1129 995 1375 1072 suscepi
1422 1013 1459 1053 a
1506 994 1687 1053 vobis
1735 993 1996 1071 quidem
2043 995 2251 1072 priore
2297 1005 2362 1054 et
2408 1003 2549 1054 toto
2587 1003 2912 1075 conuentu
2959 993 3226 1054 fratrum
3273 992 3414 1053 Pre-

708 1107 1065 1167 dicatorum
1106 1105 1296 1185 Jadre
1341 1107 1609 1166 civitatis
1657 1115 1862 1167 totum
1896 1106 2051 1167 illud
2083 1107 2448 1186 depositum
2481 1125 2710 1167 census
2741 1108 2874 1168 siue
2904 1108 3194 1184 pecunie,
3239 1105 3413 1184 quod

706 1218 1021 1298 siquidem
1058 1221 1355 1300 magister
1388 1217 1768 1279 Laurentius
1797 1218 2355 1297 hospitalariorum
2389 1215 2749 1300 S(tephani)
2783 1221 2947 1302 regis
2979 1219 3060 1280 de
3091 1218 3411 1299 Strigonia

708 1341 967 1411 patruus
1013 1351 1194 1392 meus
1242 1332 1503 1392 nomine
1550 1350 1698 1392 meo
1743 1341 1901 1410 aput
1943 1350 2061 1392 uos
2091 1333 2154 1392 in
2189 1330 2482 1393 custodia
2528 1332 2647 1393 sub
2679 1331 2883 1413 sigillo
2916 1333 3176 1411 proprio
3225 1331 3414 1392 collo-

706 1446 890 1505 cauit.
938 1443 1153 1522 Quare
1185 1462 1307 1525 ego
1353 1443 1675 1523 predictus
1706 1443 2083 1504 Ladislauus
2113 1445 2373 1522 plenam
2405 1455 2472 1506 et
2501 1444 2978 1506 irrevocabilem
3009 1445 3412 1505 securitatem

703 1556 867 1617 facio
915 1556 1094 1616 vobis
1140 1558 1330 1634 priori
1376 1559 1622 1635 totique
1669 1561 2013 1620 conuentui
2062 1558 2303 1619 ordinis
2333 1557 2596 1618 fratrum
2628 1557 3108 1618 Predicatorum
3149 1556 3414 1639 Jadren-

702 1671 867 1730 sium
917 1670 998 1730 de
1045 1680 1185 1730 toto
1232 1669 1338 1729 illo
1386 1670 1554 1731 sacto
1601 1670 2036 1750 depositionis,
2098 1671 2404 1751 quoniam
2471 1673 2680 1750 ipsum
2743 1670 2892 1731 mihi
2954 1670 3124 1730 bene
3187 1688 3412 1730 sanum

702 1793 767 1843 et
813 1781 1061 1844 illesum
1108 1785 1531 1844 conseruastis
1592 1793 1787 1862 atque
1851 1783 2133 1863 plenarie
2196 1783 2476 1858 dedistis,
2544 1783 2955 1858 deliberastiS,
3021 1781 3414 1864 persoluistis

701 1905 768 1955 et
813 1897 1209 1977 assignasti53
1272 1895 1513 1955 amodo
1574 1897 1761 1977 igitur
1822 1899 1885 1957 in
1947 1907 2134 1957 antea
2197 1915 2310 1956 vos
2369 1896 2636 1974 predicti
2697 1897 2870 1975 prior
2930 1906 2990 1956 et
3055 1905 3416 1956 conuentus

704 2007 946 2068 ordinis
992 2007 1255 2085 predicti
1305 2028 1342 2066 a
1389 2027 1495 2068 me
1543 2010 1828 2085 meisque
1893 2009 2232 2070 heredibus
2296 2018 2359 2070 et
2418 2009 2890 2070 successoribus
2955 2021 3018 2070 et
3082 2009 3167 2068 ab
3234 2008 3410 2068 omni

701 2119 967 2180 homine
1014 2130 1077 2181 et
1122 2139 1395 2199 persona
1464 2120 1649 2181 huius
1710 2121 1930 2182 mundi
1987 2121 2224 2183 exinde
2288 2121 2482 2195 liberi,
2543 2124 2745 2182 securi
2807 2123 3040 2200 pariter
3101 2130 3166 2181 et
3216 2123 3410 2201 quieti

699 2234 767 2292 in
814 2243 1195 2313 perpetuum
1246 2236 1574 2308 maneatiS,
1621 2236 1928 2312 quoniam
1977 2234 2166 2295 nichil
2229 2234 2466 2296 exinde
2528 2237 2851 2308 remansit,
2915 2234 3088 2295 unde
3151 2252 3272 2294 vos
3314 2232 3414 2293 vel

699 2356 981 2407 vestrum
1052 2346 1346 2408 ordinem
1408 2367 1523 2427 per
1570 2367 1675 2408 me
1720 2347 1820 2408 vel
1865 2367 1982 2428 per
2025 2348 2305 2426 aliquam
2372 2348 2757 2408 submissam
2819 2365 3162 2426 personam
3227 2367 3266 2407 a
3313 2365 3416 2406 me

698 2459 1206 2521 submittendam
1283 2479 1541 2539 possem
1611 2461 2019 2540 compellere,
2084 2461 2453 2542 adgrauare,
2530 2460 2629 2521 vel
2705 2460 3064 2534 molestare,
3110 2470 3250 2520 tam
3303 2477 3416 2539 per

701 2583 942 2632 cartam
992 2574 1125 2634 siue
1170 2575 1306 2634 sine
1352 2584 1543 2648 carta,
1589 2577 1649 2634 in
1698 2575 1868 2635 curia
1913 2584 1978 2634 et
2023 2583 2206 2634 extra
2251 2574 2511 2648 curiam,
2581 2584 2676 2634 set
2741 2592 2995 2652 semper
3049 2573 3295 2633 exinde
3334 2571 3416 2633 de

703 2693 920 2744 cetero
968 2686 1162 2761 liberi,
1206 2689 1409 2747 securi
1456 2696 1521 2747 et
1565 2689 1760 2767 quieti
1807 2689 2107 2747 existatis.
2169 2684 2414 2747 Actum
2477 2697 2576 2746 est
2621 2686 2746 2746 hoc
2792 2696 2855 2746 et
2901 2685 3230 2746 firmatum
3275 2703 3416 2764 pre-

696 2799 983 2858 sentibus
1028 2799 1144 2860 hiis
1194 2802 1435 2860 vocatis
1480 2809 1543 2860 et
1590 2801 1828 2881 rogatis
1890 2799 2172 2874 testibus
2220 2798 2510 2860 videlicet
2570 2798 2850 2860 Martino
2899 2799 3029 2860 filio
3076 2797 3414 2879 quondam

696 2908 1039 2993 Grisogoni
1086 2912 1365 2975 Sinedeo
1412 2924 1475 2974 et
1524 2914 1724 2975 Berco
1772 2914 2052 2974 murario
2098 2924 2162 2973 et
2208 2913 2497 2992 lapicida.

869 3044 1119 3119 (Drugi
1162 3045 1458 3122 rukopis).

868 3171 1013 3253 Ego
1063 3174 1277 3235 Preste
1321 3173 1405 3234 de
1452 3172 1833 3255 Cotopagna
1879 3176 2286 3235 examinator
2333 3192 2597 3235 manum
2645 3193 2856 3235 meam
2907 3175 3063 3235 misi.

880 3303 1036 3379 Opet
1079 3304 1328 3382 rukopis
1374 3304 1569 3363 teksta
1590 3327 1609 3362 .·

868 3430 1011 3513 Ego
1060 3431 1394 3493 Vieentius
1438 3434 1703 3495 ecclesie
1764 3446 1983 3521 sancte
2051 3434 2252 3496 Marie
2315 3437 2570 3497 maioris
2631 3436 2892 3496 clericus
2953 3448 3015 3496 et
3075 3434 3410 3515 Jadrensis

691 3546 978 3606 notarius
1024 3544 1323 3624 predictis
1369 3546 1618 3608 interfui
1662 3557 1941 3628 rogatuS,
1986 3558 2057 3609 ut
2103 3548 2315 3609 audiui
2363 3548 2528 3610 hanc
2573 3560 2814 3610 cartam
2863 3550 3080 3627 scripsi
3131 3545 3226 3629 (et
3257 3565 3412 3607 con-

693 3652 905 3737 sueto)
952 3660 1135 3739 signo
1182 3660 1442 3740 signaui.

868 3788 933 3883 -ι-
978 3790 1159 3867 lijepo
1206 3791 1483 3867 izraaffen
1532 3792 1559 3848 i
1602 3798 1821 3849 arden
1870 3793 1986 3851 kao
2029 3794 2278 3867 segnum
2324 3795 2573 3852 notarii.

880 3963 1179 4037 Orzssg‘inal
1218 3984 1258 4021 u
1298 3965 1802 4042 gubernijalnom
1850 3966 2074 4024 arkivu
2121 3969 2260 4024 odio
2305 3987 2391 4024 sv.
2443 3966 2784 4025 Dominika
2833 3986 2870 4024 u
2904 3966 3122 4023 Zadru
3153 3966 3244 4022 br.
3287 3970 3411 4023 681.

1947 4256 2142 4338 867.

692 4426 895 4507 1266,
944 4429 1006 4493 6.
1046 4428 1229 4510 jula.
1276 4428 1335 4493 U
1383 4428 1827 4496 Grabrovici.

690 4614 879 4679 Pred
920 4616 1269 4703 biskupom
1334 4618 1687 4684 kninskim
1749 4620 2223 4706 ustanovljuje
2266 4642 2338 4685 se
2377 4621 2670 4705 prodaja
2719 4622 3024 4717 amalfa,
3071 4629 3176 4687 ,s‘to
3223 4622 3298 4685 ill
3324 4623 3409 4708 je

1413 4732 1621 4817 kupz'o
1666 4733 1956 4796 Roland
1995 4734 2129 4795 ban
2175 4734 2264 4797 od
2307 4732 2684 4797 Babom'c‘a.

863 4923 1001 4984 Nos
1048 4924 1385 4987 Ladislaus
1429 4925 1642 4988 divina
1706 4926 2126 4987 miseracione
2185 4928 2528 5006 episcopus
2588 4924 3018 5005 Tyniniensi5‚
3069 4928 3257 4990 frater
3317 4926 3406 4989 M.

686 5034 892 5097 dictus
936 5036 1138 5098 abbas
1199 5037 1282 5097 de
1326 5038 1595 5119 Toplica
1656 5048 1720 5097 et
1765 5036 2260 5100 commendator
2324 5037 2408 5099 de
2455 5036 2628 5100 Gara
2680 5042 2976 5105 videlicet
3025 5042 3214 5105 frater
3257 5042 3406 5123 Jak-
