3797 5795
1563 299 1645 384 -'
1707 338 1973 404 353-

1629 683 1631 685 ·
1677 631 1872 711 840.

444 826 625 904 1265,
667 825 773 889 19.
818 823 1157 890 oktobra.
1205 825 1264 890 U
1307 823 1814 890 Dubrovniku.

631 1012 910 1098 Izaffz'lju
957 1036 1028 1076 se
1067 1013 1428 1098 poslam‘cz',
1481 1013 1632 1096 kojz'
1672 1021 1739 1077 έε
1786 1013 2082 1078 izmirz'tz'
2124 1012 2349 1098 Spljet
2394 1013 2426 1078 ι’
2466 1014 2896 1078 Dubrovm'k.

605 1208 786 1270 Anno
835 1208 1283 1268 incarnationis
1314 1207 1557 1268 domini
1592 1207 1931 1268 millesimo
1962 1207 2405 1269 ducentesimo
2446 1208 2849 1289 sexagesimo
2883 1209 3127 1287 quint0,

445 1325 662 1383 mensis
703 1321 996 1394 octubriS,
1042 1321 1228 1381 tertio
1275 1320 1530 1381 decimo
1575 1320 1679 1382 die
1725 1331 2023 1394 exeunte,
2081 1322 2356 1403 Ragusii,
2402 1321 2695 1382 ordinata
2741 1323 2911 1383 curia
2975 1341 3123 1382 cum

443 1437 638 1496 sonitu
679 1453 1001 1513 campane.
1049 1433 1186 1494 Nos
1217 1433 1477 1512 quidem
1519 1433 1845 1514 Johannes
1879 1433 2182 1512 Quirinus
2210 1453 2433 1496 comes
2464 1435 2721 1517 Ragusii
2755 1447 2820 1496 et
2850 1436 3128 1515 populus

395 1563 408 1572 ·
445 1549 774 1629 Ragusinus
831 1549 1240 1608 comittentes
1299 1549 1692 1608 comittirnus
1750 1548 1940 1620 uobis
2002 1566 2282 1628 namque
2346 1550 2720 1610 conciuibus
2786 1559 2849 1609 et
2908 1551 3124 1610 iuratis

443 1661 750 1721 aduocatis
793 1663 1020 1720 nostris
1065 1659 1278 1720 Fusco
1325 1659 1579 1720 Binzole
1611 1670 1675 1720 et
1709 1660 1991 1722 Vitanne
2026 1661 2226 1734 Zerni,
2272 1671 2341 1722 ut
2371 1681 2489 1740 pro
2524 1681 2873 1723 commune
2905 1675 3123 1724 nostre

441 1775 690 1834 civitatis
755 1773 1036 1834 habeatis
1093 1773 1352 1851 plenam
1401 1773 1700 1833 virtutem
1745 1783 1810 1834 et
1854 1783 2245 1852 potestatem
2292 1774 2649 1852 inquirendi
2710 1785 2773 1836 et
2834 1777 3129 1854 interpel-

442 1886 598 1949 landi
641 1898 702 1948 et
747 1885 1107 1947 aduocandi
1153 1904 1344 1964 super
1389 1904 1733 1946 commune
1780 1884 2021 1964 Spaleti
2068 1887 2172 1948 uel
2220 1905 2411 1966 super
2449 1887 2743 1949 homines
2774 1887 3016 1967 Spaleti
3062 1899 3127 1948 et

441 2002 616 2060 etiam
659 2019 776 2078 pro
820 2017 1166 2060 commune
1213 2010 1430 2060 nostre
1476 2000 1743 2060 civitatis
1789 1998 2077 2060 habeatis
2138 2000 2395 2078 plenam
2445 2002 2745 2062 uirtutem
2804 2011 2865 2062 et
2912 2013 3125 2080 potes-

443 2123 622 2173 tatem
680 2112 1106 2191 respondendi
1176 2115 1505 2173 communi
1561 2110 1819 2190 Spaleti‚
1881 2114 1984 2174 uel
2046 2113 2413 2174 hominibus
2458 2113 2717 2192 Spaleti,
2768 2134 2891 2193 que
2954 2118 3123 2176 enirn

442 2227 820 2305 inquisieritis
865 2225 966 2287 uel
1011 2227 1479 2289 aduocaueritis
1523 2239 1635 2288 aut
1680 2226 2227 2306 interpellaueritis
2272 2226 2373 2288 uel
2420 2227 2889 2305 responderitis
2938 2227 3121 2288 firma

449 2353 504 2399 et
533 2353 658 2400 rata
697 2339 1077 2400 habebimus
1107 2350 1172 2400 et
1203 2343 1461 2420 insuper
1493 2341 1556 2401 id
1590 2341 1767 2421 quod
1813 2360 1933 2419 pro
1979 2341 2194 2418 aliquo
2241 2339 2501 2400 homine
2549 2341 2875 2421 Ragusino
2923 2342 3128 2419 inqui-

452 2455 647 2513 sieritis
687 2452 788 2513 uel
852 2453 1396 2531 interpellaveritis
1441 2465 1550 2514 aut
1595 2453 2061 2514 aduocaueritis
2106 2472 2296 2531 super
2341 2471 2687 2513 commune
2734 2452 2975 2531 Spaleti
3023 2454 3127 2515 uel

453 2583 617 2644 super
657 2565 932 2646 aliquem
995 2565 1325 2626 hominem
1373 2565 1611 2645 Spaleti
1677 2567 1778 2626 uel
1845 2566 2023 2644 quod
2090 2566 2559 2643 responderitis.
2620 2568 2699 2626 sit
2744 2565 2997 2626 firmum
3064 2579 3127 2626 et

455 2678 650 2739 stabile
690 2680 750 2738 in
800 2690 1198 2757 perpetuum.
1263 2679 1424 2740 Item
1486 2682 1879 2740 comittimus
1942 2680 2145 2751 uobiS‚
2209 2690 2278 2739 ut
2324 2681 2555 2756 petatis
2600 2678 2683 2738 de
2730 2679 2899 2740 facto
2947 2679 3127 2757 quod

450 2802 758 2870 postquam
809 2791 982 2853 Miha
1029 2790 1226 2853 Madii
1263 2801 1326 2852 et
1357 2792 1630 2854 Michael
1671 2791 1998 2853 Leonardi
2046 2793 2244 2852 nuntii
2281 2791 2523 2870 Spaleti
2562 2794 3030 2853 constituerunt
3063 2802 3127 2852 et

453 2903 865 2966 ordinaverunt
908 2915 1168 2984 pactum
1216 2918 1282 2966 et
1326 2917 1716 2967 conventum
1763 2908 1924 2967 inter
1972 2924 2320 2966 commune
2361 2906 2616 2987 Ragusii
2666 2915 2730 2966 et
2776 2923 3126 2971 commune

455 3014 680 3093 Spaleti,
723 3018 1024 3080 Siluester
1071 3018 1153 3079 de
1200 3018 1465 3097 Spaleto
1511 3038 1657 3080 cum
1705 3020 1840 3080 aliis
1887 3022 2013 3079 suis
2059 3021 2245 3079 sociis
2290 3019 2533 3080 ciuibus
2564 3016 2803 3097 Spaleti
2852 3020 3129 3079 confessi

459 3128 690 3204 suerunt,
735 3134 909 3211 quod
957 3151 1104 3194 cum
1152 3133 1387 3200 barcha
1433 3152 1657 3193 eorum
1714 3130 2073 3196 Chrancam
2138 3143 2427 3194 nostrum
2476 3133 2610 3192 fore
2656 3130 3013 3202 banditum‚
3062 3134 3125 3191 in

456 3246 789 3306 comitatum
835 3247 1008 3325 apud
1053 3256 1348 3307 sanctum
1403 3245 1746 3305 Martinum
1793 3245 1875 3305 de
1908 3242 2224 3306 Grauosio
2272 3246 2789 3323 deportauerunt‚
2836 3244 3128 3316 scienteS‚

460 3356 610 3432 quod
668 3359 984 3435 predictus
1049 3360 1352 3419 dominus
1435 3378 1654 3419 comes
1715 3368 1778 3419 et
1842 3357 2226 3419 Theodorus
2288 3358 2557 3418 Bodatie
2618 3368 2681 3417 et
2746 3356 3125 3437 margaritus

461 3466 529 3525 de
567 3466 710 3531 Stilu
753 3472 934 3531 iurati
981 3472 1220 3533 iudices
1265 3484 1326 3532 et
1359 3471 1658 3533 Andreas
1707 3472 1981 3531 Benesse
2028 3470 2417 3531 consiliarius
2456 3469 2873 3531 testificantur
2905 3469 3029 3530 hoc
3064 3480 3127 3529 et

466 3582 614 3643 multi
658 3586 750 3645 alii
798 3586 878 3645 de
927 3586 1192 3646 consilio
1240 3585 1492 3645 fuerunt
1539 3584 1797 3645 ibidem.
1875 3584 2015 3645 Hec
2060 3595 2275 3644 autem
2323 3596 2495 3643 carta
2542 3584 3013 3643 commissionis
3058 3584 3123 3642 in

462 3712 556 3754 sua
595 3696 873 3759 firmitate
919 3712 1290 3775 permaneat
1338 3708 1400 3757 et
1441 3697 1616 3757 nullo
1663 3698 2031 3757 testimonio
2078 3699 2282 3775 rumpi
2332 3698 2549 3775 possit.
2616 3695 2720 3755 Hii
2752 3708 2900 3756 sunt
2931 3706 3127 3757 testes

465 3804 850 3872 Dabraslauus
897 3812 1176 3883 Ranane‚
1223 3808 1520 3871 Andreas
1569 3808 1810 3873 Cereue
1836 3820 1898 3869 et
1934 3809 2312 3889 Margaritus
2342 3810 2425 3870 de
2456 3808 2619 3870 Stilu
2652 3812 2831 3870 iurati
2866 3808 3123 3869 iudices.

467 3917 532 3977 Et
571 3941 677 4003 ego
719 3925 1050 4003 presbyter
1101 3925 1318 3985 Petrus
1377 3934 1441 3983 et
1495 3924 1860 3982 communis
1924 3922 2177 4002 Ragusii
2240 3924 2523 3983 notarius
2577 3924 2815 3982 iuratus
2861 3921 3133 3998 scriptor

466 4049 583 4093 sum
624 4049 678 4097 et
722 4040 912 4099 testis

611 4162 804 4235 [δέξῃ.
857 4170 1002 4217 nota
1008 4182 1054 4217 ν.
1068 4187 1086 4220 s

621 4350 905 4425 Ortginal
947 4372 984 4407 u
1033 4350 1479 4407 dubrovac‘kom
1527 4349 1769 4407 arkivu.
1829 4348 2058 4405 Zbirkcz
2106 4367 2265 4404 saec.
2318 4349 2503 4405 XJll.

535 5176 664 5225 con.
697 5182 860 5224 mm„
895 5182 954 5223 v.
1340 5216 1347 5223 .
2972 5158 3055 5219 23
