3797 5795
1890 392 1976 402 —
2035 358 2296 422 536-—

730 549 911 608 iuxta
958 566 1260 629 magnam
1309 549 1495 621 viam,
1540 548 1648 608 ubi
1695 558 1792 609 est
1836 560 2012 610 meta
2056 560 2262 609 terrea
2307 550 2368 608 in
2417 550 2738 609 vicinitate
2801 558 2966 608 terre
3009 546 3291 609 Tiburcii
3341 565 3450 607 co-

730 661 917 735 mitis,
951 660 1099 721 inde
1130 660 1489 739 procedens
1521 660 1605 722 ad
1635 672 1883 739 partem
1933 656 2360 745 orient[al]em
2383 658 2448 743 (l)
2495 659 2955 722 descendendo
2999 678 3226 738 parum
3271 660 3452 720 venit

730 772 814 832 ad
862 774 1158 833 arborem
1205 775 1323 833 iwa
1368 773 1627 849 dictam,
1671 772 1823 833 inde
1868 793 1984 853 per
2031 774 2261 835 vallem
2308 774 2481 834 venit
2522 772 2612 833 ad
2655 774 2860 834 rivum
2909 771 3288 843 Moroucha‚
3335 771 3448 832 ubi

731 895 829 947 est
874 886 1066 946 arbor
1110 882 1223 946 bik
1268 888 1705 968 crucesignata
1736 897 1801 948 et
1832 898 2006 949 meta
2050 898 2258 949 terrea
2301 885 2698 959 circumfusa,
2729 887 2792 945 in
2825 884 3062 946 eodem
3108 883 3455 945 descendit

732 998 817 1060 ad
863 1010 1114 1079 partem
1178 998 1663 1061 meridionalem
1726 1009 1789 1061 et
1849 1000 2020 1061 cadit
2081 1002 2145 1060 in
2209 1017 2446 1079 aquam
2497 996 2769 1073 Welika‚
2812 1016 2928 1077 per
2994 1015 3190 1077 quam
3235 995 3452 1057 tendit

732 1111 816 1172 ad
861 1122 1108 1191 partem
1172 1110 1641 1173 occidentalem
1688 1123 1752 1173 et
1797 1116 1933 1174 exit
1983 1112 2076 1173 -de
2137 1112 2368 1173 eadem
2430 1110 2515 1171 ad
2577 1110 2875 1172 arborem
2919 1119 3184 1192 gertean
3229 1128 3454 1169 cruce-

729 1226 1044 1306 signatam
1108 1220 1222 1305 (et)
1290 1236 1463 1287 meta
1524 1236 1727 1286 terrea
1788 1227 2255 1299 circumfusam,
2301 1225 2452 1286 inde
2513 1224 2598 1285 ad
2659 1234 2907 1303 partem
2953 1221 3452 1284 meridionalem

728 1339 901 1399 venit
966 1338 1050 1398 ad
1110 1338 1407 1399 arborem
1469 1341 1587 1417 piri
1647 1326 2154 1420 crucesignatam
2199 1348 2265 1399 et
2311 1347 2483 1399 meta
2529 1347 2734 1399 terrea
2780 1335 3253 1409 circumfusam,
3301 1334 3456 1395 inde

730 1450 813 1511 ad
863 1451 1159 1511 arborem
1207 1469 1363 1532 egur
1408 1454 1913 1533 crucesignatam
1961 1460 2026 1511 et
2073 1461 2244 1512 meta
2289 1460 2495 1512 terrea
2538 1451 3006 1525 circumfusam,
3038 1467 3170 1528 que
3201 1450 3328 1508 sita
3359 1457 3458 1509 est

728 1565 791 1624 in
842 1572 1083 1637 monte,
1131 1563 1279 1624 inde
1325 1563 1409 1625 ad
1462 1583 1763 1646 magnam
1811 1566 1982 1625 viam
2026 1566 2207 1626 iuxta
2252 1582 2450 1644 quam
2481 1574 2580 1625 est
2609 1572 2782 1624 meta
2828 1572 3048 1636 terrea,
3081 1580 3198 1640 per
3247 1579 3451 1639 quam

726 1675 903 1737 vadit
948 1676 1033 1737 ad
1080 1677 1377 1737 arborem
1422 1687 1646 1758 gertan
1694 1679 2200 1759 crucesignatam
2236 1686 2302 1738 et
2333 1687 2506 1738 meta
2551 1686 2756 1737 terrea
2801 1675 3281 1749 circumfusam,
3328 1691 3458 1752 que

730 1790 851 1849 sita
896 1800 991 1850 est
1037 1808 1241 1868 prope
1288 1790 1619 1851 ecclesiam
1668 1801 1889 1851 sancte
1936 1793 2156 1864 cruciS,
2201 1790 2351 1851 inde
2380 1808 2497 1869 per
2525 1799 2722 1850 terras
2767 1787 3038 1849 arabiles
3072 1786 3160 1848 ad
3194 1798 3454 1866 partem

726 1901 1196 1963 occidentalem
1246 1902 1518 1963 tendens
1562 1904 1735 1963 venit
1766 1902 1851 1963 ad
1885 1921 2188 1985 magnam
2220 1904 2389 1963 viam
2423 1904 2598 1963 iuxta
2644 1920 2842 1981 quam
2874 1910 2969 1961 est
3004 1909 3179 1961 meta
3227 1910 3455 1973 terrea,

722 2024 791 2074 et
836 2033 953 2093 per
997 2013 1272 2075 eandem
1320 2016 1617 2076 arborem
1666 2014 1803 2093 byk
1850 2016 2356 2097 crucesignatam
2402 2026 2468 2075 et
2515 2024 2687 2076 meta
2732 2025 2937 2075 terrea
2975 2011 3439 2075 circumfusam

722 2126 833 2189 ubi
880 2129 1187 2188 vicinatur
1226 2136 1393 2189 terre
1438 2125 1710 2189 filiorum
1744 2127 2014 2202 Keliani‚
2059 2147 2177 2207 per
2219 2127 2494 2190 eandem
2539 2129 2706 2188 viam
2740 2126 2825 2187 ad
2855 2136 3102 2206 partem
3149 2133 3436 2203 septem-

720 2239 1063 2301 trionalem
1124 2240 1398 2301 tendens
1458 2243 1628 2301 venit
1690 2240 1774 2301 ad
1832 2241 2133 2302 arborem
2181 2243 2296 2321 piri
2343 2243 2851 2323 crucesignatam
2897 2249 2961 2299 et
3008 2249 3184 2299 meta
3231 2246 3442 2298 terrea

721 2352 1192 2425 circumfusam,
1252 2352 1403 2413 inde
1470 2354 1554 2414 ad
1624 2354 1920 2414 arborem
1989 2356 2234 2436 gertian
2294 2356 2815 2435 crucesignatam‚
2877 2351 3027 2413 inde
3093 2350 3180 2412 ad
3243 2368 3444 2411 unum

720 2464 949 2543 potok,
993 2466 1101 2527 ubi
1162 2477 1258 2528 est
1321 2468 1512 2528 arbor
1569 2468 1689 2546 piri
1748 2468 2185 2549 crucesignata
2231 2477 2295 2527 et
2341 2477 2514 2528 meta
2573 2476 2780 2527 terrea
2840 2464 3246 2537 circumfusa,
3293 2462 3443 2524 inde

720 2576 1089 2657 relinquens
1147 2580 1314 2639 viam
1376 2581 1550 2639 venit
1608 2579 1693 2639 ad
1753 2598 1990 2657 aquarn
2055 2576 2326 2653 Welika,
2386 2581 2564 2640 iuxta
2609 2597 2806 2659 quam
2853 2587 2948 2639 est
2993 2577 3188 2638 arbor
3255 2576 3438 2655 pomi

725 2692 1162 2773 crucesignata
1208 2701 1272 2752 et
1316 2703 1490 2753 meta
1557 2703 1761 2753 terrea
1828 2692 2226 2767 circumfusa,
2270 2692 2421 2753 inde
2487 2691 2572 2752 ad
2640 2702 2892 2772 partem
2967 2687 3448 2750 occidentalem

726 2803 1001 2865 tendens
1045 2806 1220 2865 venit
1264 2804 1350 2866 ad
1392 2807 1599 2865 rivum
1646 2804 1972 2879 Bokocha,
2003 2805 2110 2866 ubi
2159 2807 2466 2866 vicinatur
2511 2815 2676 2866 terre
2723 2804 3005 2885 magistri
3052 2802 3268 2875 Eruci,
3299 2800 3447 2861 inde

725 2917 1085 2996 procedens
1130 2920 1193 2978 in
1241 2917 1475 2979 eodem
1543 2920 1715 2979 venit
1774 2918 1858 2979 ad
1928 2918 2200 2980 domum
2263 2918 2441 2990 Liba,
2503 2918 2608 2978 ubi
2659 2915 2968 2978 Bokocha
3015 2914 3320 2977 dividitur
3363 2913 3445 2973 ad

725 3028 887 3092 duas
945 3041 1160 3109 partes
1222 3041 1283 3092 et
1347 3034 1412 3092 in
1472 3032 1625 3104 riv0‚
1689 3033 1791 3110 qui
1857 3041 1954 3092 est
2016 3051 2053 3091 a
2113 3041 2296 3111 parte
2357 3030 2756 3103 occidentali,
2800 3031 2972 3090 venit
3036 3027 3121 3089 ad
3188 3028 3442 3088 vineam

728 3145 1013 3226 magistri
1072 3144 1285 3219 Ernei,
1329 3144 1480 3205 inde
1540 3163 1655 3223 per
1714 3145 1947 3205 vallem
2009 3144 2094 3206 ad
2154 3144 2417 3205 arbores
2476 3143 2588 3204 bik
2638 3143 3110 3224 crucesignatas
3155 3151 3220 3200 et
3271 3149 3443 3200 meta

725 3263 931 3317 terrea
993 3257 1421 3330 circumfusaS,
1466 3256 1615 3318 inde
1679 3257 2034 3336 procedens
2093 3277 2209 3337 per
2253 3259 2548 3319 semitam
2607 3259 2801 3317 intrat
2845 3255 3092 3328 silvam,
3137 3255 3316 3314 venit
3363 3251 3442 3313 ad

725 3365 1062 3443 Kalistam,
1108 3369 1217 3429 ubi
1263 3380 1359 3430 est
1405 3369 1597 3429 arbor
1641 3368 1753 3430 bik
1798 3372 2238 3452 crucesignata
2282 3380 2347 3431 et
2393 3381 2566 3430 meta
2610 3379 2817 3430 terrea
2872 3365 3275 3440 circumfusa,
3320 3383 3444 3445 que

726 3478 976 3541 Kalista
1038 3494 1133 3542 est
1194 3484 1373 3543 iuxta
1430 3483 1598 3542 viam
1661 3465 1804 3562 que'
1848 3493 2115 3543 vocatur
2175 3485 2274 3544 via
2322 3481 2680 3556 Colomani‚
2743 3482 2850 3542 ubi
2923 3482 3231 3540 vicinatur
3284 3490 3442 3539 terre

725 3591 929 3668 Bank‚
992 3594 1142 3655 inde
1202 3613 1317 3672 per
1377 3594 1611 3655 beerch
1671 3595 1755 3656 ad
1817 3596 2116 3656 arborem
2180 3594 2292 3655 bik
2351 3596 2858 3677 crucesignatam
2908 3604 2972 3654 et
3017 3602 3191 3653 meta
3238 3602 3444 3652 terrea

724 3705 1195 3780 circumfusam,
1241 3708 1328 3768 ibi
1374 3710 1682 3769 vicinatur
1727 3719 1893 3768 terre
1936 3707 2206 3788 predicti
2252 3710 2506 3768 comitis
2536 3708 2837 3778 Tiburcii,
2867 3705 3017 3767 inde
3050 3704 3132 3766 de
3163 3707 3284 3777 via„
3317 3723 3438 3782 que

722 3816 958 3881 dicitur
1018 3821 1115 3880 via
1179 3818 1537 3896 Colomani,
1586 3823 1755 3882 venit
1817 3821 1904 3883 ad
1964 3822 2156 3883 aliam
2217 3824 2384 3882 viam
2435 3832 2500 3882 et
2544 3839 2659 3900 per
2721 3829 3014 3880 montem
3060 3818 3143 3879 ad
3191 3829 3440 3899 partem

722 3931 1235 4007 meridionalem,
1285 3933 1389 3992 ubi
1436 3943 1531 3994 est
1580 3934 1771 3994 arbor
1818 3932 1930 3994 bik
1959 3937 2432 4016 ,crucesignata‚
2479 3936 2542 3994 in
2589 3933 2822 3995 eadem
2869 3935 2970 3994 via
3013 3933 3096 3994 ad
3145 3933 3440 3994 arborem

728 4041 947 4106 harazt
993 4042 1549 4127 crucesi(gna)tam
1598 4058 1771 4108 meta
1801 4057 2006 4108 terrea
2051 4048 2525 4122 circumfusam,
2570 4048 2721 4108 inde
2769 4049 2995 4108 iterum
3029 4047 3113 4108 ad
3142 4046 3439 4108 arborem

722 4153 943 4240 harazt
990 4161 1495 4240 crucesignatam
1540 4171 1605 4220 et
1651 4170 1822 4220 meta
1870 4170 2076 4222 terrea
2141 4160 2612 4234 circumfusam,
2658 4160 2810 4221 inde
2855 4159 2940 4222 ad
2985 4160 3294 4221 arborem
3338 4157 3444 4218 bik

717 4274 1231 4355 crucesignatam
1293 4283 1358 4334 et
1418 4283 1592 4335 meta
1654 4284 1858 4335 terrea
1921 4273 2389 4349 circumfusam,
2449 4273 2602 4335 inde
2665 4273 2994 4334 declinans
3053 4272 3137 4333 ad
3201 4283 3442 4352 partem

716 4385 1099 4446 orientalem
1161 4385 1246 4446 ad
1306 4387 1603 4447 arborem
1650 4389 1785 4448 niar
1837 4388 2346 4472 crucesignatam
2395 4397 2459 4447 et
2511 4397 2684 4448 meta
2731 4397 2936 4448 terrea
2982 4385 3442 4456 circumfusam,

720 4493 879 4557 inde
931 4499 1016 4558 ad
1064 4509 1312 4577 partem
1363 4500 1848 4562 meridionalem
1880 4511 2318 4580 per.montem
2356 4501 2416 4560 in
2453 4500 2686 4561 eadem
2718 4503 2821 4561 via
2857 4501 3031 4561 venit
3077 4499 3164 4561 ad
3209 4509 3438 4560 metam

725 4616 1001 4671 terream
1050 4622 1116 4671 et
1158 4630 1275 4691 per
1318 4613 1597 4674 eandem
1641 4615 1809 4673 viam
1843 4613 2016 4674 vadit
2063 4614 2146 4674 ad
2194 4615 2474 4691 priorem
2522 4622 2764 4674 metam
2812 4623 2879 4674 et
2924 4613 3010 4674 ibi
3060 4614 3438 4674 terminatur.

727 4718 819 4781 Ut
878 4733 1094 4785 autem
1157 4725 1277 4785 hec
1346 4734 1562 4786 nostra
1624 4725 1898 4786 donacio
1961 4727 2156 4788 robur
2220 4735 2530 4804 perpetue
2591 4725 2908 4788 firmitatis
2968 4727 3286 4800 obtineat,
3331 4741 3442 4786 nec

727 4849 1033 4911 processu
1096 4847 1467 4916 temporum
1512 4857 1628 4918 per
1674 4842 2044 4918 quempiam
2093 4843 2154 4901 in
2204 4841 2444 4901 irritum
2509 4841 2718 4901 valeat
2779 4843 3082 4916 revocari,
3130 4841 3302 4901 dicto
3343 4857 3440 4899 co-

730 4949 867 5008 miti
928 4951 1240 5012 Perchino
1301 4962 1631 5031 presentes
1695 4955 2130 5015 concessimus
2175 4953 2416 5015 litteras
2461 4954 2734 5033 duplicis
2779 4954 2962 5038 sigilli
3007 4958 3206 5016 nostri
3253 4955 3442 5015 muni-

731 5063 902 5123 mine
945 5063 1297 5126 roborataS.
1344 5064 1587 5127 Datum
1635 5085 1749 5146 per
1796 5084 2024 5126 manus
2070 5067 2354 5147 magistri
2415 5065 2726 5129 Demetrii
2772 5071 3078 5149 prepositi
3129 5067 3434 5136 AlbensiS,
