3797 5795
1777 409 1858 417 —
1916 373 2169 437 296——

1890 667 2085 747 790.

627 843 828 924 1264,
874 847 935 909 7.
981 843 1203 927 maja.
1251 842 1310 909 U
1357 842 1623 907 Kninu.

631 1032 940 1116 Stjepan,
984 1031 1359 1116 primorski
1399 1033 1551 1104 ban,
1603 1030 1975 1116 dosudjuje
2042 1031 2273 1094 Ivanu
2321 1030 2379 1093 iz
2426 1030 2663 1093 Zadra
2706 1036 2914 1113 pravo
2961 1049 3055 1090 na
3096 1025 3347 1112 pos-sed

1484 1145 1715 1230 zemlje
1759 1166 1807 1206 u
1856 1141 2484 1208 Grabrovibam'ma.

803 1337 941 1398 Nos
986 1337 1350 1419 Stephanus
1395 1339 1601 1400 banus
1646 1339 2002 1400 maritimus
2048 1356 2267 1398 comes
2298 1338 2489 1396 trium
2522 1353 2903 1414 camporum
2936 1345 3000 1395 et
3034 1332 3115 1394 de
3147 1330 3339 1397 Clisia

629 1451 1056 1533 significamus
1118 1462 1344 1513 tenore
1411 1453 1809 1530 presencium
1889 1451 2122 1529 quibus
2196 1448 2459 1528 expedit
2536 1449 2867 1522 uniuersiS,
2937 1446 3115 1526 quod
3185 1446 3337 1506 Ivan

629 1563 998 1646 Nosdronig
1066 1565 1147 1625 de
1208 1563 1417 1644 Jadra‚
1485 1583 1632 1624 cum
1701 1574 1917 1644 ageret
1988 1581 2209 1624 coram
2277 1562 2463 1622 nobis
2532 1571 2755 1621 contra
2834 1559 3339 1621 &Valcomerium

631 1676 827 1737 filium
875 1675 1108 1738 Slauch
1142 1678 1224 1737 de
1254 1679 1668 1758 generatione
1713 1675 2023 1758 Draginig
2069 1694 2259 1755 super
2302 1675 2475 1735 facto
2519 1675 2833 1753 portionis
2879 1675 3099 1753 quinte
3143 1674 3341 1751 partis

630 1790 714 1851 de
757 1801 922 1850 terra
971 1788 1511 1861 Grabrouichane‚
1557 1808 1752 1866 quam
1800 1800 2032 1849 terram
2083 1787 2413 1868 possident
2446 1787 2596 1848 dicti
2631 1786 2993 1868 Draginichi
3044 1785 3340 1859 dicend0,

617 1903 808 1982 .quod
871 1905 1075 1982 ipsam
1141 1906 1430 1982 quintam
1493 1913 1742 1982 partem
1809 1904 2123 1981 portionis
2183 1921 2295 1962 sue
2342 1904 2476 1980 ipse
2524 1900 2994 1961 Walcomerius
3055 1898 3339 1959 indebite

626 2027 1006 2094 occupatam
1057 2016 1384 2090 detineret,
1431 2015 1696 2076 tandem
1759 2015 1932 2076 idem
1999 2015 2465 2076 Walcomerius
2509 2033 2579 2074 se
2626 2016 2828 2092 ipsam
2880 2015 3097 2090 quinte
3143 2014 3339 2092 partis

627 2131 993 2208 portionem
1042 2128 1202 2189 dixit
1235 2129 1463 2189 emisse
1496 2128 1578 2188 de
1611 2127 1880 2188 Obrado
1929 2131 2069 2189 ciue
2117 2127 2509 2188 Berberiensi
2542 2137 2606 2188 et
2638 2127 2721 2187 ad
2753 2127 2877 2187 hoc
2910 2119 3337 2210 Mi[roz]laum

623 2252 693 2302 et
729 2241 1139 2302 Wolchetam
1172 2251 1366 2302 testes
1396 2242 1556 2303 dixit
1589 2261 1657 2302 se
1689 2241 1941 2302 habere.
1992 2239 2282 2319 Quorum
2332 2243 2592 2301 testium
2640 2241 3029 2320 inquisitioni
3054 2240 3338 2319 partibus

623 2353 989 2415 uolentibus
1034 2353 1077 2414 d
1127 2402 1504 2414 .......
1550 2353 1931 2434 particulam
1963 2362 2128 2414 terre
2159 2356 2681 2435 assignassemu5‚
2713 2353 2969 2414 rediens
2997 2352 3339 2432 pristaldus

623 2466 982 2528 Raduslaus
1045 2467 1246 2548 Kasig
1292 2467 1637 2546 respondit,
1705 2468 1882 2544 quod
1932 2515 2310 2527 .......
2360 2478 2555 2528 testes
2604 2466 2791 2528 nichil
2837 2467 2919 2526 de
2967 2465 3338 2527 uenditione

624 2579 726 2639 uel
775 2583 1102 2660 emptione
1162 2583 1510 2660 prescripte
1571 2591 1735 2641 terre
1797 2583 2029 2642 scirent
2090 2580 2193 2641 uel
2253 2580 2618 2641 audiissent.
2672 2579 2865 2641 Vnde
2928 2580 3075 2659 quia
3143 2589 3337 2640 testes

620 2690 776 2752 dicti
809 2692 1220 2754 Walcomerii
1253 2712 1366 2772 per
1397 2712 1579 2755 suam
1625 2696 1952 2773 propriam
1992 2696 2323 2773 optionem
2358 2693 2543 2754 electi
2575 2693 3001 2754 assercionem
3047 2692 3331 2753 eiusdem

629 2803 1039 2866 Walcomerii
1087 2825 1216 2866 non
1265 2806 1760 2880 affirmauerunt‚
1805 2809 2009 2886 ipsam
2057 2805 2434 2886 particulam
2480 2819 2649 2867 terre
2696 2806 2870 2867 dicto
2919 2807 3091 2867 Iwan
3123 2815 3189 2867 et
3210 2807 3339 2866 suis

627 2917 968 2979 heredibus
1013 2921 1145 2980 iure
1191 2930 1504 2999 perpetuo
1569 2920 1873 2982 duximus
1936 2940 2062 2981 una
2109 2940 2257 2983 cum
2305 2920 2629 2981 nobilibus
2692 2923 2869 3001 regni
2930 2919 3340 2981 statuendam

625 3041 692 3091 et
737 3031 999 3109 pacifice
1061 3032 1540 3111 possidendam.
1597 3032 1838 3094 Datum
1887 3035 1950 3094 in
1994 3033 2254 3113 Tynino
2316 3035 2382 3094 in
2445 3034 2770 3113 quindena
2816 3034 3017 3093 sancti
3065 3030 3343 3113 Georgii,

625 3161 800 3204 anno
844 3146 1088 3204 domini
1137 3145 1478 3206 millesimo
1526 3143 1672 3208 CC⁰
1692 3146 1983 3207 LX11110.

799 3256 942 3338 Ego
989 3257 1287 3319 Viuerius
1325 3257 1562 3319 Allexii
1604 3258 1965 3338 Jaderensis
2012 3262 2309 3333 notarim,
2366 3261 2499 3320 uisa
2530 3270 2591 3320 et
2623 3260 2907 3338 perlecta
2940 3268 3141 3318 matre
3167 3260 3343 3318 testis

623 3388 767 3429 sum
815 3372 879 3429 in
926 3367 1068 3431 filia.

811 3562 1176 3637 Originalm'
1219 3562 1499 3620 notarski
1530 3564 1796 3640 prijepis
1857 3584 1896 3621 u
1952 3564 2210 3638 gubern.
2281 3564 2503 3622 arkivu
2552 3584 2591 3621 u
2638 3564 2873 3631 Zadru,
2926 3564 3094 3635 (odio
3137 3581 3342 3618 samo-

624 3676 810 3724 stana
856 3686 942 3724 π).
991 3667 1059 3723 K
1052 3672 1317 3725 rs'evana
1364 3669 1623 3742 capsula
1671 3668 1914 3728 XXIII.
1960 3688 2162 3727 masso
2208 3670 2314 3733 F.)

1891 3962 2081 4041 791.

630 4134 832 4214 1264,
879 4136 942 4199 9.
988 4136 1208 4217 maja.
1256 4135 1317 4202 U
1361 4136 1817 4204 Cittavechii.

639 4325 871 4388 Urban
922 4323 1049 4386 JV.
1091 4332 1274 4409 papa
1338 4327 1572 4389 nalaie
1634 4328 2073 4411 nadbtskupu
2137 4325 2549 4402 zadarskom‚
2601 4326 2689 4389 da
2748 4323 2975 4408 primi
3032 4346 3075 4387 u
3137 4323 3337 4407 svoju

1359 4437 1854 4524 nadbz'skuptju
1904 4440 2184 4524 Franju
2250 4439 2618 4523 Tanaltgu.

804 4628 1204 4711 (Laurentio)
1252 4630 1732 4712 archiepiscopo
1773 4632 2079 4712 Jadrensi.
2150 4631 2467 4693 Volentes
2527 4632 2760 4694 dilecto
2820 4631 2955 4692 filio
3000 4630 3055 4693 F
3058 4632 3345 4693 rancisco

623 4754 776 4804 nato
818 4742 1046 4803 nobilis
1110 4744 1216 4803 viri
1283 4742 1526 4805 Nicolai
1594 4745 1745 4806 dicti
1806 4744 2123 4827 Tanaligo
2186 4744 2267 4806 de
2332 4746 2623 4808 Venetiis
2684 4745 2934 4820 clerico,
2982 4744 3225 4806 nullum
3274 4758 3345 4806 ut

621 4858 843 4917 asserit
889 4852 1272 4918 beneficium
1321 4858 1812 4919 ecclesiasticum
1879 4872 2173 4919 assecuto
2222 4859 2493 4920 obtentu
2540 4858 2753 4920 dilecti
2799 4857 2904 4920 filii
2956 4858 3187 4920 nobilis
3234 4860 3345 4919 viri

625 4968 949 5030 Laurentii
1001 4970 1318 5049 Theopoli
1369 4972 1496 5031 nati
1532 4970 1859 5049 quondam
1887 4972 2111 5052 Jacobi
2142 4971 2460 5051 Theopoli
2494 4972 2673 5033 ducis
2706 4973 3109 5035 Venetorum
3143 4976 3345 5035 nostri

623 5092 686 5141 et
735 5082 1001 5143 ecclesie
1049 5101 1312 5144 romane
1382 5083 1594 5143 devoti
1667 5084 1852 5144 nobis
1922 5104 2111 5163 super
2170 5084 2295 5145 hoc
2354 5104 2503 5146 cum
2584 5087 2881 5147 instantia
2928 5087 3345 5167 supplicantis
