3797 5795
1536 331 1798 394 —267
1860 363 1949 374 --

380 529 571 580 tenus
638 529 947 580 steterunt
1022 520 1389 599 relinquatis
1463 539 1855 599 permanere,
1928 533 1991 580 vt
2043 523 2157 600 ipsi
2227 523 2482 582 racione
2557 521 3091 600 proclamacionis

381 634 749 712 supradicte
793 651 907 712 per
954 632 1197 693 nullum
1259 634 1505 712 possint
1566 633 1823 694 ulterius
1870 634 2210 708 molestari,
2254 633 2371 694 sed
2414 636 2638 712 pocius
2683 634 2766 694 ad
2813 643 3091 696 vestrum

380 747 719 807 seruicium
766 756 831 805 et
877 745 1189 805 honorem
1236 745 1493 806 ualeant
1539 748 1956 828 augmentari,
1987 748 2271 807 maxime
2318 748 2465 824 quia
2513 748 2575 806 in
2622 745 2903 806 confinio
2941 757 3092 806 sunt

380 859 750 932 residenteS,
813 876 1003 936 super
1063 876 1192 937 quo
1255 857 1499 919 eisdem
1546 840 2113 937 LapuchiensibuS,
2158 869 2224 920 vt
2269 861 2333 920 in
2381 878 2540 938 pace
2584 871 2649 919 et
2693 837 2906 939 quiete
2951 877 3094 937 per-

381 982 690 1033 maneant
740 983 801 1031 et
848 972 984 1031 sine
1030 972 1291 1033 alicuius
1336 971 1855 1032 contradiccione
1900 981 2177 1032 vestrum
2243 971 2588 1053 dignemini
2637 972 2928 1032 conferre
2971 973 3094 1050 pri-

382 1087 707 1166 uilegium.

559 1279 625 1335 Iz
670 1274 882 1335 listine
924 1277 1132 1352 kralja
1180 1279 1328 1334 Bele
1372 1279 1458 1334 od
1501 1279 1645 1352 god.
1711 1280 1825 1333 1:26
1832 1281 1883 1333 3.
1951 1279 2172 1334 izdane
2231 1277 2637 1353 Lapc‘anima‚
2699 1277 2840 1351 kqju
2869 1279 2944 1350 je
2977 1285 3088 1352 po-

382 1383 589 1440 tvrdio
648 1381 820 1452 kralj
872 1381 946 1438 K
934 1383 1071 1439 arlo
1129 1381 1361 1440 Robert
1408 1383 1549 1456 god.
1615 1383 1787 1438 1322.
1854 1383 1947 1436 13.
1997 1381 2262 1438 oktobra.
2332 1417 2414 1422 -—
2486 1381 2784 1456 Orzjginal
2845 1382 3094 1457 potonje

384 1507 429 1544 u
476 1487 569 1544 kr.
614 1506 759 1544 zem.
810 1485 1038 1546 arkivu
1071 1507 1111 1544 u
1144 1485 1426 1560 Zagrebu
1448 1506 1467 1542 :
1511 1485 1661 1542 Doc.
1713 1485 1907 1542 medii
1949 1487 2093 1543 aevi
2133 1507 2191 1544 a.
2244 1489 2416 1542 1:363.
2457 1520 2534 1528 -—
2569 1485 2774 1542 Karla
2820 1483 3087 1542 Roberta

382 1593 605 1648 listinu
640 1593 927 1668 potvrdio
972 1599 1109 1668 opet
1148 1612 1205 1666 g.
1243 1593 1410 1645 1355.
1459 1589 1756 1662 Ljudevit
1781 1590 1855 1658 J„
1915 1609 1956 1646 a
2001 1599 2066 1647 ta
2101 1592 2368 1666 potvrda
2415 1591 2628 1646 nalazi
2669 1609 2736 1646 se
2782 1609 2823 1645 u
2869 1587 3093 1645 arkivu

381 1695 853 1770 jugoslavenske
898 1697 1247 1770 akademije
1282 1695 1415 1771 pod
1453 1693 1816 1757 Diplomata
1863 1714 1921 1750 a.
1972 1698 2145 1750 1263.

1649 1992 1845 2071 765.

385 2163 587 2243 1263,
632 2163 897 2246 posliJe
944 2165 1055 2228 14.
1102 2162 1433 2231 oktobra.

391 2353 569 2416 Bela
614 2354 807 2438 kralj
846 2354 1137 2438 ugarskz'
1176 2353 1211 2416 ι’
1248 2354 1566 2417 lzrvatskz'
1594 2355 1994 2439 potvrdjuje
2033 2351 2458 2438 plemem'tz'm
2507 2351 2934 2436 Lapo‘am‘ma
2979 2371 3092 2413 sve

1599 2467 1879 2530 slobode.

565 2657 716 2717 Bela
762 2657 863 2718 dei
910 2660 1119 2739 gracia
1170 2659 1513 2741 Hungarie‚
1560 2658 1908 2733 Dalmacie‚
1955 2657 2236 2734 Croacie,
2283 2659 2503 2732 Rame,
2549 2657 2786 2731 Seruie,
2810 2655 3094 2728 Gallicie,

388 2768 797 2844 Lodomerie,
845 2768 1286 2850 Cumanieque
1333 2791 1447 2832 rex
1493 2773 1791 2833 omnibus
1854 2770 2084 2835 Christi
2147 2771 2440 2833 fidelibus
2483 2780 2812 2850 presentes
2857 2769 3094 2830 litteras

389 2883 764 2964 inspecturis
810 2885 1078 2946 salutem
1111 2887 1174 2945 in
1206 2887 1495 2946 omnium
1536 2884 1869 2947 saluatore.
1902 2883 2012 2946 Ad
2041 2887 2475 2946 vniuersorum
2522 2885 2822 2945 noticiam
2870 2893 3094 2944 tenore

386 2998 787 3075 presencium
835 2999 1128 3058 volumus
1172 3001 1522 3077 peruenire,
1566 2999 1744 3079 quod
1790 2997 2155 3078 Stephanus
2185 3009 2249 3060 et
2279 2997 2382 3059 alii
2429 2997 2676 3058 nobiles
2707 2996 2790 3059 de
2823 2995 3091 3075 Lapuch

388 3110 475 3170 ad
537 3120 820 3171 nostram
881 3110 1261 3171 accedentes
1320 3114 1713 3191 presenciam
1778 3112 2146 3173 obtulerunt
2207 3111 2394 3172 nobis
2456 3110 2693 3171 litteras
2755 3108 2966 3169 dilecti
3028 3118 3092 3169 et

386 3222 596 3283 fidelis
641 3226 838 3285 nostri
886 3223 1160 3284 Rolandi
1209 3224 1358 3284 bani
1404 3222 1745 3287 Sclauonie
1790 3226 1853 3285 in
1902 3225 2020 3285 hec
2064 3224 2288 3285 verba:

566 3338 828 3413 (Slg'jedi
860 3340 1206 3415 prediduc‘e
1239 3340 1443 3415 pismo
1490 3338 1655 3396 bana
1702 3340 1995 3397 Rolanda
2042 3340 2400 3416 upravljeno
2469 3358 2554 3396 na
2613 3336 2820 3412 kralja
2881 3332 3087 3411 Belu).

564 3448 703 3509 Nos
748 3452 934 3530 igitur
979 3450 1393 3511 consideratis
1438 3468 1663 3511 eorum
1710 3452 1988 3511 seruiciis
2033 3469 2158 3530 que
2190 3450 2375 3510 nobis
2407 3452 2469 3509 in
2500 3448 2780 3509 confinio
2825 3446 3094 3507 fideliter

387 3561 716 3636 exhibent,
762 3563 1241 3625 ordinacionem
1305 3582 1502 3643 quam
1549 3566 1685 3642 ipse
1729 3562 2064 3625 Rolandus
2124 3563 2328 3623 banus
2375 3562 2692 3622 ordinauit
2737 3568 2941 3620 ratam
2987 3558 3094 3618 ha-

386 3675 617 3735 bentes
662 3684 726 3735 et
773 3684 1125 3754 acceptam,
1168 3677 1491 3755 predictos
1524 3676 2003 3755 Lapuchienses
2032 3686 2168 3736 tum
2199 3685 2462 3755 propter
2506 3675 2838 3735 seruicium
2871 3690 3094 3732 eorum

386 3786 744 3848 exhibitum
792 3800 854 3849 et
903 3790 964 3849 in
1014 3788 1294 3850 futurum
1356 3788 1796 3850 exhibendum
1857 3801 1996 3849 tum
2055 3791 2259 3849 eciam
2306 3808 2424 3867 pro
2471 3806 2569 3862 e0‚
2616 3784 2791 3864 quod
2837 3785 2922 3846 ad
2970 3803 3095 3844 ser-

386 3903 625 3961 uicium
694 3901 881 3962 nobis
926 3912 989 3962 et
1036 3900 1369 3963 karissimo
1431 3902 1560 3963 filio
1622 3911 1845 3963 nostro
1890 3902 2043 3963 Bele
2089 3901 2234 3962 duci
2282 3899 2785 3981 impendendum
2845 3899 3095 3959 valeant

385 4016 803 4095 augmentari,
851 4017 912 4074 in
959 4016 1195 4075 eodem
1256 4026 1423 4076 statu
1484 4025 1550 4077 et
1608 4016 1673 4075 in
1734 4016 1962 4077 eadem
2026 4014 2334 4089 libertate,
2395 4016 2554 4075 sicut
2599 4011 2908 4073 hactenus
2953 4030 3093 4090 per-

388 4136 781 4203 manserunt,
827 4127 1130 4188 duximus
1188 4128 1660 4207 relinquendos,
1707 4128 1828 4188 hoc
1874 4138 2090 4189 tamen
2154 4126 2452 4188 nolumus
2511 4125 2910 4205 aliquatenus
2954 4143 3095 4203 pre-

387 4241 671 4313 termitti,
716 4240 895 4320 quod
963 4241 1151 4301 nobis
1195 4250 1259 4301 et
1306 4240 1456 4301 Bele
1526 4241 1671 4302 duci
1744 4238 2078 4301 karissimo
2146 4239 2276 4301 filio
2345 4247 2565 4300 nostro
2632 4257 2779 4299 cum
2827 4238 2912 4297 ad
2956 4236 3093 4297 illas

386 4362 603 4432 partes
663 4355 1043 4429 uenerimus,
1107 4354 1452 4414 descensus
1511 4354 1665 4415 dare
1710 4354 2113 4415 tenebuntur.
2163 4352 2233 4412 In
2279 4354 2456 4413 cuius
2515 4353 2603 4412 rei
2660 4351 3094 4412 testimonium

384 4476 717 4545 presentes
777 4466 1022 4527 eisdem
1082 4466 1379 4529 dedimus
1440 4467 1677 4528 litteras
1722 4467 1992 4546 duplicis
2036 4465 2216 4547 sigilli
2264 4468 2460 4525 nostri
2509 4466 2859 4524 munimine
2902 4462 3093 4522 robo-

385 4589 569 4641 ratas.
616 4578 859 4640 Datum
922 4597 1035 4658 per
1095 4598 1323 4642 manus
1385 4582 1663 4662 magistri
1724 4580 1779 4641 F
1780 4578 2009 4641 arkasii
2069 4578 2252 4639 electi
2297 4576 2616 4650 AlbensiS,
2675 4576 2818 4636 aule
2879 4585 3095 4635 nostre

385 4692 898 4769 vicecancellarii,
945 4692 1157 4754 dilecti
1188 4703 1252 4754 et
1283 4692 1488 4754 fidelis
1526 4696 1740 4767 nostri,
1785 4712 1959 4753 anno
1988 4693 2232 4754 domini
2284 4690 2620 4751 millesimo
2653 4690 3094 4750 ducentesimo

386 4806 792 4886 sexagesimo
838 4808 1053 4879 terci0,
1099 4808 1276 4887 regni
1322 4816 1538 4867 autem
1587 4807 1784 4866 nostri
1830 4824 2002 4866 anno
2048 4806 2352 4866 vicesimo
2397 4822 2591 4864 non0.

562 4938 630 4996 Iz
673 4939 1026 5013 ortginalne
1058 4941 1426 5016 potvrdnice
1469 4939 1676 5014 kralja
1723 4940 1927 4996 Karla
1974 4940 2058 4996 od
2087 4959 2153 5012 g.
2205 4940 2374 4994 1322.
2413 4958 2452 4994 u
2497 4936 2588 4993 kr.
2637 4955 2781 4993 zem.
2834 4934 3056 4992 arkivu
3077 4956 3097 4991 .·

386 5044 537 5102 Boe.
594 5044 791 5100 medii
832 5045 977 5100 aevi
1019 5063 1078 5100 a.
1128 5046 1299 5100 1263.
