3797 5795
1842 381 1902 390 —
1959 345 2086 408 392
2149 381 2268 446 ——·

670 537 1049 618 supradicte,
1114 555 1236 599 nec
1302 547 1535 598 terram
1602 536 1865 598 alicuius
1931 555 2280 616 occupasse
2339 535 2728 616 asserebant,
2791 545 2890 596 set
2933 547 3168 598 terram
3209 537 3384 618 Jalez

669 660 983 726 vocatam,
1028 668 1225 729 quam
1272 651 1572 711 dominus
1616 669 1732 710 rex
1776 651 1867 711 eis
1911 651 1976 710 in
2021 650 2472 710 concambium
2519 659 2686 710 terre
2731 667 2957 710 eorum
2999 649 3388 712 hereditarie

670 763 847 825 dedit
892 773 959 824 et
1002 763 1289 836 contulit,
1335 764 1608 824 vicinam
1656 762 1841 823 dictis
1884 763 2312 824 castrensibus
2341 761 2460 824 sub
2491 764 2767 843 antiquis
2799 765 2985 824 metis
3013 763 3387 824 distinctam

670 886 961 939 tenerent
1008 885 1073 938 et
1118 875 1519 955 possiderent
1564 877 1701 936 sine
1747 875 2010 936 alic-,nius
2053 875 2419 954 preiudicio.
2466 873 2764 954 Quorum
2813 893 2932 936 nos
2975 876 3208 938 auditis
3239 895 3389 954 pro—

667 989 1105 1070 posicionibus
1172 989 1341 1050 dicte
1408 988 1819 1048 contencioni
1884 988 2049 1048 inter
2113 998 2328 1067 partes
2371 987 2569 1050 finem
2615 989 2828 1050 facere
2873 989 3218 1068 cupientes,
3264 1008 3390 1068 pro

670 1105 927 1164 maioris
968 1101 1302 1163 euidencie
1348 1103 1589 1162 iusticia
1636 1101 1720 1162 ad
1764 1101 2118 1180 predictam
2165 1111 2399 1162 terram
2445 1097 2872 1186 [inuian]dam
2915 1112 2982 1163 et
3025 1103 3144 1163 sub
3191 1103 3388 1163 certis

670 1217 859 1276 metis
920 1214 1413 1296 distingendam,
1458 1214 1579 1274 sub
1626 1216 1994 1275 testimonio
2053 1214 2312 1293 capituli
2359 1214 2802 1296 Zagrabiensis
2855 1215 3157 1276 dilectum
3203 1225 3276 1276 et
3319 1213 3392 1274 fi-

673 1328 885 1389 delem
956 1337 1243 1388 nostrum
1306 1327 1455 1388 Inus
1514 1329 1819 1388 comitem
1881 1326 2372 1409 Zagrabiensem
2437 1323 2525 1412 [et
2585 1323 2764 1412 cu]m
2811 1327 3092 1389 Endrich
3141 1329 3391 1388 comite

672 1443 966 1515 terrestri,
1013 1440 1308 1516 Martino‚
1356 1440 1699 1513 Ventroso‚
1746 1439 1973 1514 Borch,
2015 1439 2280 1516 Dazlou‚
2324 1440 2585 1520 Zlayn0,
2629 1441 2874 1517 Rodia,
2919 1440 3200 1520 Bosyn0‚
3247 1439 3393 1503 Ste-

672 1553 893 1633 phano
938 1548 1067 1638 [de]
1125 1552 1431 1615 Wlkutha
1494 1553 1944 1635 iobagionibus
1989 1556 2175 1616 oestri
2223 1553 2661 1636 Zagrabiensis
2714 1555 3019 1615 duximus
3061 1552 3396 1614 transmit-

673 1667 961 1741 tendum,
1004 1669 1113 1747 qui
1158 1666 1245 1727 ad
1292 1685 1410 1727 nos
1454 1669 1519 1727 in
1564 1669 1821 1745 propria
1880 1684 2157 1746 persona
2218 1685 2341 1728 vna
2401 1685 2550 1728 cum
2607 1667 2912 1746 predictis
2955 1667 3393 1728 castrensibus

672 1780 1013 1841 redeuntes
1056 1779 1369 1859 prefatam
1416 1755 1651 1840 terram
1698 1780 1975 1840 filiorum
2026 1780 2323 1858 Wytalus
2369 1781 2734 1842 distinctam
2780 1801 2819 1841 a
2865 1782 3042 1841 terris
3088 1781 3282 1841 castri
3323 1789 3392 1839 et

674 1895 1027 1954 uicinorum
1090 1893 1212 1954 sub
1274 1893 1459 1953 metis
1519 1893 1930 1972 infrascriptis
1975 1902 2038 1954 et
2085 1896 2260 1954 iuxta
2317 1895 2616 1974 antiquas
2659 1895 2846 1954 nouis
2889 1893 3153 1956 eleuatis
3198 1893 3394 1953 nobis

671 2015 1090 2085 reportarunt.
1138 2003 1349 2084 Quam
1402 2006 1662 2084 quidem
1734 2017 1968 2066 terram
2014 2006 2134 2067 sub
2179 2006 2421 2068 eisdem
2471 2002 2705 2091 [metis]
2756 2009 2883 2068 iam
2929 2005 3394 2068 infradicendis

672 2119 978 2198 sepedicti
1022 2130 1375 2180 castrenses
1420 2137 1638 2180 coram
1686 2119 1873 2179 nobis
1917 2122 2054 2180 sine
2099 2119 2312 2200 aliqua
2373 2121 2890 2182 contradiccione
2931 2121 3069 2200 pari
3115 2129 3280 2180 uoto
3327 2129 3394 2179 et

672 2233 890 2294 animo
954 2235 1396 2312 permittentes
1458 2231 1847 2312 reliquerunt
1909 2233 2209 2312 predictis
2254 2231 2604 2294 Ambrosio
2649 2243 2714 2295 et
2761 2231 2943 2294 Benk
2987 2242 3052 2294 et
3097 2235 3392 2311 ipsorum

672 2345 1013 2407 heredibus
1074 2348 1139 2407 in
1198 2355 1581 2425 perpetuum
1627 2345 2088 2424 possidendam
2136 2345 2401 2426 pacifice
2447 2357 2510 2408 et
2558 2349 2788 2427 quiete,
2834 2345 3196 2428 obligantes
3251 2340 3393 2429 [se]‚

670 2472 740 2518 vt
787 2477 1192 2539 quecumque
1238 2461 1303 2519 in
1347 2467 1677 2538 posterum
1738 2459 1916 2519 litem
1965 2459 2062 2520 vel
2110 2460 2515 2538 questionem
2581 2459 2862 2536 aliquam
2907 2461 3166 2520 racione
3215 2458 3392 2519 dicte

672 2581 837 2632 terre
898 2583 1119 2633 contra
1180 2571 1343 2634 filios
1410 2571 1706 2650 Wytalus
1752 2581 2146 2632 memoratos
2191 2581 2256 2632 et
2300 2574 2582 2650 ipsorum
2647 2571 2912 2633 heredes
2982 2590 3251 2633 mouere
3301 2572 3394 2630 in-

672 2693 1080 2764 temptarent,
1140 2689 1276 2747 sine
1320 2687 1587 2764 strepitu
1637 2685 1906 2747 iudiciali
1963 2697 2272 2766 tanquam
2320 2685 2858 2764 calumpniatores
2903 2687 3394 2746 conuincantur.

670 2795 873 2860 Cuius
916 2807 1079 2860 terre
1124 2801 1330 2878 prima
1378 2808 1551 2860 meta
1597 2800 1814 2878 incipit
1860 2819 1898 2859 a
1945 2809 2126 2878 parte
2186 2798 2565 2860 occidentali
2611 2801 2788 2859 iuxta
2833 2797 3098 2859 fluuium
3147 2796 3394 2875 Blyzna

666 2910 733 2971 in
785 2915 979 2973 ueteri
1029 2922 1201 2974 meta
1245 2923 1451 2973 terrea
1497 2923 1561 2974 et
1607 2932 1791 2973 secus
1836 2931 2142 2995 magnam
2187 2914 2356 2973 viam
2404 2932 2530 2993 que
2580 2912 2750 2972 vadit
2797 2930 3018 2973 uersus
3049 2911 3394 2973 ecclesiam

666 3023 864 3086 beate
932 3024 1131 3087 Marie
1199 3027 1453 3107 virginis
1522 3025 1604 3086 de
1676 3023 2146 3105 Caranisapula,
2214 3044 2328 3105 per
2399 3044 2593 3105 quam
2671 3024 3090 3103 procedendo
3165 3042 3395 3085 uersus

664 3138 984 3199 orientem
1054 3158 1166 3218 per
1234 3138 1574 3220 virgultum
1645 3140 1817 3200 venit
1884 3139 1970 3199 ad
2041 3148 2322 3199 veterem
2391 3148 2651 3211 metam,
2695 3137 2847 3198 inde
2909 3138 3249 3216 prosiliens
3306 3136 3393 3197 ad

664 3252 845 3312 uiam
893 3270 1079 3313 cruce
1124 3253 1459 3333 signatam,
1504 3252 1610 3311 vbi
1656 3262 1753 3313 est
1799 3261 1972 3314 meta
2019 3262 2084 3313 et
2129 3253 2304 3313 uenit
2349 3270 2464 3330 per
2509 3251 2784 3312 eandem
2829 3250 2918 3311 ad
2962 3250 3222 3331 plagam
3259 3268 3394 3311 me-

665 3363 1051 3425 ridionalem
1087 3366 1149 3425 in
1182 3367 1513 3445 antiquam
1544 3376 1805 3439 metam,
1838 3365 1919 3425 de
1955 3383 2082 3443 qua
2111 3384 2228 3443 per
2266 3367 2471 3443 ipsam
2518 3366 2685 3425 viam
2730 3364 2903 3424 cadit
2950 3364 3012 3423 in
3059 3362 3392 3443 puplicam

665 3486 957 3551 stratam,
1002 3479 1105 3538 vbi
1154 3488 1249 3539 est
1294 3487 1497 3539 terrea
1562 3488 1733 3539 meta
1793 3481 2072 3559 antiqua,
2117 3497 2231 3557 per
2295 3496 2490 3556 quam
2553 3486 2816 3537 stratam
2878 3477 3095 3539 eundo
3166 3496 3394 3538 uersus

668 3591 990 3652 orientem
1048 3592 1223 3652 venit
1282 3590 1368 3651 ad
1427 3601 1711 3653 ueterem
1774 3601 2034 3665 metam,
2081 3591 2317 3652 deinde
2363 3590 2623 3651 ulterius
2666 3589 3028 3669 procedens
3074 3591 3137 3650 in
3185 3591 3392 3651 ueteri

668 3713 847 3765 meta
896 3704 1144 3785 reliquit
1188 3716 1395 3766 metas
1438 3705 1852 3766 castrensium
1901 3714 1968 3765 et
2010 3706 2228 3783 incipit
2289 3713 2508 3765 tenere
2555 3712 2758 3764 metas
2805 3704 2866 3763 in
2915 3714 3080 3764 terra
3125 3702 3392 3782 capituli

672 3814 1132 3898 Zagrabiensis
1179 3816 1433 3878 Deinde
1478 3817 1696 3877 eundo
1741 3836 1857 3896 per
1901 3820 2138 3878 siccam
2185 3816 2416 3877 vallem
2458 3834 2676 3878 uersus
2719 3816 3056 3877 meridiem
3104 3815 3277 3877 cadit
3327 3818 3392 3875 in

672 3929 998 4005 paludem,
1044 3950 1158 4010 per
1204 3949 1397 4009 quam
1448 3931 1617 3990 venit
1664 3929 1748 3989 ad
1797 3930 2012 3991 uillam
2046 3927 2318 4007 Chyhna
2365 3940 2680 4005 vocatam,
2724 3944 2896 3989 retro
2942 3947 3140 4004 quam
3185 3931 3392 4007 prosi-

676 4038 835 4104 liens
890 4044 971 4105 de
1031 4044 1267 4123 palude
1334 4044 1505 4105 cadit
1566 4045 1629 4103 in
1676 4030 1940 4103 fluuium
1987 4042 2314 4117 Thornua,
2360 4046 2423 4104 in
2473 4062 2602 4122 quo
2648 4062 2874 4123 parum
2922 4040 3388 4102 descendendo

676 4157 810 4216 exit
876 4156 960 4217 ad
1027 4166 1312 4218 ueterem
1383 4166 1642 4230 metam,
1711 4155 1813 4215 vbi
1881 4166 2060 4217 tenet
2128 4168 2332 4217 metas
2391 4175 2539 4217 curn
2585 4158 2763 4216 terris
2806 4156 2890 4217 ad
2937 4141 3388 4234 episcopatum

676 4271 1167 4346 pertinentibus;
1214 4271 1297 4332 ab
1344 4270 1494 4331 inde
1554 4268 1971 4348 procedendo
2031 4289 2146 4348 per
2205 4288 2432 4349 uepres
2493 4288 2712 4329 uersus
2759 4268 3164 4330 occidentem
3212 4269 3391 4329 venit

678 4381 761 4440 ad
807 4384 940 4444 uias
998 4385 1467 4465 crucesignatas
1512 4384 1578 4443 in
1622 4384 1956 4461 antiquam
2019 4393 2260 4443 metam
2325 4376 2529 4467 [infra]
2596 4382 2760 4442 duos
2819 4381 3034 4457 colles,
3079 4382 3163 4442 de
3233 4382 3383 4442 hinc

678 4512 792 4573 per
835 4515 1030 4557 unam
1078 4499 1242 4557 viam
1289 4496 1505 4558 eundo
1552 4498 1726 4557 venit
1771 4496 1854 4556 ad
1903 4496 2136 4556 densas
2179 4514 2419 4573 vepres
2466 4494 2569 4553 vbi
2615 4502 2711 4554 est
2757 4494 3020 4569 antiqua
3069 4504 3256 4567 meta,
3305 4494 3390 4553 de

680 4608 908 4686 quibus
954 4611 1249 4689 vepribus
1293 4612 1425 4671 exit
1470 4610 1534 4670 in
1582 4612 1714 4672 vias
1759 4612 2242 4690 crucesignatas,
2285 4608 2394 4667 vbi
2423 4615 2520 4667 est
2566 4608 2828 4685 antiqua
2875 4616 3065 4681 meta,
3103 4607 3186 4666 ab
3232 4606 3408 4669 inde.

678 4739 793 4800 per
838 4720 1099 4785 fluuium
1162 4723 1375 4784 Blizna
1434 4724 1606 4785 cadit
1666 4723 1884 4785 eundo
1932 4741 2044 4801 per
2091 4739 2286 4781 unam
2334 4721 2520 4793 viam,
2567 4720 2672 4780 vbi
2723 4716 2841 4803 [est
2887 4714 3096 4803 p]0ns,
3142 4720 3204 4780 in
3257 4737 3388 4797 quo

680 4832 874 4896 fluuio
940 4836 1227 4898 ascendit
1295 4856 1508 4897 versus
1578 4837 2102 4915 septemtrionem
2174 4844 2238 4895 et
2299 4834 2590 4913 peruenit
2655 4832 2740 4893 ad
2815 4842 3050 4893 metam
3107 4834 3385 4912 priorem

679 4950 893 5029 ibique
960 4952 1349 5011 terminatur.
1420 4950 1491 5010 In
1560 4950 1739 5010 cuius
1807 4948 2244 5008 testimonium
2311 4956 2820 5026 perpetuamque
2887 4944 3250 5007 firmitatem
3297 4943 3384 5003 ad

680 5065 1056 5125 instanciam
1114 5066 1401 5143 parcium
1462 5072 1793 5143 presentes
1855 5060 2241 5121 contulimus
2302 5057 2483 5141 sigilli
2556 5062 2752 5120 nostri
2803 5061 3152 5120 munimine
3197 5058 3386 5117 robo-
