3797 5795
1547 385 1772 445 —49
1844 421 1911 426 ——

1633 711 1830 791 574.

377 903 573 968 1256.
620 901 680 968 U
725 899 1081 986 Zaqrebu.

379 1091 652 1154 „llartin
697 1090 811 1154 sz'n
863 1091 1236 1176 Bogdanov
1289 1091 1574 1175 prodaje
1634 1092 1860 1156 Ivanu
1922 1093 2089 1156 sinu
2153 1093 2505 1158 Ivankovu
2558 1116 2743 1180 svoje
2788 1095 2957 1180 trsjje
3000 1119 3077 1159 za

1557 1211 1640 1268 14
1683 1209 1916 1290 pensci.

548 1395 912 1476 Capitulum
961 1397 1398 1478 Zagrabiensis
1460 1398 1726 1459 ecclesie
1787 1399 2086 1459 omnibus
2146 1417 2406 1477 presens
2467 1402 2771 1479 scriptum
2835 1402 3081 1480 inspec-

374 1512 527 1570 turis
571 1508 840 1570 salutem
887 1512 950 1569 in
999 1509 1284 1570 domin0.
1329 1508 1439 1570 Ad
1487 1513 1923 1571 universorum
1959 1512 2261 1571 noticiam
2308 1511 2532 1572 harum
2580 1514 2739 1574 serie
2784 1512 3082 1574 volumus

372 1623 718 1701 pervenire,
781 1623 957 1700 quod
1021 1623 1380 1683 constitutis
1458 1624 1521 1682 in
1583 1633 1800 1684 nostra
1861 1625 2189 1702 presencia
2250 1625 2335 1684 ab
2396 1644 2521 1685 una
2582 1634 2763 1704 parte
2830 1625 3081 1686 Marino

372 1735 502 1796 filio
567 1735 830 1817 Bogdan
893 1734 975 1795 de
1037 1735 1240 1813 Blyna
1285 1747 1350 1796 et
1412 1735 1496 1795 ab
1541 1735 1736 1796 altera
1790 1734 2085 1815 Johanne
2146 1735 2275 1797 filio
2334 1737 2626 1798 Iwanech
2676 1738 2758 1800 de
2819 1737 3083 1811 Sernov,

371 1849 544 1909 idem
607 1849 890 1910 Marinus
951 1858 1076 1909 tres
1143 1851 1358 1908 vineas
1418 1868 1564 1910 suas
1622 1851 1772 1909 sitas
1834 1851 1895 1907 in
1943 1847 2207 1922 Sernov,
2268 1851 2447 1910 iuxta
2512 1850 2735 1911 silvam
2806 1850 3083 1924 Lomna,

373 1981 534 2039 quas
578 1981 647 2022 se
693 1962 853 2022 dixit
913 1962 1262 2022 obtinuisse
1308 1981 1344 2021 a
1391 1960 1565 2022 dicto
1619 1960 1915 2041 Johanne
1962 1961 2084 2021 litis
2140 1962 2381 2036 ordine,
2442 1981 2662 2023 coram
2708 1963 2881 2023 bano
2928 1982 3082 2024 con-

371 2075 570 2134 sessus
615 2085 740 2136 est:
787 2093 856 2135 se
902 2073 1262 2134 vendidisse
1308 2074 1518 2134 eidem
1559 2073 1834 2154 Johanni
1882 2077 2014 2134 iure
2060 2085 2373 2154 perpetuo
2408 2077 2543 2136 sine
2574 2075 3081 2136 contradictione

369 2187 650 2262 qualibet
719 2187 1140 2266 possidendas
1199 2206 1316 2266 pro
1380 2187 1861 2264 quatuordecim
1927 2191 2155 2266 pensiS,
2224 2207 2383 2267 quas
2444 2207 2511 2248 se
2574 2190 2733 2248 dixit
2794 2190 2878 2249 ab
2939 2191 3078 2267 ipso

359 2299 654 2380 Johanne
699 2301 979 2380 plenarie
1025 2302 1354 2380 recepisse,
1401 2303 1486 2360 ita
1535 2301 1710 2378 quod
1753 2300 1961 2361 dictus
2010 2301 2293 2362 Marinus
2336 2311 2399 2362 et
2446 2301 2715 2362 heredes
2761 2304 2853 2362 sui
2902 2300 3079 2362 here-

367 2414 654 2493 dumque
699 2433 1094 2474 successores
1139 2413 1399 2474 easdem
1431 2413 1532 2473 vel
1562 2414 1716 2473 alias
1764 2432 2201 2493 quascumque
2247 2416 2461 2474 vineas
2492 2415 2556 2474 in
2590 2417 2729 2493 ipso
2762 2416 3077 2475 territorio

366 2527 616 2587 Sernov
679 2526 1040 2587 facultatem
1107 2545 1236 2586 non
1300 2526 1577 2586 habeant
1624 2526 1706 2585 de
1751 2541 1967 2586 cetero
2032 2525 2379 2604 repetendi.
2430 2525 2499 2586 In
2547 2527 2723 2586 cuius
2770 2528 2856 2586 rei
2901 2528 3076 2587 testi-

367 2642 656 2700 monium
704 2650 1031 2718 presentes
1075 2638 1283 2699 literas
1329 2637 1414 2698 ad
1458 2641 1832 2698 instanciam
1881 2641 2165 2717 parcium
2214 2639 2601 2699 contulimus
2646 2639 2823 2720 sigilli
2874 2641 3073 2700 nostri

367 2754 720 2812 munimine
765 2752 1110 2812 roboratas.
1158 2751 1398 2813 Datum
1430 2771 1544 2829 per
1576 2769 1805 2812 manus
1835 2753 2117 2833 magistri
2164 2751 2532 2830 MychaeliS,
2579 2753 2832 2813 lectoris
2863 2763 3079 2812 nostre

366 2864 650 2939 ecclesie,
694 2884 866 2926 anno
912 2865 996 2926 ab
1043 2865 1487 2926 incarnacione
1533 2865 1774 2925 domini
1827 2863 2012 2929 MCC
2059 2867 2590 2947 quinquagesimo
2638 2875 2844 2925 sexto.

542 3059 836 3132 Privileg.
887 3068 1200 3115 monaster
1241 3028 1311 3114 Β.
1375 3059 1431 3114 V.
1469 3058 1720 3113 sisariae
1766 3058 1843 3115 de
1884 3058 1940 3114 Τ
1930 3057 2128 3133 oplica
2176 3077 2268 3114 nc).
2300 3058 2661 3115 XXXVIII.
2700 3091 2783 3099 —
2826 3056 3077 3113 Tkalc'ic'

367 3165 647 3221 Allonum.
696 3165 946 3239 episcop.
981 3163 1244 3235 Zagrab.
1288 3163 1336 3220 I.
1373 3166 1497 3220 114.
1537 3194 1606 3202 ——
1653 3162 1895 3219 lVenzel
1945 3162 2085 3220 Cod.
2132 3163 2280 3239 dipl.
2326 3162 2471 3237 Arp.
2524 3161 2637 3219 XI.
2694 3164 2816 3215 434
2863 3162 3085 3217 donosi

369 3277 586 3343 regest.
639 3302 716 3309 —
767 3268 1140 3343 Kukulje’vic‘
1181 3268 1314 3340 Reg
1341 3260 1454 3323 ’κω
1511 3268 1650 3323 724.

1621 3660 1816 3741 575.

373 3770 500 3832 125
512 3769 575 3834 6.
623 3768 682 3834 U
727 3767 1008 3851 Spjetu.

367 3958 782 4043 *Vadbt‘s-kup
827 3956 1148 4042 Rogerz'je
1194 3956 1412 4018 zalaie
1483 3953 1681 4017 Tomi
1736 3952 2188 4037 arcz‘djakonu
2239 3952 2439 4015 o‘etz'rz'
2486 3952 2758 4016 srcbrne
2796 3954 3075 4036 posude.

547 4152 616 4212 ln
665 4153 925 4212 nomine
971 4150 1210 4211 domini
1247 4168 1454 4209 amen.
1506 4146 1643 4229 Ego
1694 4148 2002 4228 Rogerius
2048 4146 2152 4207 dei
2198 4148 2395 4227 gratia
2443 4144 2835 4224 Spalatensis
2880 4146 3077 4205 archi-

364 4268 706 4345 episcopus
766 4264 1076 4325 confiteor
1137 4281 1248 4341 per
1310 4261 1433 4321 hoc
1493 4262 1816 4340 scriptum,
1886 4262 2033 4338 quia
2095 4262 2299 4338 recepi
2349 4279 2386 4320 a
2434 4269 2497 4319 te
2558 4258 2813 4319 Thoma
2875 4258 3073 4318 archi-

365 4380 644 4439 diacono
691 4378 1047 4457 Spalatensi
1095 4376 1424 4456 sexaginta
1466 4374 1656 4435 libras
1703 4374 2110 4434 denariorum
2160 4372 2241 4433 de
2298 4372 2567 4451 pecunia
2603 4370 2848 4431 domini
2893 4390 3077 4451 pape,

365 4512 486 4571 pro
533 4492 764 4569 quibus
827 4488 1056 4550 tradidi
1109 4488 1220 4548 tibi
1267 4498 1542 4567 quatuor
1587 4506 1734 4547 vasa
1780 4496 2101 4567 argentea,
2168 4505 2283 4545 sex
2346 4504 2591 4545 marcas
2636 4483 3075 4563 ponderanda,

365 4608 452 4667 ita
501 4604 677 4683 quod
724 4605 772 4663 si
820 4612 1154 4683 pretaxata
1215 4602 1484 4679 pecunia
1544 4609 1726 4661 extra
1785 4600 2105 4660 civitatem
2170 4596 2481 4659 tradenda
2548 4598 2751 4671 fuerit,
2812 4607 2881 4657 tu
2926 4600 3075 4657 assi-

366 4719 594 4799 gnabis
639 4717 866 4777 eadem
917 4736 1064 4775 vasa
1111 4715 1194 4775 ad
1244 4732 1469 4773 manus
1516 4708 1828 4791 Gru(b)cii
1885 4712 1983 4771 vel
2031 4712 2292 4771 alicuius
2336 4712 2690 4771 amicorum
2738 4727 2963 4769 eorum
3010 4718 3073 4769 et

365 4833 632 4910 recipies
675 4830 1012 4909 pecuniam
1061 4836 1500 4889 memoratam.
1547 4826 1612 4887 Si
1661 4844 1810 4885 vero
1857 4843 1989 4884 non
2036 4823 2218 4885 fuerit
2265 4826 2369 4903 qui
2420 4842 2566 4883 meo
2615 4824 2875 4881 nomine
2920 4841 3069 4881 vasa

369 4944 641 5005 redimat
687 4942 1066 5021 supradicta,
1111 4952 1262 5000 tunc
1308 4940 1547 4999 licitum
1589 4938 1700 4997 tibi
1748 4939 1826 4997 sit
1871 4937 2123 5003 tradere
2168 4938 2303 5014 ipsa
2349 4937 2589 5014 precise
2635 4954 2753 5013 pro
2798 4937 3073 5013 pecunia

365 5057 708 5137 sepedicta,
777 5074 896 5117 nec
940 5056 1212 5116 tenearis
1273 5052 1510 5113 exinde
1572 5050 1721 5110 mihi
1773 5050 1866 5109 vel
1916 5048 2097 5109 alicui
2160 5049 2381 5109 redere
2439 5049 2766 5108 rationem.
2830 5045 3072 5107 Actum

454 5208 600 5251 con.
634 5208 798 5248 DIPL.
831 5206 893 5248 v,
2946 5178 2991 5239 4
