3797 5795
1568 391 1931 454 -25-„

1665 685 1854 764 558.

403 877 604 956 1256,
652 877 763 942 18.
813 874 1142 942 oktobra.
1192 876 1252 941 U
1297 875 1776 942 Kriievcima.

407 1065 693 1151 Stjepan
763 1067 892 1128 ban
962 1065 1226 1150 rjes‘ava
1290 1067 1592 1150 prz'jej’or
1661 1065 1953 1151 temedju
2044 1066 2295 1128 Vukole
2357 1065 2391 1127 ι’
2446 1067 2611 1128 roda
2686 1065 2988 1150 njegova,
3042 1073 3105 1128 le

1555 1179 1645 1241 M
1645 1177 1957 1242 z'roslava.

581 1370 718 1430 Nos
764 1370 1128 1449 Stephanus
1173 1371 1375 1431 banus
1435 1373 1640 1431 tocius
1700 1369 2040 1432 Sclauonie
2104 1381 2167 1430 et
2228 1373 2595 1450 capitaneus
2649 1369 2834 1433 Stirie
2878 1371 3109 1453 signifi-

409 1502 632 1544 camus
678 1484 978 1544 omnibus
1023 1503 1284 1562 presens
1347 1486 1647 1562 scripturn
1697 1486 2089 1563 inspecturis
2134 1483 2311 1562 quod
2358 1503 2506 1545 cum
2554 1486 2715 1546 inter
2761 1484 3109 1546 Volcutam

407 1596 606 1656 filium
671 1596 876 1678 Jurgis
921 1596 1188 1678 Dragos„
1259 1596 1454 1658 filium
1525 1596 1797 1674 Zdezlay
1865 1606 1930 1657 et
2000 1596 2221 1657 fratres
2288 1615 2438 1657 suos
2483 1607 2545 1657 et
2596 1597 2755 1658 filios
2804 1596 3110 1668 Vratissa‚

409 1709 707 1770 Volchila
769 1708 970 1771 filium
1039 1709 1358 1782 Volcumi‚
1425 1709 1866 1770 Dedomerum
1938 1709 2133 1770 filium
2200 1708 2433 1782 Volxa,
2481 1707 2861 1772 Chadunam
2910 1709 3109 1770 filium

411 1822 720 1896 Raduani,
781 1821 1164 1883 Raduhnam
1229 1821 1426 1883 filium
1486 1821 1830 1883 Radomeri
1893 1835 1958 1883 et
2018 1832 2223 1882 totam
2270 1824 2756 1903 generacionem
2804 1841 3025 1882 eorum
3073 1843 3111 1882 a

409 1945 590 2013 parte
637 1954 759 1994 vna
805 1945 870 1996 et
919 1935 1290 1996 Miruzlaum
1337 1944 1399 1994 et
1447 1933 1608 1994 filios
1661 1935 1876 1995 Endre
1922 1936 2005 1994 ab
2051 1934 2245 1995 altera
2308 1937 2555 2015 questio
2620 1953 2851 2016 magna
2900 1938 3111 2014 sepius

411 2066 604 2126 super
663 2049 844 2107 terris
905 2066 1127 2108 eorum
1191 2047 1582 2108 hereditariis
1644 2059 2007 2120 verteretur,
2054 2047 2313 2107 tandem
2386 2067 2505 2108 nos
2572 2048 2655 2108 ad
2722 2050 3107 2126 peticionem

411 2163 736 2238 Vtriusque
783 2164 976 2239 partis
1021 2162 1320 2232 inclinati,
1381 2160 1710 2221 Leucham
1767 2159 2022 2220 fratrem
2072 2161 2339 2240 Budyna
2388 2160 2693 2221 dilectum
2742 2172 2806 2222 et
2853 2161 3108 2222 fidelem

413 2287 704 2334 nostrum
765 2274 849 2334 ad
911 2272 1298 2352 separandas
1359 2275 1638 2351 ipsorum
1703 2284 1900 2333 terras
1962 2293 2109 2334 cum
2156 2276 2342 2334 certis
2389 2277 2575 2334 metis
2620 2273 2923 2335 duximus
2968 2274 3111 2334 diri-

411 2386 714 2468 gendum,
760 2389 868 2466 qui
914 2387 998 2447 ad
1045 2405 1165 2446 nos
1211 2405 1498 2447 reuersus
1543 2387 1943 2465 presentibus
2004 2387 2288 2464 partibus
2334 2398 2397 2446 et
2444 2386 2909 2447 affirmantibus
2955 2387 3116 2447 dixit

413 2509 612 2561 terras
655 2519 876 2560 eorum
927 2503 990 2561 in
1038 2500 1198 2560 duas
1243 2513 1454 2579 partes
1502 2499 1786 2560 diuisisse
1845 2519 1961 2578 per
2022 2512 2243 2573 metas,
2289 2518 2555 2577 quarum
2605 2519 2799 2560 unam
2849 2511 3116 2578 partem,

411 2612 648 2673 scilicet
716 2612 798 2673 de
867 2625 1046 2693 parte
1101 2614 1386 2674 orientali
1453 2614 1704 2691 reliquit
1773 2613 2053 2674 Volcote
2107 2626 2170 2673 et
2238 2631 2350 2673 sue
2396 2615 2818 2693 generacioni,
2878 2613 3115 2673 scilicet

411 2727 860 2808 iobagionibus
906 2729 1092 2788 castri
1139 2727 1400 2805 pacifice
1445 2726 1923 2805 possidendam,
1970 2737 2203 2786 terram
2250 2737 2463 2787 autem
2513 2747 2550 2785 a
2595 2739 2775 2805 parte
2822 2724 3116 2786 occiden-

412 2839 521 2901 tali
568 2839 874 2901 Miruzlao
921 2851 984 2901 et
1030 2839 1169 2901 filiis
1241 2839 1455 2901 Endre
1515 2839 1798 2900 similiter
1842 2837 2105 2918 pacifice
2150 2839 2624 2918 possidendam.
2674 2839 2849 2900 Mete
2897 2849 3111 2901 autem

412 2971 574 3032 quas
621 2954 790 3013 idem
837 2953 1096 3015 Leucha
1166 2956 1328 3013 inter
1395 2963 1592 3013 terras
1645 2954 1931 3032 parcium
2000 2952 2289 3025 eleuauit,
2357 2952 2565 3013 taliter
2629 2952 3115 3033 distinguuntur.

415 3066 624 3125 Prima
684 3068 871 3147 igitur
915 3077 1085 3127 meta
1133 3068 1350 3145 incipit
1397 3065 1479 3125 de
1527 3063 1840 3128 Croarzka
1887 3076 1952 3125 et
1996 3066 2168 3125 vadit
2215 3068 2277 3125 in
2324 3064 2586 3126 fluuium
2637 3063 3117 3143 Locholnycha‚

412 3178 520 3238 ubi
568 3177 796 3239 fluuius
841 3178 1185 3257 Sornouyk
1230 3179 1400 3240 cadit
1447 3180 1507 3237 in
1557 3178 2015 3255 Locholnycha
2076 3189 2139 3239 et
2200 3179 2281 3238 ibi
2347 3178 2605 3239 dimittit
2669 3177 2933 3239 fluuium
2984 3178 3113 3239 Lo-

413 3292 772 3369 cholnycha
818 3304 879 3352 et
929 3292 1102 3353 vadit
1133 3294 1195 3351 in
1226 3291 1421 3353 fluuio
1468 3289 1814 3369 Sornouyk
1859 3292 2143 3369 superius
2175 3310 2376 3371 usque
2407 3290 2489 3351 ad
2521 3302 2713 3369 caput
2760 3289 3114 3370 Sornouyk

414 3414 477 3464 et
528 3404 678 3465 inde
733 3405 1020 3465 ascendit
1088 3404 1170 3464 ad
1240 3415 1548 3477 montem,
1619 3404 1719 3464 vbi
1788 3416 1882 3465 est
1952 3414 2124 3464 meta
2177 3415 2383 3464 terrea
2448 3416 2511 3465 et
2566 3422 2723 3464 crux
2770 3406 2832 3464 in
2884 3404 3111 3464 arbore

415 3519 649 3597 querci,
695 3517 928 3578 deinde
975 3517 1306 3578 descendit
1351 3517 1434 3577 ad
1481 3536 1668 3577 vnam
1719 3520 1925 3595 pirum
1986 3529 2051 3577 et
2110 3518 2281 3577 vadit
2328 3536 2440 3595 per
2484 3515 2747 3577 fluuium
2796 3516 3115 3595 Lipnicza,

418 3630 653 3690 deinde
698 3640 914 3690 autern
963 3630 1133 3691 vadit
1180 3632 1342 3690 inter
1387 3630 1546 3690 duas
1578 3632 1792 3690 vineas
1835 3630 1919 3689 ad
1965 3630 2326 3708 sepulcrum
2360 3630 2613 3711 Hogye,
2646 3629 2822 3708 quod
2869 3642 2966 3689 est
2996 3648 3113 3708 pro

415 3754 608 3817 meta,
637 3743 721 3803 de
753 3744 1044 3823 sepulcro
1075 3756 1290 3804 autem
1331 3742 1508 3803 vadit
1538 3761 1650 3820 per
1697 3760 1886 3825 vynam
1920 3746 2105 3811 viam,
2138 3761 2263 3822 que
2308 3743 2477 3823 wlgo
2522 3752 2785 3803 vocatur
2820 3744 3113 3824 Pomgno

417 3869 480 3919 et
527 3876 757 3938 parum
804 3856 1022 3918 eundo
1068 3857 1345 3917 declinat
1391 3856 1476 3916 ad
1521 3854 1856 3916 dexteram
1902 3866 2151 3935 partem
2185 3866 2246 3915 et
2278 3856 2447 3916 cadit
2480 3857 2544 3916 in
2576 3867 2769 3933 caput
2802 3855 3119 3935 Lipnicza,

415 3971 650 4031 deinde
681 3990 795 4049 per
827 3970 1194 4049 Lipniczam
1241 3968 1414 4029 vadit
1459 3969 1734 4043 inferius,
1777 3978 2002 4047 postea
2034 3978 2247 4027 autem
2281 3971 2412 4029 exit
2460 3968 2543 4029 de
2588 3967 2783 4028 fluuio
2816 3968 3115 4047 Lipnicza

416 4083 498 4143 ad
547 4083 880 4144 dexteram
929 4092 1196 4161 partem,
1227 4082 1462 4142 deinde
1507 4090 1722 4142 autem
1770 4081 1853 4141 ad
1900 4090 2148 4159 partem
2196 4081 2569 4142 orientalem
2617 4092 2681 4141 et
2728 4080 2961 4141 deinde
3006 4099 3119 4159 per

413 4215 633 4257 cruces
677 4196 760 4257 ad
807 4207 1115 4269 montem,
1145 4196 1248 4255 vbi
1295 4196 1587 4273 peruenit
1631 4196 1694 4254 in
1726 4212 1921 4254 unam
1955 4211 2279 4272 quercum,
2326 4212 2451 4273 que
2497 4204 2592 4253 est
2638 4196 2700 4253 in
2751 4192 2967 4253 medio
3014 4194 3111 4252 vie

415 4323 480 4370 et
527 4330 640 4389 per
685 4310 960 4370 eandem
1008 4312 1174 4369 viam
1223 4308 1394 4368 vadit
1442 4308 1525 4368 ad
1571 4318 1763 4386 caput
1796 4305 2059 4368 Lukauz
2089 4317 2152 4367 et
2184 4326 2298 4385 per
2332 4304 2593 4367 Lukauz
2640 4305 2815 4366 vadit
2862 4304 3117 4365 inferius

414 4443 527 4503 per
577 4441 884 4505 magnum
931 4426 1214 4502 spacium
1263 4422 1346 4482 ibi
1395 4423 1526 4481 exit
1572 4420 1655 4481 ad
1717 4468 2093 4479 .......
2184 4416 2441 4503 [ali]am,
2491 4420 2724 4480 dehinc
2767 4428 2983 4479 autem
3033 4417 3116 4477 ad

414 4536 639 4597 horozt
684 4546 766 4596 et·
794 4537 876 4597 de
921 4536 1144 4597 horozt
1189 4534 1362 4595 vadit
1409 4579 2041 4592 ...........
2110 4532 2322 4592 adhuc
2382 4542 2443 4592 et
2494 4535 2655 4593 inter
2703 4532 3007 4610 Lipnicza
3056 4540 3118 4590 et

419 4650 772 4730 Lampniza
820 4660 916 4709 est
963 4647 1242 4726 quedam
1289 4657 1456 4708 terra
1501 4649 1765 4707 nornine
1811 4646 2031 4707 Losan
2078 4664 2203 4725 que
2249 4693 2817 4710 ..........
2898 4655 2962 4705 et
3008 4663 3120 4705 sue

416 4765 842 4845 generacioni,
888 4765 952 4823 in
997 4782 1124 4841 qua
1171 4780 1291 4822 nec
1335 4760 1443 4822 filii
1489 4760 1726 4833 Endre,
1772 4778 1891 4820 nec
1938 4759 2276 4820 Miruzlaus
2323 4760 2362 4819 h
2396 4806 2781 4819 .........
2830 4766 2892 4818 et
2940 4759 3117 4817 iuxta

417 4877 696 4937 eandem
740 4887 975 4937 terram
1023 4876 1238 4937 Losan
1287 4878 1448 4935 iacet
1493 4885 1658 4935 terra
1702 4872 1976 4933 filiorum
2028 4869 2297 4956 [End]re
2342 4890 2557 4933 versus
2603 4871 3006 4932 occidentem
3056 4880 3121 4931 et

419 5002 624 5052 metas
671 4985 996 5075 fil[i0r]um
1029 4990 1246 5051 Endre
1278 4999 1341 5050 et
1365 4988 1663 5060 Volcute,
1695 4988 1779 5046 ibi
1812 4986 2038 5047 diuidit
2072 4985 2428 5064 Mochyrad
2460 4994 2524 5045 et
2555 4985 2854 5066 distingit,
2886 4983 3120 5045 deinde

418 5115 636 5168 autem
685 5104 768 5165 de
816 5106 1167 5183 Lomnyza,
1211 5102 1315 5163 vbi
1361 5112 1508 5163 sunt
1554 5111 1726 5161 mete
1770 5110 1976 5161 terree
2006 5120 2119 5179 per
2151 5118 2452 5181 magnam
2485 5102 2671 5173 viam,
2702 5098 2875 5160 vadit
2923 5116 3119 5177 vsque
