3797 5795
1504 371 1914 436 —187-

1611 666 1803 746 693.

350 842 581 924 1261,1
627 842 695 907 8.
734 841 1076 924 janum-a.
1125 840 1184 906 U
1228 839 1727 906 Dubrovniku.

352 1031 659 1116 Mihajlo
710 1030 991 1094 Peiem'c‘
1032 1031 1279 1115 daruje
1321 1031 1567 1115 zemlju
1611 1031 1807 1114 svoju
1853 1031 2048 1094 crkvz'
2085 1038 2354 1116 svetoga
2389 1031 2696 1116 Mt'hajla
2731 1053 2777 1094 u
2817 1032 3073 1097 Krestt‘

960 1167 1037 1206 za
1080 1153 1239 1230 spas
1284 1144 1468 1228 svoje
1514 1145 1680 1206 duse
1727 1145 1760 1206 ι’
1796 1143 2020 1230 svostlz
2058 1144 2452 1228 poleojm‘ka.

526 1345 565 1426 ἦ·
631 1344 831 1407 Anno
900 1347 1349 1407 incarnationis
1416 1346 1659 1407 domini
1732 1345 2067 1407 millesimo
2137 1346 2578 1408 ducentesimo
2647 1349 3050 1429 sexagesimo

346 1460 577 1537 prim0,
624 1462 860 1520 mensis
919 1461 1197 1534 ianuarii,
1242 1470 1475 1520 octauo
1536 1459 1639 1520 die
1688 1461 1977 1532 intrante,
2024 1478 2242 1520 coram
2289 1460 2475 1520 nobis
2520 1462 2888 1539 subscriptis
2935 1471 3056 1520 tes-

346 1571 535 1632 tibus.
614 1571 755 1654 Ego
816 1573 1079 1652 quidem
1142 1572 1416 1634 Michael
1476 1572 1658 1634 fiilius
1719 1573 2090 1654 Pauergenii
2153 1573 2236 1633 de
2281 1573 2526 1634 Pezana
2574 1576 2636 1634 in
2684 1573 3048 1634 infirmitate

343 1687 647 1763 corporis,
693 1695 909 1746 tamen
956 1705 1113 1747 sana
1156 1695 1221 1747 et
1265 1686 1436 1746 bona
1486 1696 1700 1746 mente
1747 1703 1911 1762 mea,
1956 1705 2074 1765 pro
2119 1687 2336 1747 anima
2375 1705 2520 1747 mea
2551 1697 2615 1747 et
2649 1697 3048 1748 mortuorum

348 1816 639 1859 meorum
688 1817 805 1877 pro
850 1799 1243 1860 helemosina
1287 1799 1369 1858 ab
1416 1798 1607 1859 hodie
1654 1801 1717 1859 in
1762 1811 1952 1860 antea
1997 1809 2232 1860 terram
2281 1817 2494 1860 meam
2544 1817 2692 1860 cum
2739 1801 2866 1859 suis
2911 1818 3052 1878 per-

348 1913 637 1971 tinenciis
704 1930 830 1990 que
875 1923 969 1972 est
1016 1914 1079 1972 in
1127 1909 1347 1976 Cresta
1392 1923 1455 1972 et
1501 1910 1765 1974 confiuit
1834 1931 1984 1973 cum
2055 1913 2234 1973 terris
2300 1915 2500 1974 sancti
2575 1911 2902 1974 Michaelis
2973 1912 3055 1974 de

356 2021 592 2096 Cresta,
641 2023 727 2084 do
773 2044 917 2085 eam
964 2024 1174 2086 eidem
1220 2025 1485 2086 ecclesie
1530 2027 1728 2085 sancti
1777 2023 2106 2086 Michaelis
2153 2025 2234 2085 de
2283 2022 2503 2087 Creste
2551 2027 2612 2084 in
2645 2036 3042 2104 perpetuum.

349 2136 429 2196 Et
475 2155 599 2218 ego
648 2136 989 2198 Miroslaua
1034 2137 1159 2199 filia
1206 2136 1461 2199 Binzole
1505 2137 1587 2198 de
1633 2137 1904 2198 Bodatia
1951 2149 2014 2198 et
2060 2157 2225 2199 uxor
2271 2137 2422 2198 dicti
2467 2137 2794 2200 Michaelis
2828 2139 2889 2196 in
2925 2138 3048 2198 hoc

345 2252 697 2310 consentio.
733 2249 873 2310 Hec
902 2263 1117 2311 autem
1150 2261 1323 2311 carta
1355 2251 1529 2311 nullo
1560 2252 1929 2312 testimonio
1976 2252 2182 2328 rumpi
2215 2253 2432 2329 possit.
2487 2249 2592 2312 Hii
2639 2263 2784 2312 sunt
2824 2262 3048 2312 testes:

349 2362 653 2424 Proculus
716 2363 1043 2424 Michaelis
1102 2364 1336 2425 iuratus
1397 2363 1593 2425 iudex
1639 2374 1704 2424 et
1750 2362 2026 2424 Mathias
2072 2362 2154 2423 de
2201 2363 2442 2424 Balatia
2489 2375 2554 2424 et
2603 2364 2822 2424 Palma
2889 2362 3060 2424 filius

348 2475 607 2536 Binzole
639 2487 701 2536 et
734 2476 1017 2538 Marinus
1054 2475 1215 2537 filius
1247 2476 1598 2557 Lampridii
1644 2478 1897 2555 nepotis
1929 2475 2080 2538 dicti
2115 2475 2460 2537 Michaelis
2495 2475 2576 2538 Et
2620 2495 2742 2557 ego
2779 2475 3057 2536 Pascalis

348 2590 645 2649 comunis
690 2591 972 2650 notarius
1016 2592 1254 2650 iuratus
1297 2591 1565 2668 scriptor
1609 2609 1752 2650 sum
1800 2601 1863 2649 et
1911 2591 2103 2650 testiS.

529 2783 822 2856 [Signum
870 2784 1150 2853 notarii).

538 2895 837 2969 Omssginal
876 2916 916 2953 u
962 2895 1407 2953 dubrovac'kom
1455 2894 1696 2954 arkivu.
1746 2893 1977 2953 Zbirka
2023 2914 2182 2952 saec.
2237 2893 2418 2953 XIII.

1614 3250 1804 3329 694.

348 3436 550 3513 1261,
595 3436 701 3498 15.
740 3434 1083 3517 janum-a.
1134 3434 1194 3499 U
1238 3433 1495 3501 Zadru.

358 3624 684 3687 Prodamz
734 3624 955 3686 udova
1012 3624 1364 3708 Damjana
1410 3622 1728 3709 Fzgasela
1770 3623 2103 3709 poklanja
2152 3621 2316 3683 nekz'
2350 3621 2590 3705 possed
2617 3642 2849 3683 svomu
2884 3621 3053 3683 sinu

1510 3736 1893 3822 Gregorz'ju.

534 3928 603 3989 In
652 3927 877 3991 Christi
943 3931 1219 3989 nomine.
1266 3927 1462 3991 Anno
1524 3930 1975 3990 incarnationis
2035 3932 2168 3989 eius
2231 3927 2566 3989 millesimo
2613 3928 3060 3988 ducentesimo

349 4044 777 4123 sexagesim0‚
824 4045 1059 4102 mensis
1104 4044 1379 4114 ianuarii,
1411 4042 1513 4103 die
1546 4043 2031 4121 quintodecimo
2078 4043 2370 4115 intrante,
2418 4040 2766 4101 indictione
2812 4054 3054 4119 quarta,

344 4153 599 4234 Jadere.
662 4155 1091 4234 Temporibus
1151 4155 1394 4216 domini
1456 4156 1752 4233 Raynerii
1800 4155 1964 4217 Geni
2011 4154 2204 4215 incliti
2257 4154 2435 4215 ducis
2481 4153 2765 4232 Venecie
2814 4163 2877 4212 et
2925 4172 3056 4213 ma-

350 4270 525 4347 gistri
576 4266 897 4328 Laurentii
944 4268 1317 4329 venerabilis
1355 4266 1677 4347 Jadrensis
1720 4268 2191 4347 archiepiscopi,
2237 4287 2312 4328 ac
2351 4266 2660 4347 Johannis
2709 4266 3048 4327 Badouarii

352 4382 589 4461 egregii
621 4383 887 4440 comitis
938 4379 1345 4441 Manifestum
1378 4380 1541 4441 facio
1574 4400 1695 4463 ego
1732 4381 2024 4443 Prodana
2057 4380 2272 4441 relicta
2305 4380 2605 4441 Damiani
2638 4380 2720 4440 dc
2753 4378 3054 4460 Figasolo

352 4511 504 4553 cum
566 4494 725 4553 meis
784 4493 1121 4553 heredibus
1182 4504 1245 4553 et
1306 4494 1789 4559 successoribus,
1836 4497 1984 4573 quia
2046 4513 2163 4573 pro
2226 4512 2446 4554 amore
2508 4502 2572 4552 et
2637 4494 2920 4552 maxima
2965 4491 3058 4551 di-

354 4607 650 4677 lectione,
697 4624 892 4684 quam
959 4606 1167 4667 habeo
1229 4609 1291 4667 in
1355 4617 1417 4666 te
1478 4606 1856 4689 Gregorium
1924 4607 2227 4667 dilectum
2295 4604 2492 4667 filium
2541 4616 2603 4666 ct
2652 4608 2799 4683 quia
2870 4605 3059 4666 michi

357 4714 615 4803 [n]uper
659 4718 997 4780 exhibuisti
1044 4722 1389 4801 gratiosum
1438 4730 1501 4781 et
1550 4722 1611 4780 in
1656 4721 1869 4781 anima
1914 4722 2152 4798 poteris
2198 4719 2500 4779 exhibere
2548 4718 2744 4779 dante
2791 4717 3062 4778 domino

356 4836 415 4892 in
468 4833 767 4906 futurum,
812 4832 1168 4893 adtendens
1229 4836 1420 4894 etiam
1484 4843 1661 4893 tuam
1722 4833 2030 4894 deuotam
2078 4832 2588 4904 sollicitudinem,
2635 4848 2833 4911 quam
2893 4830 3062 4890 circa

356 4964 699 5024 personam
762 4965 975 5006 meam
1022 4956 1085 5005 et
1132 4965 1230 5006 res
1276 4964 1453 5007 meas
1515 4948 1677 5027 geris
1722 4956 1784 5006 et
1830 4948 2026 5028 gessis
2047 4945 2128 5027 (1),
2185 4948 2386 5004 visum
2451 4955 2545 5005 est
2595 4944 2778 5003 michi
2846 4942 3060 5021 aliqua

542 5120 555 5149 ¹
594 5118 767 5171 Posto
806 5120 919 5188 nije
955 5120 1235 5172 oznacena
1273 5120 1556 5187 indikcija,
1596 5122 1753 5172 moze
1790 5120 1891 5171 biti
1935 5120 1948 5169 i
1989 5120 2118 5189 god.
2160 5121 2311 5169 1262.
