<?xml version="1.0" encoding="UTF-8"?>
<!DOCTYPE html PUBLIC "-//W3C//DTD XHTML 1.0 Transitional//EN"
    "http://www.w3.org/TR/xhtml1/DTD/xhtml1-transitional.dtd">
<html xmlns="http://www.w3.org/1999/xhtml" xml:lang="en" lang="en">
 <head>
  <title>
</title>
<meta http-equiv="Content-Type" content="text/html;charset=utf-8" />
  <meta name='ocr-system' content='tesseract 3.04.00' />
  <meta name='ocr-capabilities' content='ocr_page ocr_carea ocr_par ocr_line ocrx_word'/>
</head>
<body>
  <div class='ocr_page' id='page_1' title='image "./codexdiplomatic00umjegoog_0509.png"; bbox 0 0 3797 5795; ppageno 0'>
   <div class='ocr_carea' id='block_1_1' title="bbox 1784 378 2200 439">
    <p class='ocr_par' dir='ltr' id='par_1_1' title="bbox 1784 378 2200 439">
     <span class='ocr_line' id='line_1_1' title="bbox 1784 378 2200 439; baseline 0.007 -2"><span class='ocrx_word' id='word_1_1' title='bbox 1784 378 2200 439; x_wconf 80' lang='lat'>—496—</span> 
     </span>
    </p>
   </div>
   <div class='ocr_carea' id='block_1_2' title="bbox 632 563 3360 1997">
    <p class='ocr_par' dir='ltr' id='par_1_2' title="bbox 632 563 3360 1997">
     <span class='ocr_line' id='line_1_2' title="bbox 640 563 3360 647; baseline 0.002 -25"><span class='ocrx_word' id='word_1_2' title='bbox 640 564 860 640; x_wconf 64' lang='lat' dir='ltr'>quina,</span> <span class='ocrx_word' id='word_1_3' title='bbox 904 573 1155 623; x_wconf 89' lang='lat' dir='ltr'>mortua</span> <span class='ocrx_word' id='word_1_4' title='bbox 1200 575 1264 623; x_wconf 90' lang='lat' dir='ltr'>et</span> <span class='ocrx_word' id='word_1_5' title='bbox 1295 566 1518 643; x_wconf 85' lang='lat' dir='ltr'>sopita,</span> <span class='ocrx_word' id='word_1_6' title='bbox 1563 563 1671 625; x_wconf 92' lang='lat' dir='ltr'>tali</span> <span class='ocrx_word' id='word_1_7' title='bbox 1701 564 2073 627; x_wconf 87' lang='lat' dir='ltr'>firmacione</span> <span class='ocrx_word' id='word_1_8' title='bbox 2117 576 2181 626; x_wconf 90' lang='lat' dir='ltr'>et</span> <span class='ocrx_word' id='word_1_9' title='bbox 2228 566 2634 647; x_wconf 89' lang='lat' dir='ltr'>obligacione</span> <span class='ocrx_word' id='word_1_10' title='bbox 2667 565 2940 628; x_wconf 87' lang='lat' dir='ltr'>stabilita</span> <span class='ocrx_word' id='word_1_11' title='bbox 2986 577 3053 628; x_wconf 91' lang='lat' dir='ltr'>et</span> <span class='ocrx_word' id='word_1_12' title='bbox 3097 569 3360 642; x_wconf 81' lang='lat' dir='ltr'>inserta,</span> 
     </span>
     <span class='ocr_line' id='line_1_3' title="bbox 639 662 3352 757; baseline 0.002 -21"><span class='ocrx_word' id='word_1_13' title='bbox 639 674 814 753; x_wconf 91' lang='lat' dir='ltr'>quod</span> <span class='ocrx_word' id='word_1_14' title='bbox 876 662 925 735; x_wconf 84' lang='lat' dir='ltr'>si</span> <span class='ocrx_word' id='word_1_15' title='bbox 985 694 1112 755; x_wconf 89' lang='lat' dir='ltr'>qua</span> <span class='ocrx_word' id='word_1_16' title='bbox 1172 678 1459 755; x_wconf 90' lang='lat' dir='ltr'>parcium</span> <span class='ocrx_word' id='word_1_17' title='bbox 1531 696 1836 755; x_wconf 88' lang='lat' dir='ltr'>processu</span> <span class='ocrx_word' id='word_1_18' title='bbox 1905 688 1967 739; x_wconf 92' lang='lat' dir='ltr'>et</span> <span class='ocrx_word' id='word_1_19' title='bbox 2037 677 2347 740; x_wconf 90' lang='lat' dir='ltr'>curriculo</span> <span class='ocrx_word' id='word_1_20' title='bbox 2413 680 2726 757; x_wconf 91' lang='lat' dir='ltr'>temporis</span> <span class='ocrx_word' id='word_1_21' title='bbox 2795 689 2860 739; x_wconf 88' lang='lat' dir='ltr'>et</span> <span class='ocrx_word' id='word_1_22' title='bbox 2929 679 3352 741; x_wconf 84' lang='lat' dir='ltr'>divisionibus</span> 
     </span>
     <span class='ocr_line' id='line_1_4' title="bbox 633 788 3352 870; baseline 0.003 -22"><span class='ocrx_word' id='word_1_23' title='bbox 633 788 1113 867; x_wconf 89' lang='lat' dir='ltr'>possessionum</span> <span class='ocrx_word' id='word_1_24' title='bbox 1187 788 1616 867; x_wconf 91' lang='lat' dir='ltr'>predictarum</span> <span class='ocrx_word' id='word_1_25' title='bbox 1691 790 1968 851; x_wconf 88' lang='lat' dir='ltr'>sormam</span> <span class='ocrx_word' id='word_1_26' title='bbox 2041 792 2217 870; x_wconf 87' lang='lat' dir='ltr'>pacis</span> <span class='ocrx_word' id='word_1_27' title='bbox 2292 791 2574 864; x_wconf 85' lang='lat' dir='ltr'>violaret,</span> <span class='ocrx_word' id='word_1_28' title='bbox 2637 791 2700 851; x_wconf 89' lang='lat' dir='ltr'>in</span> <span class='ocrx_word' id='word_1_29' title='bbox 2777 794 3006 853; x_wconf 88' lang='lat' dir='ltr'>scisma</span> <span class='ocrx_word' id='word_1_30' title='bbox 3080 793 3206 855; x_wconf 90' lang='lat' dir='ltr'>litis</span> <span class='ocrx_word' id='word_1_31' title='bbox 3281 803 3352 854; x_wconf 87' lang='lat' dir='ltr'>et</span> 
     </span>
     <span class='ocr_line' id='line_1_5' title="bbox 636 902 3356 985; baseline 0.001 -23"><span class='ocrx_word' id='word_1_32' title='bbox 636 902 1078 962; x_wconf 90' lang='lat' dir='ltr'>contencionis</span> <span class='ocrx_word' id='word_1_33' title='bbox 1122 920 1235 962; x_wconf 89' lang='lat' dir='ltr'>seu</span> <span class='ocrx_word' id='word_1_34' title='bbox 1282 904 1458 983; x_wconf 88' lang='lat' dir='ltr'>iurgii</span> <span class='ocrx_word' id='word_1_35' title='bbox 1504 903 1940 981; x_wconf 86' lang='lat' dir='ltr'>provocando,</span> <span class='ocrx_word' id='word_1_36' title='bbox 2001 914 2151 964; x_wconf 89' lang='lat' dir='ltr'>ante</span> <span class='ocrx_word' id='word_1_37' title='bbox 2216 906 2434 965; x_wconf 91' lang='lat' dir='ltr'>omnia</span> <span class='ocrx_word' id='word_1_38' title='bbox 2496 907 2659 983; x_wconf 90' lang='lat' dir='ltr'>parti</span> <span class='ocrx_word' id='word_1_39' title='bbox 2723 906 3056 966; x_wconf 86' lang='lat' dir='ltr'>sustinenti</span> <span class='ocrx_word' id='word_1_40' title='bbox 3101 906 3356 985; x_wconf 86' lang='lat' dir='ltr'>absque</span> 
     </span>
     <span class='ocr_line' id='line_1_6' title="bbox 636 1014 3352 1095; baseline 0.001 -20"><span class='ocrx_word' id='word_1_41' title='bbox 636 1016 813 1075; x_wconf 90' lang='lat' dir='ltr'>omni</span> <span class='ocrx_word' id='word_1_42' title='bbox 876 1016 1141 1093; x_wconf 90' lang='lat' dir='ltr'>strepitu</span> <span class='ocrx_word' id='word_1_43' title='bbox 1201 1014 1410 1075; x_wconf 88' lang='lat' dir='ltr'>iudicii</span> <span class='ocrx_word' id='word_1_44' title='bbox 1473 1026 1535 1076; x_wconf 87' lang='lat' dir='ltr'>et</span> <span class='ocrx_word' id='word_1_45' title='bbox 1599 1015 1821 1077; x_wconf 89' lang='lat' dir='ltr'>iudicis</span> <span class='ocrx_word' id='word_1_46' title='bbox 1887 1018 2196 1095; x_wconf 88' lang='lat' dir='ltr'>porcione</span> <span class='ocrx_word' id='word_1_47' title='bbox 2259 1035 2427 1095; x_wconf 89' lang='lat' dir='ltr'>pene</span> <span class='ocrx_word' id='word_1_48' title='bbox 2494 1027 2924 1079; x_wconf 85' lang='lat' dir='ltr'>trecentarum</span> <span class='ocrx_word' id='word_1_49' title='bbox 2986 1036 3352 1079; x_wconf 86' lang='lat' dir='ltr'>marcarum</span> 
     </span>
     <span class='ocr_line' id='line_1_7' title="bbox 633 1126 3356 1199; baseline 0.001 -12"><span class='ocrx_word' id='word_1_50' title='bbox 633 1126 1007 1199; x_wconf 89' lang='lat' dir='ltr'>subiaceret,</span> <span class='ocrx_word' id='word_1_51' title='bbox 1069 1128 1512 1189; x_wconf 82' lang='lat' dir='ltr'>renunciantes</span> <span class='ocrx_word' id='word_1_52' title='bbox 1572 1130 1751 1189; x_wconf 90' lang='lat' dir='ltr'>omni</span> <span class='ocrx_word' id='word_1_53' title='bbox 1812 1128 1903 1190; x_wconf 90' lang='lat' dir='ltr'>liti</span> <span class='ocrx_word' id='word_1_54' title='bbox 1967 1138 2032 1189; x_wconf 89' lang='lat' dir='ltr'>et</span> <span class='ocrx_word' id='word_1_55' title='bbox 2076 1131 2322 1191; x_wconf 90' lang='lat' dir='ltr'>accioni</span> <span class='ocrx_word' id='word_1_56' title='bbox 2368 1132 2434 1191; x_wconf 91' lang='lat' dir='ltr'>in</span> <span class='ocrx_word' id='word_1_57' title='bbox 2479 1148 2627 1191; x_wconf 88' lang='lat' dir='ltr'>vera</span> <span class='ocrx_word' id='word_1_58' title='bbox 2673 1130 2950 1192; x_wconf 84' lang='lat' dir='ltr'>fraterne</span> <span class='ocrx_word' id='word_1_59' title='bbox 3013 1130 3356 1192; x_wconf 89' lang='lat' dir='ltr'>dilecionis</span> 
     </span>
     <span class='ocr_line' id='line_1_8' title="bbox 632 1241 3350 1323; baseline 0.001 -24"><span class='ocrx_word' id='word_1_60' title='bbox 632 1241 1061 1318; x_wconf 83' lang='lat' dir='ltr'>proximitatis</span> <span class='ocrx_word' id='word_1_61' title='bbox 1105 1250 1168 1301; x_wconf 91' lang='lat' dir='ltr'>et</span> <span class='ocrx_word' id='word_1_62' title='bbox 1214 1244 1780 1323; x_wconf 82' lang='lat' dir='ltr'>consanguinitatis</span> <span class='ocrx_word' id='word_1_63' title='bbox 1838 1241 2125 1304; x_wconf 85' lang='lat' dir='ltr'>karitate.</span> <span class='ocrx_word' id='word_1_64' title='bbox 2174 1241 2244 1303; x_wconf 91' lang='lat' dir='ltr'>In</span> <span class='ocrx_word' id='word_1_65' title='bbox 2292 1246 2472 1304; x_wconf 90' lang='lat' dir='ltr'>cuius</span> <span class='ocrx_word' id='word_1_66' title='bbox 2516 1243 2663 1304; x_wconf 87' lang='lat' dir='ltr'>sacti</span> <span class='ocrx_word' id='word_1_67' title='bbox 2721 1242 2917 1305; x_wconf 90' lang='lat' dir='ltr'>robur</span> <span class='ocrx_word' id='word_1_68' title='bbox 2979 1243 3234 1305; x_wconf 89' lang='lat' dir='ltr'>firmam</span> <span class='ocrx_word' id='word_1_69' title='bbox 3279 1254 3350 1304; x_wconf 87' lang='lat' dir='ltr'>et</span> 
     </span>
     <span class='ocr_line' id='line_1_9' title="bbox 634 1352 3344 1437; baseline 0.001 -25"><span class='ocrx_word' id='word_1_70' title='bbox 634 1355 1082 1413; x_wconf 86' lang='lat' dir='ltr'>inconcussam</span> <span class='ocrx_word' id='word_1_71' title='bbox 1136 1365 1645 1434; x_wconf 84' lang='lat' dir='ltr'>perpetuamque</span> <span class='ocrx_word' id='word_1_72' title='bbox 1705 1354 2118 1416; x_wconf 86' lang='lat' dir='ltr'>stabilitatem</span> <span class='ocrx_word' id='word_1_73' title='bbox 2164 1356 2247 1416; x_wconf 89' lang='lat' dir='ltr'>ad</span> <span class='ocrx_word' id='word_1_74' title='bbox 2293 1352 2732 1437; x_wconf 89' lang='lat' dir='ltr'>pe(ti)cionem</span> <span class='ocrx_word' id='word_1_75' title='bbox 2781 1358 3068 1435; x_wconf 88' lang='lat' dir='ltr'>parcium</span> <span class='ocrx_word' id='word_1_76' title='bbox 3113 1368 3344 1416; x_wconf 91' lang='lat' dir='ltr'>nostro</span> 
     </span>
     <span class='ocr_line' id='line_1_10' title="bbox 634 1465 3349 1549; baseline 0.001 -24"><span class='ocrx_word' id='word_1_77' title='bbox 634 1468 1007 1544; x_wconf 90' lang='lat' dir='ltr'>conspectui</span> <span class='ocrx_word' id='word_1_78' title='bbox 1068 1465 1482 1545; x_wconf 85' lang='lat' dir='ltr'>personaliter</span> <span class='ocrx_word' id='word_1_79' title='bbox 1541 1470 1894 1529; x_wconf 88' lang='lat' dir='ltr'>astancium</span> <span class='ocrx_word' id='word_1_80' title='bbox 1960 1478 2288 1547; x_wconf 83' lang='lat' dir='ltr'>presentes</span> <span class='ocrx_word' id='word_1_81' title='bbox 2347 1469 2781 1529; x_wconf 86' lang='lat' dir='ltr'>concessimus</span> <span class='ocrx_word' id='word_1_82' title='bbox 2843 1468 3114 1548; x_wconf 90' lang='lat' dir='ltr'>duplicis</span> <span class='ocrx_word' id='word_1_83' title='bbox 3157 1468 3349 1549; x_wconf 87' lang='lat' dir='ltr'>sigilli</span> 
     </span>
     <span class='ocr_line' id='line_1_11' title="bbox 639 1578 3358 1663; baseline 0.001 -26"><span class='ocrx_word' id='word_1_84' title='bbox 639 1579 833 1637; x_wconf 87' lang='lat' dir='ltr'>nostri</span> <span class='ocrx_word' id='word_1_85' title='bbox 882 1580 1231 1639; x_wconf 90' lang='lat' dir='ltr'>munimine</span> <span class='ocrx_word' id='word_1_86' title='bbox 1278 1578 1627 1641; x_wconf 91' lang='lat' dir='ltr'>roboratas.</span> <span class='ocrx_word' id='word_1_87' title='bbox 1674 1579 1919 1642; x_wconf 89' lang='lat' dir='ltr'>Datum</span> <span class='ocrx_word' id='word_1_88' title='bbox 1950 1600 2065 1660; x_wconf 88' lang='lat' dir='ltr'>per</span> <span class='ocrx_word' id='word_1_89' title='bbox 2095 1599 2326 1643; x_wconf 88' lang='lat' dir='ltr'>manus</span> <span class='ocrx_word' id='word_1_90' title='bbox 2358 1582 2641 1663; x_wconf 87' lang='lat' dir='ltr'>magistri</span> <span class='ocrx_word' id='word_1_91' title='bbox 2687 1579 2995 1643; x_wconf 87' lang='lat' dir='ltr'>Demetrii</span> <span class='ocrx_word' id='word_1_92' title='bbox 3043 1580 3358 1643; x_wconf 84' lang='lat' dir='ltr'>Albensis</span> 
     </span>
     <span class='ocr_line' id='line_1_12' title="bbox 635 1690 3354 1770; baseline 0.002 -21"><span class='ocrx_word' id='word_1_93' title='bbox 635 1690 900 1751; x_wconf 89' lang='lat' dir='ltr'>ecclesie</span> <span class='ocrx_word' id='word_1_94' title='bbox 943 1693 1247 1770; x_wconf 85' lang='lat' dir='ltr'>prepositi</span> <span class='ocrx_word' id='word_1_95' title='bbox 1292 1693 1435 1754; x_wconf 88' lang='lat' dir='ltr'>aule</span> <span class='ocrx_word' id='word_1_96' title='bbox 1467 1704 1683 1754; x_wconf 89' lang='lat' dir='ltr'>nostre</span> <span class='ocrx_word' id='word_1_97' title='bbox 1728 1694 2223 1756; x_wconf 86' lang='lat' dir='ltr'>vicecancellarii</span> <span class='ocrx_word' id='word_1_98' title='bbox 2274 1694 2488 1755; x_wconf 90' lang='lat' dir='ltr'>dilecti</span> <span class='ocrx_word' id='word_1_99' title='bbox 2537 1705 2601 1754; x_wconf 89' lang='lat' dir='ltr'>et</span> <span class='ocrx_word' id='word_1_100' title='bbox 2657 1693 2862 1755; x_wconf 88' lang='lat' dir='ltr'>fidelis</span> <span class='ocrx_word' id='word_1_101' title='bbox 2907 1697 3124 1769; x_wconf 87' lang='lat' dir='ltr'>nostri,</span> <span class='ocrx_word' id='word_1_102' title='bbox 3172 1712 3354 1755; x_wconf 91' lang='lat' dir='ltr'>anno</span> 
     </span>
     <span class='ocr_line' id='line_1_13' title="bbox 635 1802 3350 1889; baseline 0.001 -27"><span class='ocrx_word' id='word_1_103' title='bbox 635 1802 877 1865; x_wconf 91' lang='lat' dir='ltr'>domini</span> <span class='ocrx_word' id='word_1_104' title='bbox 940 1803 1046 1865; x_wconf 80' lang='grc' dir='ltr'>Μο</span> <span class='ocrx_word' id='word_1_105' title='bbox 1091 1802 1232 1867; x_wconf 81' lang='lat' dir='ltr'>CC⁰</span> <span class='ocrx_word' id='word_1_106' title='bbox 1290 1808 1694 1887; x_wconf 86' lang='lat' dir='ltr'>sexagesimo</span> <span class='ocrx_word' id='word_1_107' title='bbox 1756 1825 1951 1880; x_wconf 88' lang='lat' dir='ltr'>non0,</span> <span class='ocrx_word' id='word_1_108' title='bbox 1997 1807 2252 1867; x_wconf 91' lang='lat' dir='ltr'>decimo</span> <span class='ocrx_word' id='word_1_109' title='bbox 2315 1806 2624 1867; x_wconf 85' lang='lat' dir='ltr'>kalendas</span> <span class='ocrx_word' id='word_1_110' title='bbox 2683 1807 2827 1881; x_wconf 88' lang='lat' dir='ltr'>iulii,</span> <span class='ocrx_word' id='word_1_111' title='bbox 2887 1809 3063 1889; x_wconf 88' lang='lat' dir='ltr'>regni</span> <span class='ocrx_word' id='word_1_112' title='bbox 3126 1817 3350 1868; x_wconf 86' lang='lat' dir='ltr'>autem</span> 
     </span>
     <span class='ocr_line' id='line_1_14' title="bbox 636 1916 1713 1997; baseline 0.004 -22"><span class='ocrx_word' id='word_1_113' title='bbox 636 1916 832 1976; x_wconf 88' lang='lat' dir='ltr'>nostri</span> <span class='ocrx_word' id='word_1_114' title='bbox 880 1935 1053 1977; x_wconf 90' lang='lat' dir='ltr'>anno</span> <span class='ocrx_word' id='word_1_115' title='bbox 1101 1919 1420 1978; x_wconf 90' lang='lat' dir='ltr'>tricesimo</span> <span class='ocrx_word' id='word_1_116' title='bbox 1466 1928 1713 1997; x_wconf 89' lang='lat' dir='ltr'>quarto.</span> 
     </span>
    </p>
   </div>
   <div class='ocr_carea' id='block_1_3' title="bbox 812 2126 3352 2207">
    <p class='ocr_par' dir='ltr' id='par_1_3' title="bbox 812 2126 3352 2207">
     <span class='ocr_line' id='line_1_15' title="bbox 812 2126 3352 2207; baseline 0.002 -24"><span class='ocrx_word' id='word_1_117' title='bbox 812 2126 951 2183; x_wconf 85' lang='lat' dir='ltr'><em>Cod.</em></span> <span class='ocrx_word' id='word_1_118' title='bbox 1019 2127 1167 2202; x_wconf 83' lang='lat' dir='ltr'>dipl.</span> <span class='ocrx_word' id='word_1_119' title='bbox 1221 2129 1494 2204; x_wconf 77' lang='lat' dir='ltr'>patrius,</span> <span class='ocrx_word' id='word_1_120' title='bbox 1575 2129 1711 2186; x_wconf 89' lang='lat' dir='ltr'><em>VII.</em></span> <span class='ocrx_word' id='word_1_121' title='bbox 1773 2134 2029 2184; x_wconf 79' lang='lat'><strong><em>114—6.</em></strong></span> <span class='ocrx_word' id='word_1_122' title='bbox 2092 2150 2188 2187; x_wconf 84' lang='lat' dir='ltr'>no.</span> <span class='ocrx_word' id='word_1_123' title='bbox 2243 2135 2334 2186; x_wconf 83' lang='lat'>85.</span> <span class='ocrx_word' id='word_1_124' title='bbox 2384 2130 2452 2187; x_wconf 70' lang='grc' dir='ltr'>[Ζ</span> <span class='ocrx_word' id='word_1_125' title='bbox 2497 2132 2788 2205; x_wconf 80' lang='lat' dir='ltr'>izvornog</span> <span class='ocrx_word' id='word_1_126' title='bbox 2821 2132 3129 2207; x_wconf 78' lang='lat' dir='ltr'>prijepisa</span> <span class='ocrx_word' id='word_1_127' title='bbox 3177 2130 3352 2187; x_wconf 80' lang='lat' dir='ltr'>bana</span> 
     </span>
    </p>
   </div>
   <div class='ocr_carea' id='block_1_4' title="bbox 620 2228 3354 2390">
    <p class='ocr_par' dir='ltr' id='par_1_4' title="bbox 620 2228 3354 2390">
     <span class='ocr_line' id='line_1_16' title="bbox 620 2228 3354 2309; baseline 0.003 -26"><span class='ocrx_word' id='word_1_128' title='bbox 620 2228 777 2285; x_wconf 85' lang='lat' dir='ltr'>slav.</span> <span class='ocrx_word' id='word_1_129' title='bbox 828 2230 1114 2286; x_wconf 83' lang='lat' dir='ltr'>Henrika</span> <span class='ocrx_word' id='word_1_130' title='bbox 1160 2232 1246 2287; x_wconf 84' lang='lat' dir='ltr'>od</span> <span class='ocrx_word' id='word_1_131' title='bbox 1275 2252 1339 2305; x_wconf 82' lang='lat' dir='ltr'>g.</span> <span class='ocrx_word' id='word_1_132' title='bbox 1388 2234 1563 2295; x_wconf 75' lang='lat'><em>1269,</em></span> <span class='ocrx_word' id='word_1_133' title='bbox 1614 2238 1659 2289; x_wconf 88' lang='lat'>1.</span> <span class='ocrx_word' id='word_1_134' title='bbox 1704 2242 1977 2306; x_wconf 79' lang='lat' dir='ltr'>augusta</span> <span class='ocrx_word' id='word_1_135' title='bbox 2025 2254 2066 2291; x_wconf 85' lang='lat' dir='ltr'><em>u</em></span> <span class='ocrx_word' id='word_1_136' title='bbox 2113 2234 2336 2292; x_wconf 77' lang='lat' dir='ltr'>arkivu</span> <span class='ocrx_word' id='word_1_137' title='bbox 2389 2238 2562 2309; x_wconf 77' lang='lat' dir='ltr'>gros.</span> <span class='ocrx_word' id='word_1_138' title='bbox 2612 2237 2862 2307; x_wconf 68' lang='lat' dir='ltr'>Erdbdy</span> <span class='ocrx_word' id='word_1_139' title='bbox 2923 2255 2963 2291; x_wconf 86' lang='lat' dir='ltr'><em>u</em></span> <span class='ocrx_word' id='word_1_140' title='bbox 3041 2236 3354 2309; x_wconf 75' lang='lat' dir='ltr'>Glogovcu</span> 
     </span>
     <span class='ocr_line' id='line_1_17' title="bbox 633 2334 951 2390; baseline 0.013 -4"><span class='ocrx_word' id='word_1_141' title='bbox 633 2334 722 2387; x_wconf 88' lang='lat'>61.</span> <span class='ocrx_word' id='word_1_142' title='bbox 771 2338 815 2389; x_wconf 89' lang='lat'>1.</span> <span class='ocrx_word' id='word_1_143' title='bbox 864 2338 951 2390; x_wconf 88' lang='grc'>18.</span> 
     </span>
    </p>
   </div>
   <div class='ocr_carea' id='block_1_5' title="bbox 804 2437 1563 2514">
    <p class='ocr_par' dir='ltr' id='par_1_5' title="bbox 804 2437 1563 2514">
     <span class='ocr_line' id='line_1_18' title="bbox 804 2437 1563 2514; baseline 0.005 -21"><span class='ocrx_word' id='word_1_144' title='bbox 804 2437 1181 2513; x_wconf 82' lang='lat' dir='ltr'><em>Kukuljevic&#39;</em></span> <span class='ocrx_word' id='word_1_145' title='bbox 1222 2442 1370 2514; x_wconf 82' lang='lat' dir='ltr'>Reg.</span> <span class='ocrx_word' id='word_1_146' title='bbox 1428 2446 1563 2499; x_wconf 77' lang='lat'><strong><em>980.</em></strong></span> 
     </span>
    </p>
   </div>
   <div class='ocr_carea' id='block_1_6' title="bbox 1903 2787 2100 2865">
    <p class='ocr_par' dir='ltr' id='par_1_6' title="bbox 1903 2787 2100 2865">
     <span class='ocr_line' id='line_1_19' title="bbox 1903 2787 2100 2865; baseline 0 0"><span class='ocrx_word' id='word_1_147' title='bbox 1903 2787 2100 2865; x_wconf 89' lang='grc'><strong>963.</strong></span> 
     </span>
    </p>
   </div>
   <div class='ocr_carea' id='block_1_7' title="bbox 636 2956 1455 3042">
    <p class='ocr_par' dir='ltr' id='par_1_7' title="bbox 636 2956 1455 3042">
     <span class='ocr_line' id='line_1_20' title="bbox 636 2956 1455 3042; baseline 0.006 -21"><span class='ocrx_word' id='word_1_148' title='bbox 636 2956 838 3038; x_wconf 87' lang='grc'><strong>1269,</strong></span> <span class='ocrx_word' id='word_1_149' title='bbox 884 2958 1211 3041; x_wconf 74' lang='lat' dir='ltr'>mieseca</span> <span class='ocrx_word' id='word_1_150' title='bbox 1247 2959 1455 3042; x_wconf 75' lang='lat' dir='ltr'>iuna.</span> 
     </span>
    </p>
   </div>
   <div class='ocr_carea' id='block_1_8' title="bbox 644 3161 3358 3364">
    <p class='ocr_par' dir='ltr' id='par_1_8' title="bbox 644 3161 3358 3364">
     <span class='ocr_line' id='line_1_21' title="bbox 644 3161 3358 3255; baseline 0.003 -30"><span class='ocrx_word' id='word_1_151' title='bbox 644 3161 941 3248; x_wconf 78' lang='lat' dir='ltr'>Tz&#39;motej</span> <span class='ocrx_word' id='word_1_152' title='bbox 998 3165 1239 3250; x_wconf 76' lang='lat' dir='ltr'>bz&#39;skup</span> <span class='ocrx_word' id='word_1_153' title='bbox 1291 3163 1679 3252; x_wconf 59' lang='lat' dir='ltr'>&#39;zagrebaffkz</span> <span class='ocrx_word' id='word_1_154' title='bbox 1750 3169 2010 3255; x_wconf 74' lang='lat' dir='ltr'>kupuje</span> <span class='ocrx_word' id='word_1_155' title='bbox 2055 3169 2144 3232; x_wconf 81' lang='lat' dir='ltr'>od</span> <span class='ocrx_word' id='word_1_156' title='bbox 2199 3169 2479 3235; x_wconf 80' lang='lat' dir='ltr'>Urbana</span> <span class='ocrx_word' id='word_1_157' title='bbox 2523 3169 2684 3234; x_wconf 78' lang='lat' dir='ltr'>sina</span> <span class='ocrx_word' id='word_1_158' title='bbox 2735 3171 3130 3234; x_wconf 81' lang='lat' dir='ltr'>Pobradova</span> <span class='ocrx_word' id='word_1_159' title='bbox 3179 3173 3358 3234; x_wconf 82' lang='lat' dir='ltr'>neko</span> 
     </span>
     <span class='ocr_line' id='line_1_22' title="bbox 1336 3279 2639 3364; baseline 0.002 -22"><span class='ocrx_word' id='word_1_160' title='bbox 1336 3279 1663 3364; x_wconf 67' lang='lat' dir='ltr'>zemljz&#39;s‘te</span> <span class='ocrx_word' id='word_1_161' title='bbox 1708 3281 1844 3344; x_wconf 77' lang='lat' dir='ltr'>kod</span> <span class='ocrx_word' id='word_1_162' title='bbox 1905 3282 2116 3345; x_wconf 67' lang='lat' dir='ltr'>Vas‘ke</span> <span class='ocrx_word' id='word_1_163' title='bbox 2162 3281 2338 3346; x_wconf 74' lang='lat' dir='ltr'>blt&#39;zu</span> <span class='ocrx_word' id='word_1_164' title='bbox 2385 3283 2639 3346; x_wconf 79' lang='lat' dir='ltr'>Drave.</span> 
     </span>
    </p>
   </div>
   <div class='ocr_carea' id='block_1_9' title="bbox 629 3495 3351 5164">
    <p class='ocr_par' dir='ltr' id='par_1_9' title="bbox 629 3495 3351 5164">
     <span class='ocr_line' id='line_1_23' title="bbox 812 3495 3350 3583; baseline 0.004 -28"><span class='ocrx_word' id='word_1_165' title='bbox 812 3495 1043 3556; x_wconf 89' lang='lat' dir='ltr'>Paulus</span> <span class='ocrx_word' id='word_1_166' title='bbox 1087 3500 1447 3576; x_wconf 89' lang='lat' dir='ltr'>prepositus</span> <span class='ocrx_word' id='word_1_167' title='bbox 1499 3509 1563 3559; x_wconf 82' lang='lat' dir='ltr'>et</span> <span class='ocrx_word' id='word_1_168' title='bbox 1594 3500 1942 3577; x_wconf 89' lang='lat' dir='ltr'>capitulum</span> <span class='ocrx_word' id='word_1_169' title='bbox 1994 3499 2679 3578; x_wconf 82' lang='lat' dir='ltr'>Quinqueecclesiense</span> <span class='ocrx_word' id='word_1_170' title='bbox 2731 3503 3034 3564; x_wconf 88' lang='lat' dir='ltr'>omnibus</span> <span class='ocrx_word' id='word_1_171' title='bbox 3079 3523 3350 3583; x_wconf 86' lang='lat' dir='ltr'>presens</span> 
     </span>
     <span class='ocr_line' id='line_1_24' title="bbox 632 3611 3351 3690; baseline 0.003 -19"><span class='ocrx_word' id='word_1_172' title='bbox 632 3613 940 3690; x_wconf 89' lang='lat' dir='ltr'>scriptum</span> <span class='ocrx_word' id='word_1_173' title='bbox 988 3611 1395 3672; x_wconf 88' lang='lat' dir='ltr'>cernentibus</span> <span class='ocrx_word' id='word_1_174' title='bbox 1453 3611 1723 3673; x_wconf 86' lang='lat' dir='ltr'>salutem</span> <span class='ocrx_word' id='word_1_175' title='bbox 1769 3614 1833 3672; x_wconf 89' lang='lat' dir='ltr'>in</span> <span class='ocrx_word' id='word_1_176' title='bbox 1880 3612 2165 3673; x_wconf 86' lang='lat' dir='ltr'>dominc.</span> <span class='ocrx_word' id='word_1_177' title='bbox 2212 3611 2324 3674; x_wconf 93' lang='lat' dir='ltr'>Ad</span> <span class='ocrx_word' id='word_1_178' title='bbox 2370 3615 2807 3677; x_wconf 88' lang='lat' dir='ltr'>vniuersorum</span> <span class='ocrx_word' id='word_1_179' title='bbox 2878 3619 3183 3678; x_wconf 88' lang='lat' dir='ltr'>noticiam</span> <span class='ocrx_word' id='word_1_180' title='bbox 3231 3637 3351 3678; x_wconf 90' lang='lat' dir='ltr'>uo-</span> 
     </span>
     <span class='ocr_line' id='line_1_25' title="bbox 630 3722 3350 3809; baseline 0.003 -27"><span class='ocrx_word' id='word_1_181' title='bbox 630 3722 843 3785; x_wconf 89' lang='lat' dir='ltr'>lumus</span> <span class='ocrx_word' id='word_1_182' title='bbox 886 3725 1237 3803; x_wconf 86' lang='lat' dir='ltr'>peruenire,</span> <span class='ocrx_word' id='word_1_183' title='bbox 1284 3723 1461 3802; x_wconf 88' lang='lat' dir='ltr'>quod</span> <span class='ocrx_word' id='word_1_184' title='bbox 1510 3723 1809 3785; x_wconf 87' lang='lat' dir='ltr'>Vrbanus</span> <span class='ocrx_word' id='word_1_185' title='bbox 1854 3724 2018 3785; x_wconf 88' lang='lat' dir='ltr'>filius</span> <span class='ocrx_word' id='word_1_186' title='bbox 2066 3725 2320 3786; x_wconf 87' lang='lat' dir='ltr'>Pobrad</span> <span class='ocrx_word' id='word_1_187' title='bbox 2381 3726 2799 3804; x_wconf 88' lang='lat' dir='ltr'>personaliter</span> <span class='ocrx_word' id='word_1_188' title='bbox 2847 3730 2908 3790; x_wconf 89' lang='lat' dir='ltr'>in</span> <span class='ocrx_word' id='word_1_189' title='bbox 2959 3730 3154 3790; x_wconf 90' lang='lat' dir='ltr'>nostri</span> <span class='ocrx_word' id='word_1_190' title='bbox 3199 3749 3350 3809; x_wconf 89' lang='lat' dir='ltr'>pre-</span> 
     </span>
     <span class='ocr_line' id='line_1_26' title="bbox 630 3836 3346 3916; baseline 0.003 -23"><span class='ocrx_word' id='word_1_191' title='bbox 630 3839 849 3898; x_wconf 88' lang='lat' dir='ltr'>sencia</span> <span class='ocrx_word' id='word_1_192' title='bbox 894 3839 1293 3909; x_wconf 75' lang='lat' dir='ltr'>constitutuS,</span> <span class='ocrx_word' id='word_1_193' title='bbox 1338 3845 1569 3897; x_wconf 88' lang='lat' dir='ltr'>terram</span> <span class='ocrx_word' id='word_1_194' title='bbox 1616 3855 1798 3897; x_wconf 89' lang='lat' dir='ltr'>suam</span> <span class='ocrx_word' id='word_1_195' title='bbox 1868 3836 2313 3899; x_wconf 87' lang='lat' dir='ltr'>hereditariam</span> <span class='ocrx_word' id='word_1_196' title='bbox 2361 3837 2538 3900; x_wconf 84' lang='lat' dir='ltr'>iuxta</span> <span class='ocrx_word' id='word_1_197' title='bbox 2587 3839 2892 3904; x_wconf 81' lang='lat' dir='ltr'>VVascam</span> <span class='ocrx_word' id='word_1_198' title='bbox 2939 3843 3346 3916; x_wconf 87' lang='lat' dir='ltr'>existentem,</span> 
     </span>
     <span class='ocr_line' id='line_1_27' title="bbox 630 3947 3348 4036; baseline 0.004 -30"><span class='ocrx_word' id='word_1_199' title='bbox 630 3950 699 4008; x_wconf 92' lang='lat' dir='ltr'>in</span> <span class='ocrx_word' id='word_1_200' title='bbox 746 3951 924 4010; x_wconf 89' lang='lat' dir='ltr'>terris</span> <span class='ocrx_word' id='word_1_201' title='bbox 968 3947 1309 4009; x_wconf 87' lang='lat' dir='ltr'>arabilibus</span> <span class='ocrx_word' id='word_1_202' title='bbox 1354 3958 1418 4009; x_wconf 88' lang='lat' dir='ltr'>et</span> <span class='ocrx_word' id='word_1_203' title='bbox 1463 3949 1642 4036; x_wconf 22' lang='lat' dir='ltr'>siluis*</span> <span class='ocrx_word' id='word_1_204' title='bbox 1679 3948 1762 4010; x_wconf 89' lang='lat' dir='ltr'>ad</span> <span class='ocrx_word' id='word_1_205' title='bbox 1809 3969 1993 4010; x_wconf 88' lang='lat' dir='ltr'>usum</span> <span class='ocrx_word' id='word_1_206' title='bbox 2037 3951 2326 4030; x_wconf 79' lang='lat' dir='ltr'>quinque</span> <span class='ocrx_word' id='word_1_207' title='bbox 2370 3961 2724 4013; x_wconf 88' lang='lat' dir='ltr'>aratrorum</span> <span class='ocrx_word' id='word_1_208' title='bbox 2771 3953 3210 4029; x_wconf 85' lang='lat' dir='ltr'>sufficientem,</span> <span class='ocrx_word' id='word_1_209' title='bbox 3258 3954 3348 4016; x_wconf 90' lang='lat' dir='ltr'>de</span> 
     </span>
     <span class='ocr_line' id='line_1_28' title="bbox 630 4060 3344 4142; baseline 0.004 -24"><span class='ocrx_word' id='word_1_210' title='bbox 630 4060 985 4135; x_wconf 87' lang='lat' dir='ltr'>uoluntate,</span> <span class='ocrx_word' id='word_1_211' title='bbox 1031 4080 1348 4122; x_wconf 90' lang='lat' dir='ltr'>consensu</span> <span class='ocrx_word' id='word_1_212' title='bbox 1380 4072 1441 4121; x_wconf 91' lang='lat' dir='ltr'>et</span> <span class='ocrx_word' id='word_1_213' title='bbox 1474 4062 1890 4140; x_wconf 90' lang='lat' dir='ltr'>permissione</span> <span class='ocrx_word' id='word_1_214' title='bbox 1941 4063 2162 4123; x_wconf 87' lang='lat' dir='ltr'>Powsa</span> <span class='ocrx_word' id='word_1_215' title='bbox 2213 4062 2318 4125; x_wconf 89' lang='lat' dir='ltr'>filii</span> <span class='ocrx_word' id='word_1_216' title='bbox 2365 4064 2576 4140; x_wconf 86' lang='lat' dir='ltr'>Gwrh,</span> <span class='ocrx_word' id='word_1_217' title='bbox 2625 4063 2879 4128; x_wconf 86' lang='lat' dir='ltr'>Martini</span> <span class='ocrx_word' id='word_1_218' title='bbox 2920 4066 3026 4128; x_wconf 89' lang='lat' dir='ltr'>filii</span> <span class='ocrx_word' id='word_1_219' title='bbox 3077 4066 3344 4142; x_wconf 87' lang='lat' dir='ltr'>Kohon,</span> 
     </span>
     <span class='ocr_line' id='line_1_29' title="bbox 630 4174 3338 4260; baseline 0.004 -29"><span class='ocrx_word' id='word_1_220' title='bbox 630 4177 1033 4249; x_wconf 87' lang='lat' dir='ltr'>presencium</span> <span class='ocrx_word' id='word_1_221' title='bbox 1080 4193 1299 4235; x_wconf 90' lang='lat' dir='ltr'>coram</span> <span class='ocrx_word' id='word_1_222' title='bbox 1346 4175 1531 4235; x_wconf 89' lang='lat' dir='ltr'>nobis</span> <span class='ocrx_word' id='word_1_223' title='bbox 1562 4185 1625 4235; x_wconf 89' lang='lat' dir='ltr'>et</span> <span class='ocrx_word' id='word_1_224' title='bbox 1658 4174 1946 4236; x_wconf 89' lang='lat' dir='ltr'>Demetri</span> <span class='ocrx_word' id='word_1_225' title='bbox 1992 4189 2417 4257; x_wconf 88' lang='lat' dir='ltr'>cognatorum</span> <span class='ocrx_word' id='word_1_226' title='bbox 2464 4199 2744 4256; x_wconf 90' lang='lat' dir='ltr'>suorum,</span> <span class='ocrx_word' id='word_1_227' title='bbox 2775 4201 2893 4260; x_wconf 91' lang='lat' dir='ltr'>pro</span> <span class='ocrx_word' id='word_1_228' title='bbox 2941 4200 3072 4259; x_wconf 92' lang='lat' dir='ltr'>quo</span> <span class='ocrx_word' id='word_1_229' title='bbox 3116 4190 3338 4242; x_wconf 87' lang='lat' dir='ltr'>tamen</span> 
     </span>
     <span class='ocr_line' id='line_1_30' title="bbox 629 4283 3342 4376; baseline 0.004 -33"><span class='ocrx_word' id='word_1_230' title='bbox 629 4283 967 4349; x_wconf 89' lang='lat' dir='ltr'>Demetrio</span> <span class='ocrx_word' id='word_1_231' title='bbox 1014 4287 1181 4349; x_wconf 91' lang='lat' dir='ltr'>idem</span> <span class='ocrx_word' id='word_1_232' title='bbox 1211 4287 1588 4349; x_wconf 84' lang='lat' dir='ltr'>¹Marthinus</span> <span class='ocrx_word' id='word_1_233' title='bbox 1640 4289 1930 4376; x_wconf 42' lang='lat' dir='ltr'>‘uterinus</span> <span class='ocrx_word' id='word_1_234' title='bbox 1991 4289 2182 4350; x_wconf 84' lang='lat' dir='ltr'>frater</span> <span class='ocrx_word' id='word_1_235' title='bbox 2226 4310 2375 4352; x_wconf 88' lang='lat' dir='ltr'>suus</span> <span class='ocrx_word' id='word_1_236' title='bbox 2418 4295 2630 4368; x_wconf 88' lang='lat' dir='ltr'>astitit,</span> <span class='ocrx_word' id='word_1_237' title='bbox 2676 4293 3006 4355; x_wconf 84' lang='lat' dir='ltr'>consessus</span> <span class='ocrx_word' id='word_1_238' title='bbox 3049 4304 3145 4355; x_wconf 90' lang='lat' dir='ltr'>est</span> <span class='ocrx_word' id='word_1_239' title='bbox 3193 4295 3342 4355; x_wconf 86' lang='lat' dir='ltr'>uiua</span> 
     </span>
     <span class='ocr_line' id='line_1_31' title="bbox 632 4399 3339 4474; baseline 0.004 -18"><span class='ocrx_word' id='word_1_240' title='bbox 632 4415 815 4474; x_wconf 88' lang='lat' dir='ltr'>uoce,</span> <span class='ocrx_word' id='word_1_241' title='bbox 860 4418 930 4460; x_wconf 88' lang='lat' dir='ltr'>se</span> <span class='ocrx_word' id='word_1_242' title='bbox 975 4399 1245 4474; x_wconf 85' lang='lat' dir='ltr'>dedisse,</span> <span class='ocrx_word' id='word_1_243' title='bbox 1291 4400 1623 4462; x_wconf 90' lang='lat' dir='ltr'>tradidisse</span> <span class='ocrx_word' id='word_1_244' title='bbox 1682 4412 1746 4462; x_wconf 89' lang='lat' dir='ltr'>et</span> <span class='ocrx_word' id='word_1_245' title='bbox 1808 4401 2172 4463; x_wconf 89' lang='lat' dir='ltr'>uendidisse</span> <span class='ocrx_word' id='word_1_246' title='bbox 2233 4404 2500 4465; x_wconf 89' lang='lat' dir='ltr'>domino</span> <span class='ocrx_word' id='word_1_247' title='bbox 2564 4409 2626 4466; x_wconf 90' lang='lat' dir='ltr'>in</span> <span class='ocrx_word' id='word_1_248' title='bbox 2697 4405 2950 4470; x_wconf 89' lang='lat' dir='ltr'>Christo</span> <span class='ocrx_word' id='word_1_249' title='bbox 2995 4407 3339 4468; x_wconf 86' lang='lat' dir='ltr'>venerabili</span> 
     </span>
     <span class='ocr_line' id='line_1_32' title="bbox 629 4513 3344 4602; baseline 0.004 -33"><span class='ocrx_word' id='word_1_250' title='bbox 629 4515 793 4587; x_wconf 87' lang='lat' dir='ltr'>patri</span> <span class='ocrx_word' id='word_1_251' title='bbox 860 4513 1252 4591; x_wconf 85' lang='lat' dir='ltr'>TymotheO,</span> <span class='ocrx_word' id='word_1_252' title='bbox 1295 4514 1397 4575; x_wconf 89' lang='lat' dir='ltr'>dei</span> <span class='ocrx_word' id='word_1_253' title='bbox 1467 4517 1676 4594; x_wconf 88' lang='lat' dir='ltr'>gracia</span> <span class='ocrx_word' id='word_1_254' title='bbox 1743 4516 2050 4594; x_wconf 89' lang='lat' dir='ltr'>episcopo</span> <span class='ocrx_word' id='word_1_255' title='bbox 2119 4515 2541 4597; x_wconf 79' lang='lat' dir='ltr'>Zagrabiensi,</span> <span class='ocrx_word' id='word_1_256' title='bbox 2586 4539 2671 4578; x_wconf 88' lang='lat' dir='ltr'>ex</span> <span class='ocrx_word' id='word_1_257' title='bbox 2739 4539 2818 4581; x_wconf 92' lang='lat' dir='ltr'>eo</span> <span class='ocrx_word' id='word_1_258' title='bbox 2877 4523 3096 4602; x_wconf 84' lang='lat' dir='ltr'>magis,</span> <span class='ocrx_word' id='word_1_259' title='bbox 3164 4521 3344 4599; x_wconf 91' lang='lat' dir='ltr'>quod</span> 
     </span>
     <span class='ocr_line' id='line_1_33' title="bbox 632 4623 3344 4713; baseline 0.004 -29"><span class='ocrx_word' id='word_1_260' title='bbox 632 4623 940 4686; x_wconf 87' lang='lat' dir='ltr'>heredum</span> <span class='ocrx_word' id='word_1_261' title='bbox 990 4629 1187 4686; x_wconf 89' lang='lat' dir='ltr'>caruit</span> <span class='ocrx_word' id='word_1_262' title='bbox 1234 4627 1491 4700; x_wconf 87' lang='lat' dir='ltr'>solaci0,</span> <span class='ocrx_word' id='word_1_263' title='bbox 1536 4629 1807 4704; x_wconf 91' lang='lat' dir='ltr'>receptis</span> <span class='ocrx_word' id='word_1_264' title='bbox 1853 4630 2056 4688; x_wconf 90' lang='lat' dir='ltr'>eciam</span> <span class='ocrx_word' id='word_1_265' title='bbox 2104 4631 2360 4710; x_wconf 88' lang='lat' dir='ltr'>triginta</span> <span class='ocrx_word' id='word_1_266' title='bbox 2407 4633 2636 4693; x_wconf 90' lang='lat' dir='ltr'>marcis</span> <span class='ocrx_word' id='word_1_267' title='bbox 2681 4634 2929 4713; x_wconf 89' lang='lat' dir='ltr'>argenti</span> <span class='ocrx_word' id='word_1_268' title='bbox 2975 4634 3058 4693; x_wconf 91' lang='lat' dir='ltr'>ab</span> <span class='ocrx_word' id='word_1_269' title='bbox 3105 4633 3344 4694; x_wconf 88' lang='lat' dir='ltr'>eodem</span> 
     </span>
     <span class='ocr_line' id='line_1_34' title="bbox 632 4736 3345 4827; baseline 0.004 -31"><span class='ocrx_word' id='word_1_270' title='bbox 632 4736 901 4800; x_wconf 88' lang='lat' dir='ltr'>domino</span> <span class='ocrx_word' id='word_1_271' title='bbox 964 4742 1287 4817; x_wconf 87' lang='lat' dir='ltr'>episcop0‚</span> <span class='ocrx_word' id='word_1_272' title='bbox 1332 4740 1447 4800; x_wconf 90' lang='lat' dir='ltr'>sibi</span> <span class='ocrx_word' id='word_1_273' title='bbox 1496 4749 1559 4799; x_wconf 89' lang='lat' dir='ltr'>et</span> <span class='ocrx_word' id='word_1_274' title='bbox 1605 4741 1731 4800; x_wconf 91' lang='lat' dir='ltr'>suis</span> <span class='ocrx_word' id='word_1_275' title='bbox 1776 4742 2247 4803; x_wconf 88' lang='lat' dir='ltr'>successoribus</span> <span class='ocrx_word' id='word_1_276' title='bbox 2311 4745 2806 4806; x_wconf 84' lang='lat' dir='ltr'>irreuocabiliter</span> <span class='ocrx_word' id='word_1_277' title='bbox 2851 4748 2984 4806; x_wconf 90' lang='lat' dir='ltr'>iure</span> <span class='ocrx_word' id='word_1_278' title='bbox 3028 4757 3345 4827; x_wconf 88' lang='lat' dir='ltr'>perpetuo</span> 
     </span>
     <span class='ocr_line' id='line_1_35' title="bbox 632 4851 3348 4938; baseline 0.004 -29"><span class='ocrx_word' id='word_1_279' title='bbox 632 4851 1111 4930; x_wconf 88' lang='lat' dir='ltr'>possidendam,</span> <span class='ocrx_word' id='word_1_280' title='bbox 1171 4853 1257 4912; x_wconf 86' lang='lat' dir='ltr'>ita</span> <span class='ocrx_word' id='word_1_281' title='bbox 1318 4851 1632 4925; x_wconf 89' lang='lat' dir='ltr'>uidelicet,</span> <span class='ocrx_word' id='word_1_282' title='bbox 1709 4852 1886 4931; x_wconf 92' lang='lat' dir='ltr'>quod</span> <span class='ocrx_word' id='word_1_283' title='bbox 1949 4872 2066 4914; x_wconf 90' lang='lat' dir='ltr'>nec</span> <span class='ocrx_word' id='word_1_284' title='bbox 2127 4857 2263 4933; x_wconf 91' lang='lat' dir='ltr'>ipse</span> <span class='ocrx_word' id='word_1_285' title='bbox 2325 4856 2648 4931; x_wconf 76' lang='lat' dir='ltr'>VrbanUS,</span> <span class='ocrx_word' id='word_1_286' title='bbox 2711 4877 2831 4919; x_wconf 90' lang='lat' dir='ltr'>nec</span> <span class='ocrx_word' id='word_1_287' title='bbox 2891 4859 3120 4938; x_wconf 89' lang='lat' dir='ltr'>aliquis</span> <span class='ocrx_word' id='word_1_288' title='bbox 3187 4859 3348 4921; x_wconf 89' lang='lat' dir='ltr'>alius</span> 
     </span>
     <span class='ocr_line' id='line_1_36' title="bbox 633 4965 3346 5052; baseline 0.003 -28"><span class='ocrx_word' id='word_1_289' title='bbox 633 4974 865 5025; x_wconf 89' lang='lat' dir='ltr'>terram</span> <span class='ocrx_word' id='word_1_290' title='bbox 914 4966 1227 5044; x_wconf 81' lang='lat' dir='ltr'>prefatam</span> <span class='ocrx_word' id='word_1_291' title='bbox 1276 4965 1357 5024; x_wconf 88' lang='lat' dir='ltr'>ab</span> <span class='ocrx_word' id='word_1_292' title='bbox 1404 4965 1637 5026; x_wconf 90' lang='lat' dir='ltr'>eodem</span> <span class='ocrx_word' id='word_1_293' title='bbox 1701 4965 1969 5026; x_wconf 93' lang='lat' dir='ltr'>domino</span> <span class='ocrx_word' id='word_1_294' title='bbox 2031 4970 2334 5048; x_wconf 85' lang='lat' dir='ltr'>episcopo</span> <span class='ocrx_word' id='word_1_295' title='bbox 2383 4970 2484 5030; x_wconf 90' lang='lat' dir='ltr'>uel</span> <span class='ocrx_word' id='word_1_296' title='bbox 2530 4973 2659 5031; x_wconf 89' lang='lat' dir='ltr'>suis</span> <span class='ocrx_word' id='word_1_297' title='bbox 2713 4973 3182 5034; x_wconf 89' lang='lat' dir='ltr'>successoribus</span> <span class='ocrx_word' id='word_1_298' title='bbox 3229 4993 3346 5052; x_wconf 91' lang='lat' dir='ltr'>po-</span> 
     </span>
     <span class='ocr_line' id='line_1_37' title="bbox 635 5077 3346 5164; baseline 0.002 -26"><span class='ocrx_word' id='word_1_299' title='bbox 635 5077 778 5138; x_wconf 89' lang='lat' dir='ltr'>terit</span> <span class='ocrx_word' id='word_1_300' title='bbox 813 5097 1127 5153; x_wconf 88' lang='lat' dir='ltr'>reuocare,</span> <span class='ocrx_word' id='word_1_301' title='bbox 1159 5097 1271 5139; x_wconf 88' lang='lat' dir='ltr'>seu</span> <span class='ocrx_word' id='word_1_302' title='bbox 1306 5079 1367 5136; x_wconf 90' lang='lat' dir='ltr'>in</span> <span class='ocrx_word' id='word_1_303' title='bbox 1399 5089 1729 5156; x_wconf 88' lang='lat' dir='ltr'>posterum</span> <span class='ocrx_word' id='word_1_304' title='bbox 1762 5079 2118 5140; x_wconf 87' lang='lat' dir='ltr'>uendicarc.</span> <span class='ocrx_word' id='word_1_305' title='bbox 2167 5081 2288 5142; x_wconf 83' lang='lat' dir='ltr'>Pro</span> <span class='ocrx_word' id='word_1_306' title='bbox 2324 5085 2463 5160; x_wconf 88' lang='lat' dir='ltr'>ipso</span> <span class='ocrx_word' id='word_1_307' title='bbox 2495 5093 2713 5145; x_wconf 89' lang='lat' dir='ltr'>autem</span> <span class='ocrx_word' id='word_1_308' title='bbox 2748 5084 3015 5146; x_wconf 91' lang='lat' dir='ltr'>domino</span> <span class='ocrx_word' id='word_1_309' title='bbox 3039 5087 3346 5164; x_wconf 89' lang='lat' dir='ltr'>episcopo</span> 
     </span>
    </p>
   </div>
  </div>
 </body>
</html>
