3797 5795
1781 371 2193 434 —214-

628 559 747 622 hec
776 564 1101 622 sentencia
1145 565 1520 641 peruenerit,
1550 583 1699 624 cum
1724 563 2004 644 Joannes
2034 564 2332 625 sacerdos
2363 575 2426 626 et
2459 563 2828 636 monachuS‚
2855 564 3030 641 prior
3061 560 3344 622 ecclesie

628 683 847 734 sancte
878 673 1075 736 Marie
1108 675 1276 736 dicte
1306 675 1389 737 de
1424 675 1694 737 Rabiato
1727 687 1944 738 nostre
1974 675 2259 748 diocesiS,
2289 677 2556 738 domino
2581 676 2810 756 Joanni
2835 671 3334 759 (predejcessori

631 796 850 848 nostro
910 787 1203 848 subditus
1261 788 1507 869 sibique
1567 809 1641 850 ac
1706 789 2035 850 monachis
2097 793 2224 852 suis
2271 789 2401 869 Jpro
2462 800 2751 868 tempore
2798 787 3216 867 respondem,
3273 797 3342 846 ut

630 899 968 961 tenebatur
1034 903 1097 960 in
1164 901 1629 980 parochialibus
1708 903 2152 964 funccionibus
2234 914 2539 982 tanquam
2621 902 2868 981 prelato
2936 901 3342 980 competenti

632 1012 978 1074 diocesano
1039 1013 1267 1093 elapsis
1327 1017 1453 1075 iam
1500 1018 1681 1076 annis
1727 1015 2070 1077 duodecim
2120 1027 2184 1077 et
2230 1035 2310 1078 eo
2355 1015 2626 1095 amplius
2679 1017 2812 1076 sine
2858 1014 3340 1092 interrupcione

632 1125 928 1208 legitima,
975 1136 1199 1206 utpote
1244 1147 1358 1206 per
1403 1127 1645 1188 dictum
1672 1128 1988 1208 Joannem
2031 1133 2350 1191 institutus
2395 1132 2456 1190 in
2505 1128 2671 1189 dicta
2718 1128 2984 1189 ecclesia
3029 1140 3096 1188 et
3143 1128 3344 1186 intro-

630 1238 860 1299 ductus
921 1241 983 1299 in
1045 1241 1443 1318 corporalem
1506 1252 1569 1301 et
1634 1243 2024 1320 spiritualem
2085 1245 2580 1321 possessionum,
2627 1242 2812 1302 nobis
2875 1252 2938 1301 et
2999 1243 3064 1300 in
3111 1250 3342 1300 nostro

630 1351 1154 1431 archiepiscopali
1196 1353 1444 1431 palacio
1476 1373 1695 1414 coram
1728 1354 2012 1433 pluribus
2061 1356 2424 1416 manualem
2455 1357 2603 1416 fecit
2635 1355 3097 1426 obedienciam,
3143 1353 3344 1412 soluit

632 1481 781 1524 cum
813 1464 947 1525 aliis
978 1465 1331 1538 collectam,
1362 1468 1795 1528 visitacionem
1845 1478 2126 1529 nostram
2175 1470 2430 1547 recepit,
2461 1469 2828 1528 conuictum
2874 1469 3340 1545 procuracione

632 1577 813 1638 dedit
855 1578 1106 1656 pluries,
1150 1579 1234 1639 ad
1280 1580 1513 1640 festum
1561 1581 1729 1640 beati
1779 1581 1964 1642 Blasii
2011 1600 2158 1642 cum
2204 1582 2338 1641 aliis
2385 1583 2614 1641 nostris
2644 1581 3000 1652 abbatibus
3033 1593 3100 1639 ut
3135 1581 3334 1638 moris

632 1700 727 1750 est
774 1701 837 1750 et
881 1691 964 1752 ad
1010 1691 1309 1752 sinodum
1378 1695 1565 1764 venit,
1632 1695 1895 1775 litigauit
1966 1694 2410 1755 nichilominus
2479 1694 2810 1755 multocies
2854 1711 3072 1752 eoram
3121 1692 3332 1761 nobis,

628 1804 997 1882 recipiendo
1063 1824 1181 1883 pro
1250 1825 1317 1865 se
1385 1817 1448 1866 et
1516 1818 1739 1867 contra
1806 1827 1874 1868 se
1939 1809 2352 1880 sentenciam,
2399 1817 2466 1868 ut
2513 1807 2659 1867 iuris
2703 1805 2866 1866 ordo
2911 1805 3174 1878 ferebat,
3219 1823 3346 1863 nos

630 1934 816 1978 suum
862 1918 1177 1996 prelatum
1226 1930 1294 1979 ut
1336 1920 1722 1980 ordinarium
1771 1919 2048 1980 iudicem
2095 1922 2158 1980 in
2205 1920 2503 1998 predictis
2552 1931 2615 1978 et
2647 1920 2783 1980 aliis
2813 1918 3344 1996 competentibus

632 2047 1116 2110 recognoscens
1150 2048 1317 2091 nunc
1348 2042 1566 2092 autem
1599 2033 1918 2093 nescimus
1950 2053 2080 2112 quo
2113 2034 2332 2111 spiritu
2364 2031 2593 2093 ductus
2623 2031 2886 2092 obedire
2918 2031 3348 2108 contempnit,

632 2142 1069 2202 visitacionem
1115 2146 1338 2216 renuit,
1368 2147 1895 2222 procuracionem
1931 2156 2120 2218 uetat,
2153 2145 2236 2205 ad
2269 2145 2590 2224 synodum
2637 2155 2901 2204 vocatus
2946 2144 3340 2221 contempsit

633 2264 697 2314 et
742 2253 827 2314 ad
872 2254 1103 2314 festum
1151 2254 1321 2316 beati
1369 2255 1551 2316 Blasii
1616 2259 1829 2318 venire
1884 2261 2140 2336 respuit,
2187 2260 2438 2319 iniurias
2483 2258 2767 2336 pluribus
2811 2257 2896 2318 de
2941 2275 3011 2316 se
3057 2274 3342 2333 conque-

634 2367 917 2428 rentibus
964 2367 1253 2442 inferenS,
1298 2370 1526 2430 citatus
1559 2369 1656 2430 bis
1687 2383 1749 2430 et
1782 2383 1877 2430 ter
1921 2391 2039 2449 pro
2087 2373 2368 2431 terminis
2414 2371 2932 2450 competentibus
2965 2381 3028 2429 et
3061 2369 3344 2449 legitime

634 2484 1081 2559 peroportunis
1126 2485 1473 2562 assignatiS,
1504 2483 1722 2544 dicens
1753 2503 1821 2544 se
1853 2502 1983 2544 non
2017 2483 2251 2544 habere
2285 2484 2618 2544 nobiscum
2667 2484 2894 2556 facere,
2939 2483 3344 2559 contempnit

636 2597 812 2654 omni
862 2594 1060 2655 modo
1106 2614 1492 2674 comparere.
1542 2595 1887 2675 Cupientes
1949 2615 2101 2678 ergo
2163 2598 2494 2658 salubriter
2539 2615 2688 2656 eum
2733 2597 3050 2676 corrigere
3095 2596 3348 2672 sibique

636 2717 700 2766 et
746 2707 880 2767 aliis
942 2707 1299 2788 quibusque
1361 2709 1627 2770 reddere
1690 2711 1821 2769 iura
1883 2729 2012 2780 sua,
2076 2711 2361 2771 iniuriam
2425 2712 2570 2770 iuris
2631 2709 3010 2788 parochialis
3071 2708 3339 2768 ecclesie

638 2829 853 2880 nostre
913 2819 1306 2881 dissimulare
1353 2820 1435 2881 de
1480 2833 1693 2882 cetero
1742 2822 2042 2896 nolend0‚
2087 2825 2244 2883 sicut
2293 2841 2412 2882 nec
2457 2841 2796 2902 possumus
2843 2841 2963 2882 nec
3012 2821 3346 2887 debemus,

638 2952 786 2993 cum
848 2934 1071 2994 dolore
1131 2937 1323 2994 animi
1371 2947 1434 2994 et
1494 2939 1944 3014 compassione
2005 2936 2214 2996 cordis
2277 2938 2470 2997 nimia
2530 2938 2906 2996 auctoritate
2971 2934 3075 2995 dei
3137 2937 3346 2994 omni-

637 3049 918 3126 potentis
964 3057 1025 3107 et
1073 3047 1585 3108 beatissimorum
1632 3050 2072 3127 apostolorum
2107 3049 2268 3109 Petri
2304 3060 2368 3109 et
2401 3049 2592 3121 Pauli,
2637 3068 2712 3109 ac
2757 3049 3104 3109 beatissimi
3155 3047 3346 3108 Blasii

640 3162 908 3221 martiris
938 3172 1001 3220 et
1034 3172 1248 3220 nostra
1282 3180 1407 3242 qua
1440 3160 1775 3242 fungimur,
1806 3162 2164 3240 predictum
2206 3161 2522 3242 Joannem
2569 3163 2846 3241 priorem
2887 3161 3344 3222 Rabiatensem

639 3292 757 3352 pro
820 3273 915 3334 his
974 3284 1038 3334 et
1102 3274 1460 3335 huiusmodi
1524 3274 1825 3334 rebellem
1889 3274 2378 3355 incorrigibilem
2442 3286 2504 3335 et
2567 3288 3022 3335 contumacem
3085 3292 3350 3333 excom-

640 3389 1041 3447 municamus
1101 3389 1165 3447 in
1226 3390 1471 3466 scriptis
1531 3398 1591 3447 et
1654 3389 2286 3447 excommunicatum
2359 3387 2836 3459 denunciamus
2903 3400 3346 3465 supponentes

640 3498 973 3559 ecclesiam
1005 3500 1381 3578 prelibatam
1414 3500 1751 3560 interdicto
1785 3519 1986 3578 usque
2013 3500 2096 3561 ad
2121 3500 2630 3562 satisfaccionem
2663 3499 3075 3580 condignam.
3101 3498 3340 3560 Actum

641 3623 736 3672 est
768 3611 891 3671 hoc
922 3614 981 3671 in
1016 3612 1262 3691 pulpito
1296 3613 1559 3673 ecclesie
1606 3613 2155 3691 archiepiscopalis
2187 3632 2358 3673 anno
2391 3613 2636 3673 domini
2668 3610 3076 3685 MCCLXH,
3109 3614 3344 3673 mensis

640 3722 985 3805 ianuarii(!),
1030 3727 1232 3803 prima
1281 3724 1599 3785 dominica
1645 3725 2147 3806 quadragesime,
2179 3726 2577 3803 presentibus
2609 3724 2877 3785 domino
2905 3722 3174 3803 Stalvio)
3207 3722 3346 3784 Tri·

642 3837 931 3897 buniensi
1001 3841 1304 3917 episcopo
1367 3856 1442 3898 ac
1503 3838 1802 3898 omnibus
1848 3839 2203 3909 abbatibus,
2249 3840 2570 3898 canonicis
2619 3839 2864 3907 nostriS,
2909 3856 3060 3898 curn
3107 3837 3346 3898 clericis

640 3950 943 4009 vniuersis
1010 3961 1072 4009 et
1140 3952 1383 4029 populo
1451 3953 1735 4011 ciuitatis
1800 3950 1868 4010 In
1941 3970 2211 4029 quarum
2279 3969 2488 4011 rerum
2559 3952 3000 4011 testimonium
3069 3950 3344 4031 sigillum

640 4070 929 4122 nostrum
990 4062 1280 4141 pendens
1324 4062 1406 4123 ad
1452 4064 1837 4141 peticionem
1898 4064 2224 4141 presbiteri
2293 4064 2649 4143 Parungerii
2699 4066 2898 4123 nostri
2943 4065 3236 4123 canonici
3283 4074 3346 4123 et

636 4174 888 4234 abbatis
941 4174 1205 4234 ecclesie
1258 4174 1569 4236 Omnium
1624 4175 2006 4237 Sanctorum
2055 4175 2356 4235 duximus
2402 4175 2885 4254 apponendum.
2951 4176 3034 4236 Et
3059 4195 3185 4259 ego
3217 4177 3346 4236 dia-

637 4304 839 4347 conus
906 4286 1171 4347 Bubana
1232 4288 1574 4347 canonicus
1650 4287 2005 4368 Ragusinus
2065 4300 2128 4348 et
2188 4289 2489 4348 antedicti
2553 4289 2799 4349 domini
2869 4289 3336 4368 archiepiscopi

635 4400 873 4459 iuratus
935 4400 1213 4459 notarius
1258 4399 1377 4477 hys
1437 4400 1737 4459 omnibus
1799 4400 2049 4460 interfui
2112 4415 2172 4460 et
2237 4400 2320 4461 de
2377 4400 2686 4462 mandato
2751 4402 3042 4462 eiusdem
3113 4402 3347 4481 scripsi,

634 4511 955 4590 compleui
1004 4521 1067 4571 et
1118 4530 1311 4572 manu
1357 4515 1612 4590 propria
1659 4513 1972 4572 roboraui.

810 4626 877 4683 Iz
924 4626 1212 4701 rukopisa
1269 4626 1659 4683 »Bullatium
1712 4628 2132 4700 Raguse'num«
2193 4630 2230 4681 3
2241 4632 2316 4682 70
2339 4630 2550 4688 -372,
2601 4649 2642 4687 u
2687 4629 2776 4685 kr.
2827 4648 2974 4686 zem.
3029 4629 3256 4687 arkivu
3309 4649 3348 4686 u

638 4729 941 4803 Zagrebu.
1010 4762 1085 4770 —-
1148 4731 1373 4787 lVotica
1390 4752 1411 4788 .·
1481 4756 1503 4779 ³>
1518 4732 1756 4787 Pendet
1810 4732 2086 4805 stgillum
2157 4753 2414 4791 cereum.
2477 4735 2601 4791 Dic
2665 4738 2760 4792 26.
2791 4736 3154 4812 februarii,
3205 4756 3345 4793 nam

642 4853 805 4891 anno
874 4837 1039 4893 7:262.
1088 4834 1331 4891 Pascha
1378 4836 1528 4911 fuit
1585 4836 1687 4891 die
1754 4840 1802 4890 9.
1869 4837 2108 4911 aprilis,
2167 4838 2302 4893 dics
2359 4840 2636 4896 cinerum
2701 4843 2799 4899 22.
2830 4840 3192 4917 februarii,
3244 4843 3346 4897 do—

640 4939 871 4994 minica
928 4946 966 4993 1.
1014 4939 1532 5013 quadragesimae
1580 4942 1675 4993 26.
1709 4939 2060 5015 februarii,
2109 4942 2318 4998 litte-ra
2366 4944 2520 5000 dom.
2568 4944 2680 5001 A«

814 5042 1071 5098 Farlati
1114 5042 1258 5113 Ιζγν.
1304 5062 1463 5099 sacr.
1515 5042 1612 5100 VI.
1650 5047 1777 5097 108.
1830 5077 1915 5084 -
1961 5043 2335 5113 Kukuljoe’t'c'
2374 5047 2522 5119 A'eg.
2575 5065 2680 5104 no.
2735 5050 2869 5105 823.
