3797 5795
1836 420 1923 428 -
1986 386 2107 449 198
2170 420 2253 430 --

691 576 873 641 Chal<
918 578 1159 638 banum
1207 578 1514 639 comitem
1559 579 1642 638 de
1689 578 1950 638 Zovnuc
1994 578 2055 637 in
2091 578 2494 657 corporalem
2524 578 3000 656 possessionem
3030 576 3201 637 dicte
3226 555 3391 637 terre

690 690 955 750 fecimus
1000 690 1332 751 introduci.
1383 688 1576 753 Cuius
1622 700 1786 751 terre
1833 700 2027 765 mete,
2071 699 2261 769 prout
2308 692 2371 750 in
2416 690 2645 751 litteris
2684 688 2948 769 predicti
2997 687 3181 752 Chak
3244 688 3397 749 bani

689 805 892 883 patuit
939 803 1142 876 nobis,
1188 803 1396 864 taliter
1440 804 1898 885 distinguntur:
1950 805 2157 866 Prima
2204 812 2377 863 meta
2412 804 2641 882 'incipit
2686 804 2752 863 in
2796 802 3007 863 littore
3066 800 3283 863 Drave
3329 813 3393 862 et

690 916 896 975 tendit
964 915 1048 976 ad
1109 934 1304 976 unam
1365 915 1609 976 ulmum
1675 919 1852 976 iuxta
1914 927 2147 977 terram
2195 913 2680 989 Cruciferorum,
2742 914 2976 975 deinde
3036 914 3121 976 ad
3184 914 3399 975 ilicem

689 1029 1216 1109 crucesignatam,
1262 1029 1346 1089 ab
1393 1029 1544 1089 inde
1591 1032 1813 1089 transit
1873 1027 2135 1089 fluvium
2186 1029 2424 1110 Bygne,
2487 1028 2571 1089 ad
2630 1028 2927 1089 arborem
2975 1047 3103 1107 que
3162 1010 3401 1088 dicitur

690 1141 929 1222 egurfa,
989 1141 1108 1201 sub
1155 1160 1282 1221 qua
1329 1153 1425 1201 est
1487 1151 1658 1202 meta
1719 1152 1942 1216 terrea,
2002 1141 2237 1202 deinde
2304 1160 2418 1220 per
2476 1140 2736 1202 fluvium
2800 1140 3151 1222 Bygnyche
3224 1140 3403 1201 vadit

691 1272 906 1314 versus
953 1253 1282 1315 meridiem
1329 1255 1411 1315 ad
1460 1254 1730 1315 rivulum
1775 1258 1881 1335 qui
1932 1252 2221 1319 Chernec
2258 1254 2609 1334 appelatur,
2653 1255 2761 1315 ubi
2795 1253 3104 1315 distancia
3134 1274 3171 1313 a
3208 1257 3403 1315 metis

692 1363 1157 1430 Cruciferorum
1195 1370 1599 1450 coniungitur
1645 1371 1829 1429 metis
1875 1377 2039 1429 terre
2084 1368 2167 1428 de
2200 1365 2387 1447 Copy
2432 1366 2649 1428 eundo
2679 1386 2794 1446 per
2826 1368 3068 1428 dictum
3116 1369 3393 1429 rivulum

692 1477 979 1543 Chernec
1047 1498 1262 1541 versus
1323 1482 1655 1543 meridiem
1713 1484 1934 1561 incipit
1994 1491 2210 1542 tenere
2274 1492 2478 1541 metas
2539 1499 2686 1540 cum
2749 1481 3067 1555 Roman0,
3128 1483 3403 1559 iensque

689 1591 884 1673 longe
927 1596 1060 1653 exit
1108 1592 1190 1654 de
1234 1594 1440 1655 rivulo
1483 1592 1771 1657 Chernec
1816 1594 1900 1654 ad
1944 1594 2216 1655 rivulum
2264 1596 2369 1673 qui
2402 1604 2666 1654 vocatur
2698 1592 2958 1671 Halyna
3002 1596 3395 1655 existentem

691 1707 868 1765 iuxta
913 1716 1145 1766 terram
1193 1705 1481 1768 eiusdem
1531 1708 1824 1780 Romani,
1869 1727 1983 1787 per
2028 1725 2223 1786 quam
2269 1706 2354 1768 ad
2399 1725 2633 1785 aquam
2684 1706 2941 1785 Halyna
2988 1708 3207 1768 eundo
3258 1709 3397 1768 exit

690 1817 776 1879 ad
822 1820 987 1878 viam
1035 1838 1248 1880 versus
1295 1820 1644 1894 meridiem,
1690 1823 1869 1881 iuxta
1915 1838 2111 1900 quam
2159 1822 2324 1880 viam
2388 1830 2483 1879 est
2531 1830 2701 1879 meta
2746 1830 2949 1879 terrea
2994 1821 3114 1880 sub
3159 1821 3397 1881 arbore

690 1949 860 2012 egur,
906 1932 1056 1992 inde
1101 1951 1215 2012 per
1260 1931 1533 1993 eandem
1582 1935 1749 1993 viam
1797 1935 1971 1993 venit
2014 1931 2098 1993 ad
2144 1945 2428 2011 pontem,
2483 1932 2589 1992 ubi
2635 1930 2920 2010 predicta
2970 1933 3231 2012 Halyna
3280 1934 3395 1996 du-

688 2043 958 2122 plicatur
1003 2058 1064 2106 et
1111 2048 1273 2106 inter
1317 2056 1655 2125 utramque
1705 2045 2030 2124 Halynam
2077 2064 2191 2125 per
2234 2054 2515 2105 veterem
2561 2046 2729 2105 viam
2796 2047 2968 2106 venit
3013 2045 3097 2106 ad
3144 2057 3393 2108 metam

685 2168 956 2218 terream
1010 2160 1195 2219 sitam
1242 2157 1414 2237 apud
1461 2158 1801 2233 fraxinum,
1846 2158 2081 2219 deinde
2127 2160 2298 2217 venit
2343 2157 2427 2218 ad
2475 2167 2715 2219 metam
2761 2160 2947 2218 sitam
2994 2159 3115 2219 sub
3160 2159 3399 2220 arbore

687 2272 865 2330 nucis
909 2272 1088 2331 iuxta
1134 2270 1346 2331 villam
1395 2289 1521 2350 que
1566 2282 1662 2331 est
1707 2290 1897 2350 super
1925 2271 2197 2332 rivulum
2230 2270 2543 2352 Scegune,
2580 2270 2728 2331 inde
2759 2272 3069 2332 transiens
3116 2272 3389 2333 rivulum

685 2380 980 2463 Scegune
1025 2382 1108 2443 ad
1156 2387 1362 2463 pirum
1410 2386 1743 2465 signatam,
1805 2384 1955 2444 inde
2016 2403 2128 2463 per
2191 2384 2465 2445 eandem
2528 2387 2689 2443 viam
2756 2384 2927 2444 cadit
2995 2387 3057 2444 in
3125 2396 3395 2445 stratam

685 2496 1138 2557 exercitualem
1186 2516 1389 2576 prope
1435 2496 1704 2558 domum
1777 2496 2031 2559 Martini
2097 2497 2201 2557 filii
2251 2496 2555 2575 Ladizlay
2631 2508 2692 2556 et
2722 2499 2980 2557 iterum
3047 2496 3401 2559 reflectitur

686 2607 770 2668 ad
815 2620 1027 2688 partes
1089 2610 1427 2684 orientales
1472 2610 1556 2670 ad
1604 2611 2025 2671 monticulum
2074 2608 2275 2672 Ozloa
2334 2609 2593 2691 goriche
2652 2610 2759 2670 ubi
2822 2620 2916 2669 est
2980 2620 3169 2685 meta,
3239 2611 3393 2672 inde

684 2721 861 2782 iuxta
909 2732 1105 2783 terras
1152 2722 1411 2804 Georgii
1457 2724 1631 2784 vadit
1676 2722 1760 2784 ad
1806 2726 2015 2802 pirum
2076 2724 2597 2803 crucesignatam,
2659 2722 2894 2784 deinde
2952 2722 3035 2783 ad
3097 2742 3389 2784 cerasum

683 2851 964 2911 parvam,
1009 2837 1073 2895 in
1120 2848 1293 2896 meta
1339 2855 1623 2897 cerasum
1673 2836 1819 2896 dico
1867 2838 2270 2908 existentem,
2317 2834 2551 2895 deinde
2596 2834 2998 2915 protenditur
3028 2835 3112 2896 ad
3145 2846 3385 2896 metam

681 2948 869 3008 sitam
917 2952 980 3010 in
1028 2952 1167 3029 piro
1212 2953 1648 3031 crucesignata
1711 2961 1775 3010 et
1821 2950 1904 3009 ibi
1954 2951 2176 3010 exiens
2222 2948 2305 3010 de
2365 2951 2464 3010 via
2509 2950 2573 3008 in
2619 2947 2839 3008 silvam
2888 2949 2970 3008 ad
3018 2948 3226 3010 ilicem
3278 2951 3393 3011 du-

677 3059 827 3136 plici
873 3081 1062 3123 cruce
1108 3065 1426 3144 signatam
1487 3073 1551 3122 et
1614 3065 1836 3122 transit
1906 3062 2126 3123 silvam
2190 3061 2270 3122 ad
2337 3062 2541 3123 ilicem
2612 3064 2838 3122 iterum
2902 3061 3134 3141 duplici
3199 3081 3394 3122 cruce

675 3172 1012 3253 signatam,
1050 3175 1133 3235 ab
1181 3176 1330 3236 inde
1375 3178 1423 3236 it
1469 3179 1645 3236 iuxta
1692 3176 1904 3236 villam
1948 3174 2205 3256 Georgii
2254 3175 2335 3235 ad
2382 3174 2589 3236 ilicem
2635 3172 2869 3256 aducss)
2896 3175 3151 3254 .duplici
3198 3193 3395 3236 cruce

675 3285 1012 3365 signatam,
1057 3289 1207 3349 inde
1253 3309 1365 3368 per
1411 3289 1632 3350 silvam
1681 3298 1742 3350 et
1789 3307 1904 3368 per
1951 3298 2155 3349 metas
2200 3289 2499 3348 arboreas
2544 3307 2729 3349 cruce
2760 3290 3041 3369 signatas
3085 3291 3261 3349 venit
3309 3288 3391 3348 ad

675 3397 976 3460 arborem
1026 3401 1221 3474 iahur,
1268 3401 1416 3461 inde
1461 3421 1576 3480 per
1620 3401 1814 3461 altam
1862 3404 2070 3480 pirum
2120 3419 2306 3461 cruce
2352 3403 2685 3482 signatam,
2744 3399 2981 3461 deinde
3042 3419 3155 3479 per
3218 3404 3389 3461 viam

677 3511 857 3572 vadit
901 3512 984 3573 ad
1031 3512 1290 3575 fluvium
1355 3514 1578 3596 Bygne
1639 3514 2093 3594 supradictum,
2154 3517 2214 3575 in
2278 3517 2455 3574 cuius
2499 3516 2635 3592 ripa
2680 3523 2773 3574 est
2824 3526 2995 3574 meta
3039 3514 3159 3574 sub
3206 3515 3391 3592 ylice,

678 3628 1120 3705 transiensque
1165 3646 1400 3706 aquam
1447 3627 1532 3687 ad
1579 3640 1816 3687 metam
1867 3647 1993 3706 que
2038 3641 2133 3688 est
2180 3627 2299 3687 sub
2346 3629 2485 3706 piro
2530 3626 2735 3688 tendit
2780 3626 2865 3686 ad
2898 3627 3195 3686 arborem
3230 3645 3391 3708 egur

675 3752 869 3798 cruce
914 3741 1246 3820 signatam,
1292 3739 1526 3801 deinde
1573 3740 1825 3800 rediens
1871 3741 2098 3799 iterum
2146 3740 2228 3799 ad
2276 3740 2420 3800 litus
2466 3737 2676 3800 Drave
2738 3741 3143 3820 contignatur
3191 3742 3380 3818 priori

677 3859 853 3910 mete
897 3863 960 3911 et
1007 3853 1095 3912 sic
1140 3855 1558 3912 terminantur
1602 3853 1773 3912 dicte
1820 3861 2008 3912 mete.
2082 3853 2151 3912 In
2200 3855 2377 3912 cuius
2422 3855 2509 3912 rei
2557 3853 2935 3912 memoriam
2984 3851 3385 3912 firmitatem-

674 3978 802 4034 que
846 3975 1224 4043 perpetuam
1268 3974 1595 4043 presentes
1640 3966 2075 4025 concessimus
2120 3964 2359 4025 litteras
2404 3963 2672 4043 duplicis
2703 3963 2881 4044 sigilli
2934 3966 3131 4024 nostri
3180 3968 3388 4025 muni-

677 4077 851 4136 mine
895 4077 1242 4138 roborataS.
1291 4075 1531 4138 Datum
1577 4097 1690 4157 per
1738 4095 1969 4138 manus
2032 4080 2307 4159 magistri
2375 4077 2565 4150 Pauli,
2626 4076 2809 4138 electi
2854 4075 3174 4150 AlbensiS‚
3238 4078 3381 4138 aule

676 4197 892 4249 nostre
959 4190 1451 4251 vicecancellarii
1519 4191 1732 4252 dilecti
1803 4201 1866 4251 et
1935 4190 2140 4251 fidelis
2208 4193 2421 4251 nostri.
2484 4189 2683 4253 Anno
2752 4189 2997 4250 domini
3068 4187 3373 4254 MCCLX

673 4303 900 4377 prim0,
945 4305 1121 4383 regni
1168 4313 1386 4365 autem
1434 4305 1631 4364 nostri
1678 4307 1984 4365 vicesimo
2031 4314 2235 4365 sext0.

848 4513 914 4569 [ε
951 4515 1255 4590 prq'jepisa
1301 4513 1548 4590 kaptola
1595 4513 2045 4586 lazmansleoga
2091 4517 2173 4572 od
2205 4535 2271 4586 g.
2322 4517 2493 4570 1265.
2560 4534 2643 4570 na
2680 4515 3062 4590 pergameni.
3136 4515 3201 4572 [ε
3246 4514 3377 4572 ark.

655 4617 874 4689 gracia
937 4619 1290 4676 Varaz'dina
1319 4621 1388 4695 f.
1435 4620 1486 4677 l.
1537 4639 1631 4676 no.
1685 4623 1736 4674 5.

843 4730 1222 4806 Kukuljevz‘c'
1261 4733 1416 4805 Regu
1465 4753 1561 4791 no,
1617 4737 1737 4788 818.
