3797 5795
1813 432 1896 441 .—
1948 399 2043 465 92
2094 434 2178 441 --

819 590 1060 664 (Drugi
1102 589 1398 666 rukopt's).

818 700 972 781 Ego·
1005 701 1252 777 Petrico
1300 701 1384 762 de
1429 701 1628 765 Ferro
1672 704 2075 763 examinator
2122 696 2437 783 ma[num]
2486 718 2697 761 meam
2746 700 2901 759 misi.

820 809 1006 897 [Ego]
1057 813 1332 880 Michael
1379 826 1597 903 sancte
1645 814 1846 877 Marie
1891 816 2148 875 maioris
2188 813 2452 878 clericus
2482 824 2547 873 et
2577 812 2898 892 Jadrensis
2930 814 3213 872 notarius
3258 812 3357 869 in-

641 926 826 987 terfui
873 937 1148 1008 rogatuS,
1203 937 1271 988 ut
1303 928 1514 990 audiui
1565 928 1732 989 hanc
1771 942 2015 989 cartam
2058 929 2295 1007 scripsi,
2340 926 2632 987 roboravi
2687 936 2751 987 et
2806 926 2993 1006 signo
3036 932 3357 985 consueto

645 1039 905 1119 signaui.

818 1179 1214 1253 (lilonogram
1262 1189 1408 1245 not.)

828 1370 1126 1444 Ortjginal
1165 1392 1205 1428 u
1243 1371 1510 1445 gubern.
1553 1371 1776 1430 arkivu
1839 1392 1877 1429 u
1942 1373 2173 1439 Zadru,
2220 1374 2361 1429 odio
2412 1380 2656 1429 samost.
2702 1390 2787 1427 sv.
2838 1370 3067 1428 Nikole
3110 1369 3199 1425 br.
3256 1371 3349 1424 12.

644 1474 848 1531 Desni
892 1475 1006 1532 rub
1052 1480 1306 1533 ortec‘en.

1905 1870 2094 1951 608.

642 2072 841 2151 1258,
885 2073 990 2137 18.
1039 2072 1307 2155 aprila.
1355 2072 1414 2137 U
1458 2071 1844 2155 monopoli.

1131 2288 1396 2371 {sgrovor
1441 2288 1748 2351 Martola
1794 2286 2337 2351 Dubrovo‘am'na
2382 2310 2429 2349 u
2478 2286 2874 2370 Monopolu.

813 2503 853 2587 †
899 2505 1154 2567 Exinde
1217 2505 1392 2583 quod
1454 2507 1634 2587 uirgo
1695 2525 1925 2584 parens
1988 2508 2231 2585 peperit
2294 2508 2429 2566 sine
2490 2506 2732 2566 semine
2796 2503 3117 2568 Christum
3177 2522 3353 2563 anno

639 2618 976 2679 millesimo
1037 2618 1477 2679 ducentesimo
1540 2619 2070 2699 quinquagesimo
2134 2632 2385 2693 octau0‚
2446 2627 2752 2699 regnante
2806 2618 3075 2678 domino
3124 2630 3349 2677 nostro

641 2729 946 2795 Conrado
992 2731 1295 2805 secundO,
1340 2731 1441 2792 dei
1489 2735 1688 2813 gratia
1715 2730 2063 2812 Jerusalem
2096 2744 2161 2793 et
2194 2730 2407 2795 Cicilie
2445 2731 2869 2807 [illustrissimo
2902 2748 3051 2813 rege
3086 2740 3150 2789 et
3182 2729 3349 2789 duce

639 2843 872 2908 Sueuie
915 2863 1086 2906 anno
1133 2846 1376 2922 quintO,
1419 2846 1807 2926 principatus
1839 2864 1993 2906 uero
2025 2845 2269 2906 domini
2318 2845 2513 2906 nostri
2564 2843 2875 2906 Mansredi
2925 2842 3055 2904 diui
3088 2844 3339 2924 augusti

638 2961 1038 3038 imperatoris
1097 2957 1396 3022 Friderici
1459 2958 1718 3020 secundi
1769 2957 1894 3031 filii,
1940 2958 2045 3020 dei
2088 2961 2289 3040 gratia
2353 2958 2603 3019 illustris
2652 2957 2951 3036 principis
2997 2955 3347 3026 Tarentini,

636 3070 896 3132 honoris
951 3071 1189 3132 Montis
1229 3070 1444 3133 Sancti
1483 3070 1716 3153 Angeli
1750 3071 1995 3132 domini
2042 3090 2215 3132 anno
2260 3081 2513 3145 octau0‚
2544 3089 2763 3132 mense
2810 3069 3041 3150 aprilis,
3087 3068 3344 3128 decimo

637 3194 869 3260 octauo
916 3184 1019 3245 die
1064 3184 1370 3258 eiusdem,
1414 3187 1616 3264 prima
1663 3184 2026 3246 indictione.
2066 3184 2206 3265 Ego
2255 3183 2615 3246 Antiochus
2656 3182 2818 3243 filius
2851 3182 3181 3242 Romizzer
3228 3199 3341 3240 no-

637 3299 773 3356 tarii
821 3299 1092 3357 ciuitatis
1151 3296 1520 3376 Monopolis
1581 3315 1800 3358 coram
1861 3297 2131 3358 domino
2192 3296 2431 3376 Jacobo
2476 3296 2803 3376 principali
2856 3294 3064 3356 iudice
3112 3293 3343 3355 Mono-

635 3409 799 3488 polis
847 3409 1103 3470 Porfido
1163 3409 1498 3490 Scorpioni
1562 3421 1626 3472 et
1672 3409 1994 3471 Damiano
2040 3409 2169 3470 filio
2217 3411 2319 3471 siri
2360 3409 2666 3490 Johannis
2733 3409 2815 3470 de
2870 3411 3121 3469 notario
3170 3405 3341 3469 Alla-

636 3541 832 3583 mano
879 3523 1148 3584 ciuitatis
1178 3523 1465 3584 eiusdem
1496 3523 1762 3584 testibus
1792 3523 2177 3602 subscripti5‚
2210 3524 2505 3584 uolumus
2538 3523 2647 3584 tibi
2684 3522 2971 3584 Max-turo
3007 3520 3341 3580 mercatori

634 3635 718 3696 de
765 3635 1044 3716 Ragusio
1104 3634 1232 3696 filio
1286 3635 1594 3715 Johannis
1654 3635 1735 3698 de
1799 3635 2031 3698 Oelino
2100 3636 2359 3697 uadium
2423 3635 2571 3697 dedi
2620 3646 2684 3696 et
2734 3635 3077 3714 Luponem
3146 3632 3339 3694 filium

635 3746 934 3812 Guilelmi
999 3748 1234 3829 Capuci
1283 3751 1658 3828 prenomine
1703 3748 2163 3840 fideiussorem·
2188 3751 2370 3828 posui
2420 3767 2657 3817 coram,
2702 3759 2770 3808 ut
2820 3750 2882 3808 in
2930 3747 3095 3806 sesto
3142 3747 3341 3806 sancti

641 3861 906 3926 Andree
937 3863 1204 3941 apostoli
1240 3864 1446 3942 primo
1479 3881 1624 3923 cum
1659 3861 2009 3942 secunda(!)
2038 3859 2191 3944 (die)
2219 3863 2367 3924 inde
2394 3863 2618 3931 sutura,
2646 3862 2745 3922 uel
2779 3873 3021 3940 postea,
3054 3877 3201 3920 cum
3235 3869 3341 3918 tua

641 3977 743 4036 uel
777 3987 1031 4036 tuorum
1073 3975 1379 4036 heredum
1415 3975 1712 4037 uoluntas
1744 3977 1947 4047 suerit,
1987 3976 2153 4037 illico
2202 3995 2325 4058 ego
2372 3977 2475 4038 uel
2523 3977 2645 4036 mei
2694 3973 2961 4035 heredes
3007 3973 3237 4034 demus
3280 3980 3343 4032 et

634 4089 962 4150 soluamus
1007 4088 1115 4148 tibi
1167 4089 1264 4149 uel
1313 4091 1435 4149 tuis
1481 4088 1820 4150 heredibus
1852 4101 1916 4149 et
1948 4089 2303 4150 affictemus
2352 4091 2517 4150 intra
2564 4091 2623 4148 in
2674 4087 3016 4172 Monopoli·
3044 4088 3105 4145 in
3140 4085 3339 4145 domo

638 4211 854 4262 nostra
915 4203 1100 4262 staria
1148 4221 1263 4262 sex
1312 4201 1460 4261 boni
1511 4213 1574 4262 et
1620 4205 1754 4281 puri
1805 4201 1924 4262 olei
1974 4201 2286 4262 oliuarum
2335 4201 2417 4262 ad
2466 4203 2649 4262 unius
2694 4203 2879 4262 uncie
2932 4201 3085 4270 auri,
3147 4215 3342 4276 quam

631 4335 668 4374 a
716 4323 780 4374 te
825 4315 1279 4393 presentialiter
1324 4317 1531 4393 recepi
1565 4326 1628 4375 et
1663 4315 1888 4376 haben.
1916 4313 2155 4378 Contra
2204 4315 2381 4394 quod
2414 4317 2463 4376 si
2497 4315 2849 4385 fecerimu5‚
2883 4312 3110 4373 demus
3158 4310 3341 4371 uobis

632 4425 946 4505 quidquid
1008 4427 1276 4504 proinde
1323 4430 1383 4486 in
1429 4429 1602 4488 curia
1661 4431 1822 4488 iuste
1886 4427 2187 4489 dederitis
2234 4427 2335 4488 uel
2383 4428 2865 4507 repromiseritis
2913 4437 2977 4485 et
3026 4442 3153 4503 que
3202 4442 3337 4502 pre-

633 4541 824 4601 missa
870 4550 1014 4599 sunt
1054 4539 1508 4619 compleamus
1559 4540 1743 4601 Inuiti
1777 4539 2062 4601 districto
2096 4543 2305 4617 mee(!)
2340 4551 2403 4602 et
2436 4539 2723 4619 predicto
2760 4537 2955 4620 fidem
2988 4539 3341 4614 uestrisque

631 4653 988 4727 heredibus,
1048 4656 1154 4732 qui
1218 4654 1400 4715 uobis
1466 4652 1588 4713 hoc
1649 4653 1945 4714 dedimus
2004 4655 2249 4736 pignus
2296 4673 2414 4714 nos
2469 4664 2532 4714 et
2582 4665 2834 4713 nostros
2902 4650 3169 4712 heredes
3230 4667 3343 4728 per

627 4787 856 4832 omnes
901 4787 999 4828 res
1045 4777 1292 4826 nostras
1336 4765 1569 4826 habere
1615 4777 1680 4826 et
1727 4767 1894 4827 illinc
1926 4786 1965 4827 a
1996 4786 2101 4827 me
2146 4767 2565 4846 appelationis
2596 4777 2659 4826 et
2692 4766 2811 4826 cab
2841 4811 3228 4824 .......
3278 4771 3339 4822 et

626 4882 978 4943 renuntiaui
1028 4891 1158 4940 tam
1205 4897 1328 4960 ego
1375 4926 1811 4938 ........
1877 4879 1978 4940 uel
2026 4882 2287 4940 minoris
2334 4881 2639 4958 temporis
2685 4900 2724 4939 a
2773 4882 2903 4939 iure
2954 4877 3181 4938 indulti
3230 4875 3339 4935 de-

625 4995 934 5055 bitoribus
979 4993 1062 5054 ad
1095 4992 1498 5064 soluendum,
1543 4992 1771 5071 quibus
1818 5010 2203 5070 quocunque
2252 4991 2448 5052 modo
2498 4995 2649 5052 tueri
2706 5011 2825 5052 nos
2870 5007 3209 5070 possemus
3259 4987 3340 5048 de.

625 5109 914 5188 predicto
976 5108 1121 5168 oleo
1183 5119 1416 5178 uestrO,
1460 5106 1542 5166 de
1589 5115 1827 5165 statuto
1891 5107 2167 5164 termino
2232 5124 2361 5184 non
2427 5105 2736 5178 redend‹›‚
2784 5105 2939 5166 dum
2988 5105 3207 5166 omnia
3256 5101 3340 5162 fe·
