3797 5795
1894 354 2158 416 —448
2233 387 2308 397 -

742 559 978 601 conum
1043 560 1191 602 cum
1257 544 1550 604 universo
1619 545 1901 624 capitulo
1971 545 2236 605 ecclesie
2305 545 2474 604 beati
2544 542 2827 616 Domnii,
2894 542 3350 604 transferentes
3395 544 3462 606 in

737 665 1014 715 vestram
1075 657 1551 717 universitatem
1612 669 1816 718 totam
1886 669 2173 718 nostram
2229 656 2748 730 iurisdictionem,
2794 675 2991 735 quam
3037 657 3101 715 in
3147 656 3454 736 eligendo

740 766 1072 842 habemuS,
1118 779 1185 829 ut
1219 770 1464 847 quesita
1496 779 1559 830 et
1592 771 1859 831 obtenta
1906 772 2308 831 investitione
2353 787 2464 830 seu
2512 767 3015 840 confirmatione,
3058 787 3186 846 que
3230 767 3322 828 ad
3367 770 3464 828 ius

743 879 989 942 domini
1059 881 1516 962 archiepiscopi
1588 893 1877 962 spectare
1947 883 2310 944 dinoscitur.
2367 884 2566 962 ipsam
2639 882 2974 942 ecclesiam
3040 881 3336 941 habeatis
3399 893 3463 941 et

742 992 1125 1072 possideatis
1171 997 1234 1054 in
1267 1005 1668 1074 perpetuum,
1715 996 2084 1056 ordinantes
2127 1006 2192 1055 et
2222 996 2639 1074 disponentes
2685 994 2767 1054 de
2813 996 3007 1073 ipsius
3052 995 3464 1072 possessione

742 1124 857 1166 seu
904 1109 1381 1182 restauratione,
1442 1110 1602 1169 sicut
1650 1109 1832 1169 vobis
1894 1108 2121 1170 melius
2182 1107 2498 1168 videbitur
2543 1106 2627 1167 ad
2673 1107 2988 1167 honorem
3049 1107 3222 1167 dicte
3269 1107 3468 1185 ipsius

747 1219 1014 1281 ecclesie
1059 1230 1299 1281 statum
1362 1221 1461 1281 vel
1516 1221 1958 1295 commodum,
2017 1223 2263 1300 absque
2309 1221 2570 1281 alicuius
2631 1221 3013 1282 retractione
3057 1219 3158 1280 vel
3205 1231 3464 1279 contra-

746 1331 1043 1392 dictione.
1113 1331 1354 1394 Actum
1421 1336 1482 1394 in
1532 1335 1797 1395 ecclesia
1865 1336 2036 1395 beati
2083 1334 2366 1407 Domnii,
2427 1333 2530 1394 die
2577 1333 2906 1394 dominico
2967 1343 3114 1394 ante
3179 1334 3466 1402 missam,

743 1463 963 1505 coram
1027 1449 1200 1506 omni
1263 1447 1481 1525 populi
1552 1447 1976 1522 multitudine,
2036 1448 2336 1507 omnibus
2382 1445 2930 1508 consentientibus
2975 1456 3039 1506 et
3083 1445 3200 1506 sibi
3251 1444 3468 1523 placet

747 1558 1313 1636 proclamantibus,
1360 1559 1599 1622 ibidem
1646 1561 2001 1622 astantibus
2048 1579 2195 1621 cum
2242 1560 2542 1639 predictis
2590 1560 2900 1620 iudicibus
2947 1558 3275 1619 nobilibus
3321 1559 3468 1618 viris

748 1669 962 1731 Micha
1011 1671 1227 1747 Madii,
1278 1672 1561 1746 Iohanne
1608 1672 1867 1755 Cigade,
1928 1672 2222 1753 Johanne
2268 1673 2502 1748 Vitale‚
2547 1673 2766 1754 Drago
2813 1671 3139 1751 Stephani,
3185 1669 3466 1732 Alberto

745 1783 954 1857 Iancii‚
1018 1785 1206 1844 Petro
1256 1783 1601 1859 Cerneche,
1663 1783 2001 1848 Camurico
2064 1786 2248 1858 Petri,
2289 1785 2540 1846 Marino
2589 1785 2840 1858 Gaudii,
2885 1782 3149 1846 Grubco
3199 1781 3468 1844 Gacelle

742 1907 808 1957 et
853 1896 1139 1975 pluribus
1186 1897 1337 1960 aliis.

916 2011 1163 2086 (Drugi
1207 2013 1500 2090 rukopis).

918 2123 1057 2204 Ego
1099 2123 1291 2203 Josev
1338 2125 1503 2185 Petri
1550 2128 1843 2186 conscius
1890 2127 2273 2187 examinaui.

918 2235 1060 2316 Ego
1107 2256 1262 2298 uero
1310 2237 1610 2299 dominus
1670 2238 1881 2300 Lucas
1926 2241 2271 2300 canonicus
2317 2249 2381 2299 et
2426 2239 2666 2298 iuratus
2710 2239 2992 2298 notarius
3052 2235 3308 2315 Spaleti
3353 2235 3470 2294 hiis

744 2348 1047 2410 omnibus
1107 2350 1357 2412 interfui
1405 2362 1665 2432 rogatus
1710 2353 1794 2412 ab
1839 2361 2111 2430 utraque
2155 2363 2352 2431 parte,
2399 2362 2466 2412 ut
2513 2351 2726 2411 audiui
2773 2351 2988 2430 scripsi
3035 2360 3099 2410 et
3145 2361 3466 2409 consueto

744 2464 928 2542 signo
976 2462 1291 2523 roboraui.

921 2587 1216 2659 (Szjgnum
1264 2589 1546 2654 notarii).

930 2777 1227 2850 Om‘gt'nal
1268 2798 1307 2834 u
1356 2777 1580 2835 arkz‘vu
1623 2778 1872 2854 kaptola
1924 2800 1962 2836 u
2013 2780 2249 2855 Spljetu
2299 2800 2358 2836 a.
2408 2783 2584 2834 1267.

919 2881 1179 2939 Farlati
1219 2881 1321 2941 Ill.
1368 2903 1532 2940 sacr.
1581 2883 1703 2941 Ill.
1772 2886 1910 2945 282.
1962 2917 2045 2925 —
2110 2884 2354 2942 [Venzel
2403 2885 2546 2943 Cod.
2599 2883 2749 2960 dipl.
2811 2883 2960 2959 Arp.
3015 2882 3131 2939 Ill.
3189 2883 3328 2936 177.
3385 2914 3456 2921 ———

744 2986 1120 3062 Kukugjcvic‘
1158 2989 1309 3061 Reg.
1360 3007 1453 3045 κο.
1512 2991 1633 3043 937
1638 3034 1647 3044 .

1998 3280 2198 3357 914.

745 3435 949 3513 1267,
994 3434 1319 3516 mjeseca.
1365 3436 1702 3501 oktobra.
1749 3435 1809 3502 U
1853 3434 2176 3503 Peeuhu.

746 3622 1016 3707 Kaptol
1046 3622 1368 3707 peo‘ujskz‘
1400 3632 1487 3709 po
1534 3624 1773 3688 odluci
1826 3626 2054 3710 kralja
2120 3628 2288 3689 Bele
2349 3626 2822 3712 ustanovljuje
2885 3628 3102 3712 medje
3147 3628 3460 3711 zemalja,

1400 3738 1549 3821 koje
1590 3760 1674 3801 su
1718 3738 2077 3823 prz'padale
2124 3738 2381 3823 ubojz‘ci
2421 3740 2781 3824 Stjepanu.

922 3928 1153 3989 Paulus
1198 3932 1559 4008 prepositus
1604 3942 1668 3991 et
1713 3932 2062 4009 capitulum
2111 3930 2798 4011 Quinqueecclesiense
2843 3933 3146 3993 omnibus
3191 3952 3460 4013 presens

745 4043 1053 4120 scripturn
1100 4043 1507 4103 cernentibus
1553 4044 1822 4105 salutem
1870 4046 1933 4104 in
1983 4043 2251 4106 domino
2298 4048 2772 4125 sempiternam.
2832 4045 2943 4107 Ad
3010 4060 3454 4109 universorum

747 4155 1051 4214 noticiam
1098 4153 1393 4215 volumus
1438 4159 1786 4233 pervenire,
1833 4156 2010 4235 quod
2056 4156 2438 4237 Stephanus
2499 4158 2825 4236 Nycolaus
2871 4172 2934 4219 et
2973 4159 3308 4240 Johannes
3351 4158 3455 4221 filii

746 4268 999 4328 comitis
1048 4266 1170 4346 Isip
1218 4266 1324 4328 filii
1372 4267 1679 4347 Stephani
1726 4289 1844 4349 pro
1892 4290 1960 4331 se
2006 4281 2070 4331 et
2117 4290 2234 4350 pro
2280 4270 2597 4350 Adryano
2642 4282 2706 4333 et
2755 4272 2902 4353 Isyp
2965 4272 3268 4335 fratribus
3329 4275 3454 4334 suis

745 4380 1005 4441 uterinis
1051 4380 1465 4458 personaliter
1526 4384 1587 4441 in
1654 4393 1937 4443 nostram
2003 4387 2396 4462 presenciam
2455 4385 2846 4461 accedendO,
2901 4386 3138 4447 litteras
3207 4386 3452 4447 domini

746 4491 897 4553 Bele
943 4492 1045 4552 dei
1092 4494 1302 4573 gracia
1348 4493 1599 4554 illustris
1646 4497 1810 4576 regis
1858 4496 2186 4577 Hungarie
2235 4499 2420 4557 nobis
2467 4497 2895 4559 exhibuerunt
2939 4500 3003 4559 in
3049 4499 3169 4559 hec
3217 4500 3450 4561 verba:

922 4607 1182 4681 (Slijedi
1225 4608 1439 4664 listina
1486 4608 1693 4685 kralja
1746 4611 1892 4667 Bele
1939 4612 2022 4667 od
2065 4615 2118 4666 8.
2168 4615 2338 4687 maja
2386 4616 2594 4674 1267.)

920 4717 1057 4778 Nos
1104 4719 1319 4796 itaque
1364 4720 1673 4780 mandato
1721 4725 1894 4802 regio
1942 4733 2004 4782 et
2051 4732 2374 4802 preceptO,
2432 4735 2622 4802 prout
2668 4723 2983 4785 debemus
3028 4734 3092 4785 et
3139 4735 3454 4793 tenemur.

747 4832 813 4891 in
858 4830 974 4891 hiis
1019 4842 1082 4891 et
1129 4832 1193 4891 in
1247 4831 1383 4892 aliis
1428 4834 1789 4894 satisfacere
1835 4838 2180 4913 cupientes,
2226 4836 2635 4897 omnimodas
2680 4835 2918 4897 litteras
2965 4839 3158 4917 ipsius
3205 4836 3448 4898 domini

726 4945 910 5025 -regis
957 4954 1020 5003 et
1069 4943 1288 5004 iudicis
1334 4946 1502 5006 curie
1549 4964 1661 5007 sue
1706 4948 2103 5026 inspeximus
2150 4951 2311 5011 inter
2357 4960 2565 5010 cetera
2601 4951 3021 5025 continenteS,
3066 4950 3252 5029 quod
3297 4968 3440 5011 cum

746 5054 941 5116 iidem
990 5055 1355 5134 Stephanus
1406 5068 1469 5117 et
1516 5058 1860 5137 Nycolaus,
1898 5080 1981 5121 ac
2027 5063 2120 5121 sui
2166 5062 2388 5123 fratres
2436 5060 2816 5142 Chepanum
2871 5062 3068 5124 filium
3117 5059 3344 5126 Chaba
3387 5071 3447 5122 et
