3797 5795
1832 371 2240 432 —336-

684 568 895 619 sentes
962 539 1198 620 litteras
1264 560 1642 638 inspecturis
1704 558 1974 621 salutem
2044 561 2106 618 in
2177 561 2464 620 omnium
2541 559 2872 620 saluatore.
2949 555 3092 642 [VJt
3165 559 3408 640 regalis

685 673 1095 753 benignitatis
1154 672 1511 733 sublimitas
1571 691 1793 733 causas
1852 673 2132 753 legitime
2193 675 2564 734 terminatas
2608 685 2670 733 et
2719 676 2882 733 iusto
2945 673 3403 734 moderamine

684 784 999 846 discussas
1030 804 1291 846 suorum
1324 786 1794 866 priuilegiorum
1829 787 2197 846 testimonio
2244 787 2614 846 corroboret
2646 797 2710 846 et
2742 784 3096 858 confirmet,
3141 785 3404 863 equitas

687 899 897 972 uadet‚
942 901 1112 959 racio
1159 899 1454 977 postulat,
1504 901 1597 959 ius
1642 901 1918 978 requirit,
1963 918 2110 959 cum
2170 899 2233 960 id
2281 901 2728 960 inconcussum
2774 909 3164 978 permaneat,
3215 897 3402 976 quod

686 1014 860 1093 regio
923 1012 1109 1072 fuerit
1168 1014 1525 1090 patrocinio
1587 1012 2075 1073 communitum.
2123 1012 2398 1073 Proinde
2444 1012 2526 1072 ad
2574 1014 3012 1072 uniuersorum
3084 1014 3398 1072 noticiam

686 1125 908 1185 harum
956 1127 1115 1185 serie
1163 1125 1460 1185 uolumus
1505 1128 1853 1202 peruenire,
1903 1125 2078 1202 quod
2126 1144 2272 1185 cum
2323 1123 2710 1188 Carachinus
2769 1144 2990 1184 comes
3061 1123 3398 1188 Crisiensis

688 1238 1014 1316 quandam
1082 1237 1455 1316 particulam
1525 1248 1689 1298 terre
1754 1237 1911 1298 vltra
1983 1237 2280 1298 Drawam
2329 1241 2390 1298 in
2441 1236 2728 1301 Coruska
2773 1241 3154 1298 existentem
3203 1257 3398 1316 super

690 1369 816 1429 qua
864 1351 1071 1411 Pousa
1102 1361 1163 1410 et
1202 1351 1429 1411 chhe
1448 1351 1511 1430 (l)
1561 1325 1941 1424 residebant,
1974 1353 2234 1411 nomine
2279 1370 2482 1412 uacue
2527 1361 2690 1411 terre
2735 1353 2922 1412 castri
2968 1352 3050 1412 de
3083 1349 3394 1411 Kemnuk

688 1485 725 1524 a
772 1464 959 1523 nobis
1018 1465 1341 1542 petiuisset
1404 1464 1519 1523 sibi
1585 1462 1735 1533 dari,
1784 1466 2083 1544 magister
2141 1464 2428 1526 Thomas
2489 1467 2770 1524 notarius
2833 1473 3048 1524 noster
3101 1465 3394 1542 specialis

689 1587 751 1637 et
793 1575 1115 1655 johannes
1161 1578 1352 1638 frater
1398 1576 1682 1637 eiusdem
1730 1575 2157 1636 exhibuerunt
2203 1578 2389 1636 nobis
2433 1578 2832 1658 priuilegium
2903 1588 3191 1638 nostrum
3238 1595 3394 1637 con-

689 1707 936 1749 cessum
970 1708 1159 1767 super
1190 1689 1541 1750 collacione
1574 1699 1737 1749 terre
1770 1688 2011 1767 Bolysk
2042 1689 2397 1770 iobagionis
2429 1689 2694 1768 predicti
2729 1692 2914 1750 castri
2949 1690 3030 1750 de
3063 1689 3392 1762 Kemnuk,

690 1803 867 1862 cuius
928 1802 1189 1880 quidem
1253 1814 1487 1862 terram
1548 1802 1781 1863 eodem
1847 1800 2090 1880 Bolysk
2151 1805 2285 1862 sine
2349 1803 2581 1863 herede
2627 1803 2986 1864 decedente
3029 1803 3115 1863 ad
3163 1821 3391 1862 manus

692 1926 939 1975 nostras
982 1917 1186 1996 regias
1216 1915 1299 1976 de
1330 1915 1688 1994 approbata
1721 1918 1893 1996 regni
1929 1917 2126 1976 nostri
2165 1916 2627 1976 consuetudine
2673 1915 3046 1977 deuolutam
3091 1915 3393 1994 predictis

691 2029 995 2109 magistro
1055 2027 1313 2088 Thome
1359 2040 1422 2088 et
1462 2027 1737 2108 Johanni
1783 2048 1857 2088 ac
1905 2029 2199 2090 fratribus
2259 2032 2540 2107 ipsorum
2587 2029 2672 2090 de
2716 2029 3114 2108 plenitudine
3175 2041 3392 2088 nostre

690 2144 899 2222 gracie
966 2141 1351 2201 dederamus
1419 2141 1759 2214 edocendo
1829 2161 1965 2212 nos,
2033 2143 2210 2222 quod
2279 2143 2508 2202 eadem
2576 2143 2881 2221 particula
2951 2152 3130 2211 terre,
3193 2160 3390 2220 quam

692 2254 971 2332 prefatus
1015 2273 1235 2315 comes
1283 2252 1671 2318 Carachinus
1716 2275 1753 2314 a
1800 2256 2001 2329 nobis,
2032 2267 2103 2316 ut
2133 2258 2550 2334 premisimus,
2595 2255 3030 2334 postulauerat
3073 2255 3188 2314 sibi
3238 2254 3390 2326 dari,

694 2385 823 2426 non
870 2379 1035 2428 esset
1082 2378 1247 2427 terra
1293 2370 1474 2427 castri
1524 2367 1605 2426 de
1654 2365 1977 2440 Kemnuk,
2023 2368 2136 2428 sed
2192 2387 2444 2446 semper
2489 2368 2675 2428 suen't
2721 2379 2884 2428 terra
2933 2367 3173 2446 Bolysk
3217 2379 3392 2428 ante-

696 2480 873 2552 dicti;
942 2499 1073 2558 quo
1141 2481 1403 2558 quidem
1472 2480 1803 2561 priuilegio
1874 2482 2162 2559 inspecto
2231 2491 2293 2541 et
2353 2481 2654 2558 perlectO,
2701 2499 2776 2541 ac
2838 2494 3058 2542 tenore
3105 2481 3386 2540 eiusdem

692 2594 940 2672 plenius
984 2593 1308 2654 intellecto
1356 2596 1763 2672 conperimus
1810 2606 2235 2654 memoratam
2289 2593 2660 2671 particulam
2711 2605 2874 2654 terre
2920 2594 3110 2654 fuisse
3157 2605 3386 2654 terram

692 2705 913 2784 prefati
978 2705 1217 2784 Bolysk
1264 2717 1326 2765 et
1374 2706 1610 2766 includi
1670 2725 1746 2766 ac
1806 2706 2178 2766 circumdari
2245 2708 2430 2766 metis
2497 2719 2660 2766 terre
2705 2707 2992 2767 eiusdem
3033 2705 3282 2783 Bolysk
3327 2717 3386 2764 et

694 2838 946 2897 semper
1013 2829 1245 2878 terram
1316 2819 1476 2878 illius
1544 2821 1844 2892 extitisse,
1913 2820 1974 2879 in
2045 2819 2348 2900 nulloque
2415 2820 2498 2880 ad
2561 2820 2878 2899 prefatum
2955 2833 3232 2879 castrum
3307 2819 3388 2878 de

696 2932 1001 2995 Kemnuk
1063 2935 1438 3011 pertinuisse
1484 2933 1614 2993 ullo
1660 2952 1970 3013 umquam
2039 2944 2332 3012 tempore
2381 2934 2479 2994 uel
2527 2934 2738 2993 adhuc
2783 2934 3020 2993 debere
3065 2935 3384 3011 pertinere

696 3047 832 3107 Nos
895 3049 1106 3125 itaque
1168 3046 1589 3106 collacionem
1652 3056 1938 3105 nostram
1985 3046 2068 3105 de
2113 3057 2246 3106 tota
2311 3058 2474 3107 terra
2536 3046 2841 3125 sepedicti
2915 3044 3154 3122 Bolysk
3217 3058 3388 3105 ante-

693 3160 876 3220 dictis
945 3162 1247 3240 magistro
1315 3159 1569 3221 Thome
1616 3171 1680 3219 et
1718 3158 1995 3238 johanni
2040 3178 2116 3219 ac
2178 3163 2459 3237 ipsorum
2523 3160 2816 3219 fratribus
2885 3158 3116 3218 factam
3189 3170 3388 3218 ratam

696 3273 1023 3347 habenteS,
1068 3272 1487 3349 nolentesque
1534 3291 1677 3331 eam
1725 3274 1786 3331 in
1834 3270 2049 3349 aliquo
2115 3273 2434 3332 immutari
2495 3272 2597 3332 uel
2643 3272 2910 3352 infringi,
2967 3282 3390 3331 memoratam

696 3386 1069 3464 particulam
1116 3395 1279 3444 terre
1325 3385 1409 3444 ab
1456 3384 1688 3444 eodem
1734 3386 1970 3445 comite
2017 3382 2372 3445 Carachino
2418 3394 2794 3445 reuocantes
2841 3396 2903 3444 et
2951 3384 3190 3445 litteras
3239 3404 3393 3463 quas

697 3499 907 3559 eidem
954 3516 1141 3576 super
1187 3496 1539 3558 collacione
1587 3496 1948 3558 huiusmodi
1997 3516 2516 3558 concesseramus
2575 3499 2950 3558 auctoritate
2995 3499 3391 3575 presencium

698 3626 1036 3684 cassanteS,
1082 3630 1236 3688 ymo
1284 3630 1497 3671 cassas
1542 3621 1605 3670 et
1649 3612 1849 3670 irritas
1896 3613 2286 3681 nunciantes,
2319 3630 2461 3669 eam
2511 3629 2658 3670 cum
2707 3610 3006 3670 omnibus
3051 3610 3188 3670 aliis
3219 3613 3395 3670 terris

698 3726 1013 3803 prenotati
1064 3722 1302 3801 Bolysk
1350 3724 1557 3784 eidem
1608 3726 1911 3805 magistro
1957 3723 2212 3784 Thome
2238 3740 2301 3784 et
2327 3724 2600 3803 Johanni
2648 3743 2723 3784 ac
2769 3726 3052 3802 ipsorum
3101 3724 3394 3783 fratribus

700 3837 1057 3898 dimisimus
1105 3848 1165 3896 et
1215 3836 1583 3915 reliquimus
1629 3839 1762 3897 sine
1809 3838 2279 3916 inquietacione
2326 3838 2536 3917 aliqua
2584 3850 2895 3916 perpetuo
2935 3837 3392 3916 possidendam

704 3945 845 4033 [V]t
894 3951 1077 4031 igitur
1140 3950 1323 4010 huius
1385 3960 1599 4009 nostre
1660 3952 2090 4010 concessionis
2137 3953 2327 4010 series
2373 3950 2568 4011 robur
2613 3950 2901 4011 obtineat
2947 3966 3253 4029 perpetue
3299 3949 3395 4009 fir-

702 4064 952 4137 mitatiS‚
1020 4081 1139 4123 nec
1206 4082 1320 4141 per
1390 4065 1759 4141 quempiam
1826 4082 2128 4141 processu
2197 4074 2562 4142 temporum
2633 4066 2953 4124 retractari
3019 4064 3242 4135 ualeat,
3288 4078 3394 4124 aut

702 4176 950 4236 malicia
1018 4175 1351 4235 hominum
1420 4194 1684 4255 quoquo
1754 4176 1954 4236 modo
2024 4178 2084 4235 in
2165 4178 2408 4237 irritum
2477 4180 2778 4247 reuocari,
2853 4188 3181 4255 presentes
3247 4195 3398 4235 con·

701 4290 1003 4349 cessimus
1051 4287 1285 4348 litteras
1330 4288 1597 4367 duplicis
1656 4289 1833 4369 sigilli
1884 4292 2079 4349 nostri
2130 4291 2480 4350 munimine
2527 4290 2876 4349 roboratas
2937 4288 3178 4349 Datum
3223 4306 3396 4347 anno

697 4402 1021 4462 dominice
1068 4403 1526 4461 incarnacionis
1560 4400 1661 4461 ΜΟ
1694 4400 1837 4464 CC⁰
1890 4404 2292 4483 sexagesimo
2340 4403 2583 4482 quint0,
2635 4402 2824 4464 VIII⁰
2867 4401 3176 4462 kalendas
3222 4404 3394 4469 iunii,

702 4517 877 4595 regni
925 4524 1137 4575 autem
1188 4517 1380 4573 nostri
1431 4533 1603 4574 anno
1650 4517 1988 4575 tricesimo,

886 4629 1183 4703 Original
1223 4650 1261 4685 u
1306 4629 1399 4684 kr.
1450 4650 1550 4702 ug.
1599 4632 1726 4685 dri.
1776 4629 1998 4686 arkivu
2047 4650 2086 4687 u
2139 4632 2406 4687 Bndimu
2456 4631 2592 4687 DL.
2645 4634 2875 4685 35.8.·31.
2927 4630 3130 4692 (bivsa
3187 4630 3400 4687 zbirka

707 4730 1239 4814 Kukuq'evic‘eva).
1307 4768 1367 4773 —
1435 4734 1541 4790 2ch
1609 4734 1812 4790 listina·
1873 4737 1998 4790 visi
2062 4734 2302 4791 svilena
2369 4754 2556 4792 vrvca
2623 4736 2828 4791 :elene
2875 4738 2900 4789 i
2939 4754 3162 4791 crveuc
3227 4735 3362 4810 bose·
3380 4756 3402 4800 ,-

696 4843 915 4913 pedatu
960 4840 1091 4895 velie
1136 4858 1336 4895 ne’ma.
1390 4872 1465 4879 —
1520 4840 1751 4913 l’ostoji
1784 4840 2050 4913 pot-arcia
2096 4838 2302 4914 'bra-lja
2373 4839 2719 4895 Lade'slava
2766 4840 2850 4895 od
2879 4840 3025 4912 god.
3079 4842 3190 4893 1:27
3193 4844 3246 4894 5.
3299 4843 3397 4894 27.

683 4942 855 5016 jula.
904 4974 984 4984 —-
1030 4944 1302 4999 Potvrda
1368 4963 1480 4999 ova
1544 4943 1756 4999 nala-‘31'
1796 4964 1862 4999 se
1910 4964 1950 4999 u
1997 4943 2220 5001 arkz'vu
2247 4943 2734 5018 J·ugo,s·laz·‹.›nske
2795 4943 3144 5018 akademije
3193 4964 3232 5001 u
3280 4945 3398 5001 Za-

694 5046 891 5120 grebu
910 5065 930 5104 .·
972 5047 1332 5123 Diplomata
1380 5067 1439 5102 a.
1492 5051 1661 5101 1265.

878 5150 1251 5224 Kukug'jew‘c'
1292 5152 1441 5223 Regu
1493 5172 1588 5207 nc).
1639 5155 1778 5206 890.
