3797 5795
1921 315 2338 377 -112—

770 504 1139 584 aquilonem
1185 515 1249 566 et
1294 506 1379 565 ibi
1424 524 1605 567 secus
1650 507 1817 567 viam
1865 506 2039 567 illam
2084 518 2180 567 est
2226 507 2416 568 arbor
2486 525 2773 587 quercus,
2819 507 2938 567 sub
2984 525 3111 586 qua
3159 518 3255 567 est
3303 518 3484 569 meta

771 631 991 693 terrea,
1034 617 1118 679 de
1157 637 1391 697 quercu
1438 630 1655 679 autem
1703 618 1873 680 vadit
1917 639 2034 699 per
2081 631 2284 681 metas
2327 639 2544 682 versus
2589 622 2900 681 orientem
2947 631 3012 683 et
3056 622 3347 700 pervenit
3393 622 3478 681 ad

770 731 1066 792 arborem
1112 732 1348 806 tileam‚
1378 732 1498 793 sub
1530 751 1657 811 qua
1690 742 1785 793 est
1818 742 1992 793 meta
2039 741 2262 807 terrea,
2307 732 2544 795 deinde
2590 722 2704 812 per
2749 744 2954 795 metas
2999 736 3224 795 transit
3255 734 3474 795 lucum

771 862 985 905 versus
1050 845 1363 905 orientem
1409 854 1474 905 et
1520 845 1605 905 ibi
1653 856 1749 906 est
1794 845 1986 906 arbor
2053 847 2231 924 pomi
2276 856 2340 907 et
2387 846 2470 907 de
2515 864 2719 925 pomo
2788 846 2959 907 vadit
3027 846 3112 907 ad
3177 846 3474 907 arborem

773 976 1042 1036 quercus
1088 974 1213 1036 que
1272 967 1397 1018 stat
1456 960 1635 1019 iuxta
1683 957 2000 1032 Botinam,
2045 958 2164 1019 sub
2208 977 2337 1038 qua
2383 968 2477 1019 est
2525 969 2697 1019 meta
2745 970 2964 1034 terrea,
3009 958 3249 1020 deinde
3299 976 3475 1040 egre·

771 1070 939 1131 ditur
981 1090 1097 1149 per
1143 1070 1439 1131 Botinam
1498 1070 1755 1131 inferius
1818 1090 2033 1132 versus
2095 1071 2428 1133 meridiem
2473 1081 2537 1132 et
2584 1071 2693 1133 ubi
2739 1071 2972 1132 rivulus
3021 1069 3258 1135 Climin
3308 1071 3475 1132 cadit

772 1186 834 1243 in
882 1182 1198 1258 Bonnam,
1227 1185 1309 1243 ibi
1342 1202 1457 1264 per
1489 1180 1722 1246 Climin
1768 1183 2087 1265 egreditur
2131 1186 2416 1263 superius
2460 1203 2676 1245 versus
2707 1183 3076 1263 aquilonem
3111 1203 3226 1263 per
3257 1195 3481 1255 metaS,

773 1296 877 1356 ubi
924 1307 1410 1357 commetaneus
1455 1306 1549 1357 est
1600 1296 1848 1370 Bratila,
1888 1296 2126 1359 deinde
2171 1316 2284 1377 per
2331 1295 2564 1360 Climin
2610 1297 2826 1358 eundo
2873 1296 3043 1358 cadit
3089 1296 3176 1357 ad
3222 1299 3473 1368 vimina,

771 1427 896 1488 que
942 1419 1251 1470 vocantur
1294 1408 1626 1483 Zelencha,
1671 1409 1908 1470 deinde
1952 1410 2275 1491 egreditur
2318 1409 2403 1471 ad
2434 1411 2748 1471 orientem
2796 1410 2856 1470 in
2906 1409 3090 1470 Birch
3137 1422 3202 1471 et
3250 1410 3336 1470 ibi
3383 1419 3475 1470 est

773 1532 943 1583 meta
989 1531 1213 1590 terrea,
1260 1521 1496 1582 deinde
1539 1521 1872 1583 descendit
1919 1521 2002 1582 ad
2049 1522 2362 1583 orientem
2409 1540 2524 1601 per
2572 1532 2776 1583 metas
2822 1524 2884 1583 in
2917 1520 3322 1596 Scelnucam,
3371 1522 3474 1583 ubi

770 1654 853 1695 ex
900 1634 1169 1695 adverso
1214 1637 1475 1695 veniens
1520 1634 1753 1697 rivulus
1800 1637 2063 1695 nomine
2111 1633 2365 1696 Milniza
2413 1646 2570 1695 et..
2606 1683 2617 1694 .
2665 1655 2702 1695 a
2749 1634 3001 1696 Milniza
3047 1634 3224 1695 vadit
3258 1653 3477 1695 versus

771 1750 1099 1821 orientem,
1143 1747 1378 1808 deinde
1420 1766 1536 1827 per
1582 1759 1785 1809 metas
1830 1748 2004 1809 vadit
2051 1766 2268 1809 versus
2313 1749 2647 1823 orientem,
2693 1748 2800 1809 ubi
2846 1758 3336 1809 commetaneus
3385 1758 3478 1808 est

769 1858 1133 1940 Stephanus
1182 1860 1491 1939 Volpoth,
1538 1858 1823 1943 de(inde)
1872 1862 2008 1921 exit
2051 1861 2135 1922 ad
2183 1871 2474 1923 montem
2508 1861 2592 1923 ad
2625 1864 2789 1921 viam
2837 1863 3156 1922 exercitus
3203 1870 3266 1921 et
3299 1860 3474 1921 vadit

772 1991 985 2033 versus
1044 1974 1357 2033 orientem
1403 1973 1485 2035 de
1530 1984 1703 2035 meta
1747 1974 1831 2035 ad
1878 1984 2100 2047 metaS‚
2149 1974 2233 2036 de
2278 1976 2376 2035 via
2422 1983 2641 2035 autem
2703 1974 2804 2035 illa
2853 1976 2986 2035 exit
3049 1974 3135 2034 ad
3183 1972 3484 2034 dextram

768 2103 1033 2146 manum
1078 2095 1141 2146 et
1188 2087 1275 2146 ibi
1320 2095 1415 2147 est
1460 2086 1650 2146 arbor
1692 2088 1826 2166 piri,
1864 2087 1986 2147 sub
2033 2106 2158 2165 qua
2204 2098 2300 2147 est
2346 2097 2518 2147 meta
2567 2136 2578 2146 .
2629 2136 2640 2147 .
2689 2135 2702 2147 .
2749 2086 2984 2149 deinde
3029 2086 3366 2147 descendit
3421 2090 3482 2148 in

770 2197 997 2259 vallem
1044 2210 1108 2260 et
1153 2199 1237 2261 de
1283 2199 1443 2260 valle
1512 2200 1793 2261 elevatur
1858 2199 1945 2261 ad
2014 2199 2198 2260 Birch
2271 2219 2487 2261 versus
2555 2201 2868 2261 orientem
2915 2210 2979 2261 et
3023 2200 3109 2260 ibi
3157 2210 3254 2261 est
3305 2210 3478 2260 meta

768 2322 969 2373 terrea
1014 2323 1078 2373 et
1122 2330 1315 2391 super
1358 2312 1635 2374 eundem
1684 2312 1869 2374 Birch
1901 2312 1985 2373 de
2018 2324 2189 2374 meta
2234 2311 2317 2373 ad
2365 2322 2604 2373 metam
2657 2312 2828 2374 vadit
2877 2331 3092 2373 versus
3140 2311 3472 2373 meridiem

770 2437 834 2485 et
894 2426 977 2486 ibi
1041 2444 1127 2486 ex
1185 2435 1367 2504 parte
1434 2425 1720 2486 orientali
1789 2435 2275 2487 commetaneus
2341 2436 2436 2487 est
2505 2424 2758 2487 Dursan
2819 2424 2982 2487 filius
3051 2424 3234 2486 Rack
3277 2436 3346 2485 et
3395 2426 3480 2485 ibi

770 2538 1163 2600 ambulando
1209 2540 1271 2598 in
1320 2538 1504 2599 Birch
1547 2541 1836 2617 pervenit
1881 2539 1967 2599 ad
2012 2538 2250 2611 locum,
2315 2538 2420 2599 ubi
2486 2540 2682 2599 oritur
2728 2557 2891 2600 unus
2935 2538 3170 2599 rivulus
3217 2539 3488 2599 nomine

764 2649 1008 2729 Jaronz,
1051 2670 1165 2729 per
1211 2669 1406 2729 quem
1474 2650 1743 2712 rivulum
1816 2650 1987 2712 vadit
2055 2651 2312 2711 inferius
2357 2669 2472 2729 per
2523 2661 2728 2711 metas
2775 2670 2990 2711 versus
3060 2653 3380 2711 orientem
3425 2663 3484 2711 et

772 2762 940 2823 cadit
984 2766 1049 2824 in
1094 2766 1301 2844 ipsum
1370 2762 1650 2837 fluvium,
1694 2766 1756 2823 in
1828 2763 2089 2824 fluvium
2161 2761 2434 2843 Crapina
2503 2765 2680 2825 iuxta
2749 2764 3127 2825 comitatum
3204 2762 3488 2838 Hrosna,

774 2875 1006 2937 deinde
1064 2895 1179 2956 per
1241 2873 1514 2957 Crapina
1580 2876 1755 2938 vadit
1822 2876 2080 2939 inferius
2149 2894 2363 2939 versus
2441 2876 2802 2951 meridiem,
2847 2878 2958 2940 ubi
3003 2877 3166 2939 ultra
3213 2874 3488 2958 Crapina

774 2989 944 3051 vadit
990 2989 1244 3052 inferius
1291 3009 1505 3052 versus
1552 2990 1903 3064 meridiem,
1935 2989 2044 3050 ubi
2077 2991 2241 3051 ultra
2275 2987 2551 3070 Crapina
2581 2991 2666 3050 ab
2697 2992 2943 3052 oriente
2989 3001 3485 3052 commetaneus

774 3113 869 3162 est
914 3105 1254 3164 comitatus
1300 3103 1382 3164 de
1430 3103 1706 3176 Hrosna,
1751 3103 1986 3164 deinde
2046 3123 2160 3184 per
2223 3102 2568 3182 Crapinam
2637 3104 2894 3164 inferius
2941 3102 3157 3164 eundo
3204 3105 3484 3184 iungitur

772 3213 857 3274 ad
903 3217 1280 3277 comitatum
1325 3216 1409 3278 de
1455 3215 1766 3278 Morocha
1811 3227 1875 3277 et
1921 3235 2034 3295 per
2080 3265 2093 3277 .
2141 3265 2154 3276 .
2201 3265 2215 3276 .
2261 3216 2346 3277 ad
2393 3216 2610 3278 locum
2655 3218 2764 3277 ubi
2809 3218 2979 3278 sicca
3027 3216 3262 3278 Botina
3311 3216 3476 3277 cadit

773 3329 835 3388 in
890 3328 1251 3411 Crapinam,
1296 3331 1404 3390 ubi
1452 3331 1657 3409 prima
1703 3343 1874 3390 meta
1921 3340 2055 3392 erat
2101 3330 2400 3392 inchoata
2445 3340 2510 3390 et
2555 3330 2642 3389 ibi
2687 3331 3078 3390 terminatur.
3131 3327 3220 3390 Ut
3267 3340 3484 3390 autem

772 3439 957 3504 huius
1002 3445 1089 3504 rei
1134 3445 1325 3504 series
1370 3444 1541 3504 salva
1588 3461 1841 3522 semper
1903 3445 2226 3517 consistat,
2273 3462 2391 3504 nec
2433 3442 2709 3522 amplius
2775 3442 2968 3504 iidem
3016 3440 3124 3502 filii
3165 3441 3326 3524 Jaco
3371 3460 3478 3522 per

772 3557 1145 3635 quempiam
1192 3575 1310 3635 pro
1357 3557 1507 3635 ipsis
1550 3557 1729 3617 terris
1776 3555 2208 3629 molestentur,
2255 3555 2464 3616 literas
2524 3567 2774 3616 nostras
2819 3556 3258 3618 concessimus
3309 3554 3480 3638 sigilii

774 3671 969 3728 nostri
1034 3670 1387 3730 munimine
1444 3669 1793 3730 roboratas
1841 3667 2040 3730 Anno
2101 3668 2345 3729 domini
2412 3668 2748 3730 millesimo
2813 3667 3260 3730 ducentesimo
3308 3669 3480 3748 quin-

774 3783 1037 3863 quagesi
1046 3800 1153 3842 mo
1200 3791 1447 3842 octav0.
1499 3780 1841 3843 Pristaldus
1886 3791 1982 3842 est
2030 3781 2211 3843 Elex.

948 3942 1224 4019 Pm'jepis
1268 3943 1325 3999 iz
1367 3941 1611 4015 kasm‘je
1657 3937 1806 4000 dobe
1852 3961 1891 3998 u
1939 3941 2162 3999 arkivu
2208 3939 2725 4017 nadbiskupskom
2746 3961 2766 3996 .·
2821 3965 2844 3990 »
2859 3940 3226 4006 Juria’icm.

962 4044 1213 4104 Tkalc'ic‘
1248 4047 1523 4103 Menum.
1571 4048 1825 4123 episcop.
1876 4045 2140 4121 Zagrab.
2190 4047 2240 4103 J.
2287 4049 2393 4100 117
2411 4048 2612 4104 -120.
2673 4080 2759 4087 -—-
2839 4045 3083 4103 lVenzel
3151 4045 3292 4104 cod.
3339 4043 3487 4121 dipl„

814 4149 1053 4227 Arpad.
1098 4159 1254 4210 cont.
1306 4151 1415 4208 XI.
1458 4161 1521 4227 p.
1576 4153 1918 4206 447—451.
1967 4184 2052 4192 —
2099 4149 2475 4226 Kukuljevic‘
2500 4150 2646 4223 Reg.
2684 4169 2778 4208 no.
2807 4153 2944 4206 766.

769 4457 980 4528 1258.

776 4629 1072 4719 Stjepan
1134 4633 1266 4695 ban
1324 4654 1415 4694 na
1482 4631 1707 4695 molbu
1770 4630 2074 4716 Andnj'e
2135 4637 2402 4716 liupana
2462 4628 2960 4715 varazdinskog
3019 4635 3084 4692 te
3138 4636 3482 4718 gras‘c‘ana

764 4747 1079 4826 gradova
1144 4742 1526 4808 Varaidina
1598 4742 1634 4806 ι’
1696 4743 1993 4830 Zagory‘a
2053 4742 2412 4828 odredjuje
2472 4742 2688 4826 medje
2754 4739 2933 4806 ovim
2985 4741 3387 4828 gradow'ma
3457 4737 3489 4801 i

1639 4856 2020 4944 posykdz'ma
2072 4855 2314 4920 sz'nova
2362 4855 2584 4918 Selka.
2847 4936 2856 4942 ι

957 4974 1093 5035 Nos
1139 4971 1501 5052 Stephanus
1547 4973 1757 5034 banus
1816 4973 2021 5033 tocius
2082 4969 2422 5032 Sclauonie
2465 4979 2528 5030 et
2574 4971 2946 5048 capitaneus
3013 4967 3228 5048 Styrie
3287 4969 3470 5050 signi-

784 5084 1050 5148 ficamus
1126 5086 1429 5148 omnibus
1504 5102 1773 5165 presens
1848 5085 2153 5162 scriptum
2233 5079 2647 5160 inspecturiS,‘
2700 5081 2894 5160 quod,
2969 5100 3116 5143 cum
3197 5080 3494 5142 dominus
