3797 5795
1832 394 2238 459 —486—

675 585 847 646 ducti
910 596 973 645 et
1036 595 1100 645 vt
1167 588 1589 647 uexacionem
1654 586 1965 647 redimere
2025 586 2298 659 valeant,
2357 588 2708 661 soluerunt,
2769 597 3263 648 numerauerunt
3323 599 3394 647 et

672 696 1069 759 tradiderunt
1114 698 1323 759 eidem
1372 697 1585 759 relicte
1634 698 1913 760 Pribizlai
1963 701 2216 779 triginta
2263 700 2548 779 quinque
2597 718 2843 760 marcas
2872 710 2936 760 et
2965 703 3096 760 suis
3134 702 3396 781 generis

669 813 1033 890 prescriptis
1064 810 1296 893 Egidio
1331 810 1558 871 decern
1592 820 1656 871 et
1687 821 1837 872 octo
1870 830 2135 885 marcaS,
2181 810 2562 873 Alexandro
2593 812 2820 873 decem
2855 822 2919 873 et
2949 822 3102 873 octo
3135 830 3390 873 marcas

672 934 737 985 et
786 924 958 984 lwan
1003 924 1276 984 totidem
1322 942 1588 996 marcaS,
1634 942 1795 1002 quas
1839 924 2033 984 iidem
2082 924 2353 985 confessi
2400 934 2548 985 sunt
2593 944 2662 985 se
2709 926 3022 1003 recepisse
3065 936 3130 986 et
3178 928 3388 987 eciam

671 1037 953 1117 plenarie
1015 1036 1326 1097 habuisse.
1389 1036 1864 1097 Renunciantes
1925 1056 2141 1098 coram
2205 1037 2392 1098 nobis
2449 1056 2608 1115 pure
2671 1048 2734 1099 et
2795 1047 3151 1117 spontanee
3206 1040 3386 1098 omni

670 1151 806 1223 iuri,
852 1152 1166 1225 questioni
1201 1168 1313 1209 seu
1344 1150 1609 1223 accioni,
1656 1149 1832 1228 quod
1865 1150 1966 1211 uel
2002 1169 2127 1228 que
2158 1151 2402 1211 eisdem
2437 1153 2501 1211 in
2533 1150 2719 1211 dictis
2763 1150 2924 1211 villis
2969 1150 3390 1229 competebat

672 1261 771 1323 vel
817 1272 1189 1341 competere
1248 1261 1582 1323 videbatur
1642 1274 1863 1323 contra
1927 1262 2261 1324 ecclesiam
2307 1274 2731 1343 prenotatam.
2778 1262 3246 1344 Obligauerunt
3293 1264 3391 1322 in-

672 1394 864 1454 super
908 1394 977 1436 se
1022 1375 1290 1457 Egidius
1320 1387 1383 1437 et
1416 1378 1566 1437 socii
1616 1376 1905 1436 eiusdem
1955 1378 2220 1436 nomine
2265 1394 2382 1437 suo
2415 1386 2477 1437 et
2513 1378 2774 1437 nomine
2821 1394 3092 1436 vxorum
3123 1394 3388 1437 suarum

676 1507 752 1549 ac
798 1487 1127 1563 heredum,
1189 1508 1307 1568 pro
1368 1504 1495 1569 qua
1542 1500 1767 1567 quarta
1826 1490 2070 1549 dictum
2131 1488 2480 1567 capitulum
2542 1488 2956 1567 impetebant,
3002 1488 3181 1568 quod
3239 1469 3389 1548 'tam

673 1604 807 1680 ipsi,
870 1620 1065 1679 quam
1114 1600 1381 1663 heredes
1442 1620 1664 1663 eorum
1726 1601 2166 1680 heredumque
2231 1620 2630 1663 successores
2689 1612 2912 1662 contra
2975 1618 3204 1662 omnes
3247 1610 3388 1661 tam

673 1716 1072 1793 propinquos
1133 1734 1326 1793 quam
1393 1728 1751 1788 extraneOS,
1798 1716 1847 1774 si
1898 1716 2006 1793 qui
2053 1734 2243 1793 super
2289 1724 2515 1795 quarta
2563 1733 2757 1793 quam
2805 1732 3024 1774 eorum
3073 1713 3390 1775 vxoribus

674 1829 735 1887 in
784 1828 1155 1888 memoratis
1214 1827 1372 1888 villis
1416 1846 1528 1889 seu
1575 1830 1753 1888 terris
1807 1826 2024 1888 deberi
2089 1826 2408 1903 dicebant,
2457 1827 2560 1888 uel
2607 1828 2945 1887 occasione
3005 1826 3388 1887 earumdem

674 1950 1007 2000 mouerent
1055 1939 1358 2019 deinceps
1406 1959 1817 2019 quocumque
1865 1940 2066 2000 modo
2107 1939 2206 2001 vel
2238 1942 2497 2021 ingenio
2543 1951 2768 2001 contra
2811 1939 3160 2019 capitulum
3208 1950 3392 1999 ante-

677 2052 919 2113 dictum
989 2055 1411 2130 questionem,
1458 2053 1647 2114 iidem
1712 2054 1839 2114 suis
1901 2053 2227 2114 laboribus
2288 2063 2352 2113 et
2411 2055 2714 2133 expensis
2781 2052 3116 2113 ecclesiam
3161 2052 3398 2133 Zagra-

672 2167 958 2226 biensem
1030 2166 1449 2245 indempnem
1519 2166 1805 2239 reddere,
1872 2166 1957 2226 ab
2026 2167 2325 2227 omnibus
2378 2167 2848 2245 impetitoribus
2916 2164 3263 2226 defendere
3323 2176 3395 2225 et
3425 2240 3438 2251 ο

673 2278 980 2357 expedire
1047 2290 1397 2340 teneantur.
1466 2278 1671 2341 Affuit
1738 2282 1944 2339 eciam
2013 2279 2254 2341 Mathei
2303 2277 2465 2340 filius
2529 2278 2754 2353 Borch‚
2825 2298 3026 2359 nepos
3093 2276 3393 2340 Kinciani

671 2390 833 2453 filius
902 2391 1027 2453 filie
1094 2411 1207 2453 sue
1273 2395 1532 2453 nomine
1592 2390 1805 2465 Anna,
1850 2396 1960 2473 qui
2026 2392 2312 2453 similiter
2374 2392 2607 2453 habitis
2652 2403 2716 2452 et
2765 2393 3112 2452 numeratis
3173 2392 3396 2472 viginti

672 2506 899 2565 marcis
945 2524 1032 2565 ex
1077 2515 1259 2583 parte
1304 2505 1559 2584 capituli
1624 2505 1969 2583 supradicti
2032 2506 2290 2565 racione
2353 2515 2579 2583 quarte
2640 2506 3069 2586 contingentis
3117 2514 3394 2564 matrem

668 2634 868 2690 suam,
914 2616 1110 2678 filiam
1172 2616 1410 2678 scilicet
1474 2617 1787 2693 Kinciani,
1832 2618 2012 2698 quod
2076 2620 2339 2679 nomine
2401 2629 2628 2696 quarte
2675 2620 2735 2677 in
2785 2619 3159 2678 memoratis
3227 2617 3394 2677 villis

666 2730 1047 2806 requirebat,
1107 2732 1295 2790 cessit
1341 2743 1404 2791 et
1450 2732 1847 2791 renunciauit
1895 2732 2072 2791 omni
2139 2732 2248 2791 iuri
2298 2742 2360 2791 et
2407 2732 2673 2804 accioni,
2737 2730 2916 2808 quod
2962 2731 3059 2790 vel
3109 2749 3236 2809 que
3280 2748 3395 2789 oc-

676 2844 934 2904 casione
966 2854 1191 2923 quarte
1222 2842 1583 2904 huiusmodi
1616 2852 1839 2904 contra
1872 2844 2207 2904 ecclesiam
2255 2843 2746 2926 Zagrabiensem
2780 2843 2990 2905 eidem
3023 2852 3400 2922 competere

678 2954 1037 3016 videbatur:
1077 2956 1391 3037 Obligans
1437 2975 1505 3016 se
1550 2968 1613 3016 et
1660 2955 1927 3017 heredes
1972 2976 2121 3016 suos
2167 2955 2608 3035 heredumque
2667 2976 3067 3018 successores
3129 2959 3396 3016 nomine

673 3085 794 3127 suo
842 3079 905 3129 et
953 3072 1215 3129 nomine
1262 3070 1479 3129 matris
1523 3088 1653 3142 sue,
1700 3068 1878 3147 quod
1924 3068 2259 3129 ecclesiam
2293 3069 2785 3151 Zagrabiensem
2833 3089 3024 3149 super
3069 3071 3206 3131 iure
3246 3089 3394 3148 pre-

675 3183 867 3241 misse
916 3192 1139 3261 quarte
1184 3182 1268 3241 ab
1314 3183 1615 3242 omnibus
1676 3183 2146 3261 impetitoribus
2207 3192 2340 3242 tam
2403 3184 2782 3262 propinquis
2829 3201 3024 3261 quam
3071 3185 3398 3243 extraneis

674 3290 924 3355 illesam
988 3286 1079 3354 et'
1114 3294 1530 3372 indempnem
1592 3295 1858 3355 reddere
1919 3297 2176 3374 suisque
2238 3294 2563 3355 laboribus
2609 3306 2673 3355 et
2719 3297 3019 3375 expensis
3082 3294 3396 3374 expedire

674 3415 988 3468 teneatur.
1053 3407 1142 3468 Vt
1205 3417 1422 3468 autem
1481 3409 1789 3486 premissa
1848 3410 2245 3486 composicio
2292 3425 2405 3468 seu
2452 3408 2782 3469 ordinacio
2843 3407 3038 3468 robur
3083 3419 3398 3487 perpetue

676 3516 993 3581 firmitatis
1052 3522 1356 3598 optineat,
1401 3520 1485 3582 ad
1531 3524 1918 3601 peticionem
1964 3531 2028 3580 et
2073 3523 2450 3580 instanciam
2511 3524 2788 3600 partium
2848 3529 3177 3600 presentes
3237 3537 3398 3580 con-

679 3631 943 3693 tulimus
1003 3633 1184 3714 sigilli
1248 3636 1443 3694 nostri
1508 3635 1860 3694 munimine
1921 3635 2271 3694 roboratas,
2341 3633 2584 3694 Datum
2653 3645 2716 3695 et
2779 3645 2992 3694 actum
3065 3631 3400 3714 Zagrabie,

680 3747 903 3822 quinta
966 3747 1117 3807 seria
1176 3749 1472 3826 proxima
1534 3756 1679 3825 post
1740 3757 2004 3808 octauas
2048 3746 2406 3826 Epiphanie
2453 3745 2717 3818 domini,
2779 3765 2951 3807 anno
2995 3748 3208 3827 gracie
3255 3745 3402 3805 mil-

682 3857 907 3919 lesimo
955 3858 1397 3920 ducentesimo
1443 3862 1849 3941 sexagesimo
1896 3879 2092 3920 non0.

869 4052 1167 4125 Ortginal
1206 4072 1245 4108 u
1292 4051 1515 4109 arkivu
1575 4052 1823 4129 kaptola
1882 4052 2344 4127 zagrebaffkoga
2373 4056 2551 4130 fasc.
2608 4057 2688 4108 18.
2741 4052 2830 4110 br.
2884 4054 2978 4106 53.
3033 4085 3112 4094 -
3158 4052 3396 4108 Zelena

678 4151 927 4214 svilena
971 4176 1157 4214 vrvca
1204 4158 1327 4213 visi
1370 4155 1472 4212 bez
1514 4163 1748 4231 pedam.
1798 4190 1878 4198 ——
1927 4158 2064 4215 Ima
2113 4159 2140 4212 ι’
2172 4159 2438 4234 ῥνῂὶφιζς
2496 4157 2744 4234 kaptola
2805 4155 3263 4230 zagrebac'koga
3313 4173 3398 4213 oa

666 4260 819 4330 god.
872 4263 1037 4339 1355„

868 4365 923 4421 Τ
913 4364 1119 4424 ,(ἀίίίί
1158 4366 1431 4426 Alonum.
1482 4367 1738 4444 episcop.
1807 4366 2072 4440 Zagrab.
2119 4365 2168 4422 J.
2222 4369 2556 4425 138—1351.
2611 4399 2687 4408 —
2755 4367 2999 4424 {Venzel
3047 4365 3189 4423 Cod.
3237 4367 3393 4442 dipl.

674 4466 914 4542 Arpad.
966 4480 1119 4528 cont.
1168 4471 1276 4527 XI.
1331 4475 1671 4530 588-590,
1722 4503 1803 4512 —-
1851 4469 2227 4545 Kukuljeve'c'
2269 4473 2420 4544 ch.
2472 4491 2566 4528 no.
2624 4473 2749 4528 971.
