<?xml version="1.0" encoding="UTF-8"?>
<!DOCTYPE html PUBLIC "-//W3C//DTD XHTML 1.0 Transitional//EN"
    "http://www.w3.org/TR/xhtml1/DTD/xhtml1-transitional.dtd">
<html xmlns="http://www.w3.org/1999/xhtml" xml:lang="en" lang="en">
 <head>
  <title>
</title>
<meta http-equiv="Content-Type" content="text/html;charset=utf-8" />
  <meta name='ocr-system' content='tesseract 3.04.00' />
  <meta name='ocr-capabilities' content='ocr_page ocr_carea ocr_par ocr_line ocrx_word'/>
</head>
<body>
  <div class='ocr_page' id='page_1' title='image "./codexdiplomatic00umjegoog_0436.png"; bbox 0 0 3797 5795; ppageno 0'>
   <div class='ocr_carea' id='block_1_1' title="bbox 1602 315 2014 379">
    <p class='ocr_par' dir='ltr' id='par_1_1' title="bbox 1602 315 2014 379">
     <span class='ocr_line' id='line_1_1' title="bbox 1602 315 2014 379; baseline -0.005 0"><span class='ocrx_word' id='word_1_1' title='bbox 1602 315 1869 379; x_wconf 73' lang='lat'>-423</span> <span class='ocrx_word' id='word_1_2' title='bbox 1931 351 2014 358; x_wconf 90' lang='lat'><strong>—</strong></span> 
     </span>
    </p>
   </div>
   <div class='ocr_carea' id='block_1_2' title="bbox 446 503 3164 2277">
    <p class='ocr_par' dir='ltr' id='par_1_2' title="bbox 446 503 3164 2277">
     <span class='ocr_line' id='line_1_2' title="bbox 450 503 3156 588; baseline -0.002 -18"><span class='ocrx_word' id='word_1_3' title='bbox 450 511 651 570; x_wconf 81' lang='lat' dir='ltr'>nostri</span> <span class='ocrx_word' id='word_1_4' title='bbox 694 528 808 587; x_wconf 92' lang='lat' dir='ltr'>per</span> <span class='ocrx_word' id='word_1_5' title='bbox 853 527 1015 588; x_wconf 90' lang='lat' dir='ltr'>quas</span> <span class='ocrx_word' id='word_1_6' title='bbox 1059 525 1173 568; x_wconf 90' lang='lat' dir='ltr'>vos</span> <span class='ocrx_word' id='word_1_7' title='bbox 1218 506 1300 566; x_wconf 91' lang='lat' dir='ltr'>ab</span> <span class='ocrx_word' id='word_1_8' title='bbox 1346 505 1593 566; x_wconf 89' lang='lat' dir='ltr'>illarum</span> <span class='ocrx_word' id='word_1_9' title='bbox 1640 524 1789 567; x_wconf 89' lang='lat' dir='ltr'>cura</span> <span class='ocrx_word' id='word_1_10' title='bbox 1836 505 2066 566; x_wconf 87' lang='lat' dir='ltr'>dicitur</span> <span class='ocrx_word' id='word_1_11' title='bbox 2108 504 2477 578; x_wconf 86' lang='lat' dir='ltr'>absolvisse,</span> <span class='ocrx_word' id='word_1_12' title='bbox 2521 522 2636 564; x_wconf 91' lang='lat' dir='ltr'>seu</span> <span class='ocrx_word' id='word_1_13' title='bbox 2666 503 3156 583; x_wconf 87' lang='lat' dir='ltr'>quibuscunque</span> 
     </span>
     <span class='ocr_line' id='line_1_3' title="bbox 451 616 3164 702; baseline -0.002 -21"><span class='ocrx_word' id='word_1_14' title='bbox 451 623 808 702; x_wconf 89' lang='lat' dir='ltr'>privilegiis,</span> <span class='ocrx_word' id='word_1_15' title='bbox 855 619 1263 701; x_wconf 86' lang='lat' dir='ltr'>indulgentiis</span> <span class='ocrx_word' id='word_1_16' title='bbox 1309 621 1444 680; x_wconf 92' lang='lat' dir='ltr'>siue</span> <span class='ocrx_word' id='word_1_17' title='bbox 1490 619 1711 679; x_wconf 88' lang='lat' dir='ltr'>litteris</span> <span class='ocrx_word' id='word_1_18' title='bbox 1752 619 2122 698; x_wconf 88' lang='lat' dir='ltr'>apostolicis</span> <span class='ocrx_word' id='word_1_19' title='bbox 2166 618 2348 678; x_wconf 88' lang='lat' dir='ltr'>vobis</span> <span class='ocrx_word' id='word_1_20' title='bbox 2393 627 2502 678; x_wconf 88' lang='lat' dir='ltr'>aut</span> <span class='ocrx_word' id='word_1_21' title='bbox 2533 616 2742 676; x_wconf 91' lang='lat' dir='ltr'>ordini</span> <span class='ocrx_word' id='word_1_22' title='bbox 2786 626 3001 676; x_wconf 89' lang='lat' dir='ltr'>uestro</span> <span class='ocrx_word' id='word_1_23' title='bbox 3048 634 3164 676; x_wconf 92' lang='lat' dir='ltr'>seu</span> 
     </span>
     <span class='ocr_line' id='line_1_4' title="bbox 450 727 3159 811; baseline -0.003 -16"><span class='ocrx_word' id='word_1_24' title='bbox 450 733 835 795; x_wconf 86' lang='lat' dir='ltr'>monialibus</span> <span class='ocrx_word' id='word_1_25' title='bbox 894 743 959 794; x_wconf 90' lang='lat' dir='ltr'>et</span> <span class='ocrx_word' id='word_1_26' title='bbox 1020 733 1340 794; x_wconf 88' lang='lat' dir='ltr'>sororibus</span> <span class='ocrx_word' id='word_1_27' title='bbox 1399 731 1776 810; x_wconf 87' lang='lat' dir='ltr'>supradictis</span> <span class='ocrx_word' id='word_1_28' title='bbox 1836 732 1957 792; x_wconf 91' lang='lat' dir='ltr'>sub</span> <span class='ocrx_word' id='word_1_29' title='bbox 2021 749 2404 811; x_wconf 91' lang='lat' dir='ltr'>quacunque</span> <span class='ocrx_word' id='word_1_30' title='bbox 2448 730 2793 790; x_wconf 86' lang='lat' dir='ltr'>verborum</span> <span class='ocrx_word' id='word_1_31' title='bbox 2841 727 3046 789; x_wconf 87' lang='lat' dir='ltr'>forma</span> <span class='ocrx_word' id='word_1_32' title='bbox 3095 730 3159 788; x_wconf 90' lang='lat' dir='ltr'>in</span> 
     </span>
     <span class='ocr_line' id='line_1_5' title="bbox 450 842 3159 934; baseline -0.003 -27"><span class='ocrx_word' id='word_1_33' title='bbox 450 848 835 907; x_wconf 88' lang='lat' dir='ltr'>contrarium</span> <span class='ocrx_word' id='word_1_34' title='bbox 900 846 1062 907; x_wconf 85' lang='lat' dir='ltr'>forte</span> <span class='ocrx_word' id='word_1_35' title='bbox 1124 847 1421 924; x_wconf 89' lang='lat' dir='ltr'>optentis,</span> <span class='ocrx_word' id='word_1_36' title='bbox 1469 844 1551 906; x_wconf 92' lang='lat' dir='ltr'>de</span> <span class='ocrx_word' id='word_1_37' title='bbox 1598 843 1827 924; x_wconf 92' lang='lat' dir='ltr'>quibus</span> <span class='ocrx_word' id='word_1_38' title='bbox 1888 855 2182 925; x_wconf 87' lang='lat' dir='ltr'>oporteat</span> <span class='ocrx_word' id='word_1_39' title='bbox 2231 847 2295 904; x_wconf 91' lang='lat' dir='ltr'>in</span> <span class='ocrx_word' id='word_1_40' title='bbox 2341 843 2742 934; x_wconf 82' lang='lat' dir='ltr'>presentibus</span> <span class='ocrx_word' id='word_1_41' title='bbox 2786 842 3047 921; x_wconf 87' lang='lat' dir='ltr'>plenam</span> <span class='ocrx_word' id='word_1_42' title='bbox 3093 851 3159 900; x_wconf 89' lang='lat' dir='ltr'>et</span> 
     </span>
     <span class='ocr_line' id='line_1_6' title="bbox 451 954 3159 1037; baseline -0.003 -17"><span class='ocrx_word' id='word_1_43' title='bbox 451 978 821 1037; x_wconf 83' lang='lat' dir='ltr'>expressam</span> <span class='ocrx_word' id='word_1_44' title='bbox 868 978 979 1020; x_wconf 92' lang='lat' dir='ltr'>seu</span> <span class='ocrx_word' id='word_1_45' title='bbox 1026 958 1109 1018; x_wconf 92' lang='lat' dir='ltr'>de</span> <span class='ocrx_word' id='word_1_46' title='bbox 1155 957 1354 1018; x_wconf 90' lang='lat' dir='ltr'>uerbo</span> <span class='ocrx_word' id='word_1_47' title='bbox 1414 957 1499 1018; x_wconf 94' lang='lat' dir='ltr'>ad</span> <span class='ocrx_word' id='word_1_48' title='bbox 1558 958 1827 1018; x_wconf 89' lang='lat' dir='ltr'>uerbum</span> <span class='ocrx_word' id='word_1_49' title='bbox 1889 958 2018 1018; x_wconf 89' lang='lat' dir='ltr'>fieri</span> <span class='ocrx_word' id='word_1_50' title='bbox 2086 959 2511 1017; x_wconf 84' lang='lat' dir='ltr'>mencionem.</span> <span class='ocrx_word' id='word_1_51' title='bbox 2559 954 2696 1016; x_wconf 90' lang='lat' dir='ltr'>Nos</span> <span class='ocrx_word' id='word_1_52' title='bbox 2743 957 2917 1014; x_wconf 89' lang='lat' dir='ltr'>enim</span> <span class='ocrx_word' id='word_1_53' title='bbox 2963 954 3159 1014; x_wconf 91' lang='lat' dir='ltr'>nichi-</span> 
     </span>
     <span class='ocr_line' id='line_1_7' title="bbox 450 1069 3153 1150; baseline -0.002 -18"><span class='ocrx_word' id='word_1_54' title='bbox 450 1072 727 1133; x_wconf 90' lang='lat' dir='ltr'>lominus</span> <span class='ocrx_word' id='word_1_55' title='bbox 772 1075 1095 1132; x_wconf 88' lang='lat' dir='ltr'>vniuersas</span> <span class='ocrx_word' id='word_1_56' title='bbox 1147 1070 1480 1142; x_wconf 84' lang='lat' dir='ltr'>interdicti,</span> <span class='ocrx_word' id='word_1_57' title='bbox 1528 1073 1961 1150; x_wconf 87' lang='lat' dir='ltr'>suspensionis</span> <span class='ocrx_word' id='word_1_58' title='bbox 2006 1082 2070 1131; x_wconf 90' lang='lat' dir='ltr'>et</span> <span class='ocrx_word' id='word_1_59' title='bbox 2115 1070 2730 1130; x_wconf 84' lang='lat' dir='ltr'>excomunicationis</span> <span class='ocrx_word' id='word_1_60' title='bbox 2776 1069 3153 1140; x_wconf 81' lang='lat' dir='ltr'>sentenciaS,</span> 
     </span>
     <span class='ocr_line' id='line_1_8' title="bbox 451 1180 3159 1263; baseline -0.002 -18"><span class='ocrx_word' id='word_1_61' title='bbox 451 1203 611 1263; x_wconf 90' lang='lat' dir='ltr'>quas</span> <span class='ocrx_word' id='word_1_62' title='bbox 655 1187 719 1245; x_wconf 92' lang='lat' dir='ltr'>in</span> <span class='ocrx_word' id='word_1_63' title='bbox 766 1202 879 1244; x_wconf 91' lang='lat' dir='ltr'>vos</span> <span class='ocrx_word' id='word_1_64' title='bbox 924 1184 1028 1245; x_wconf 92' lang='lat' dir='ltr'>uel</span> <span class='ocrx_word' id='word_1_65' title='bbox 1075 1195 1356 1245; x_wconf 87' lang='lat' dir='ltr'>uestrum</span> <span class='ocrx_word' id='word_1_66' title='bbox 1402 1183 1682 1263; x_wconf 90' lang='lat' dir='ltr'>aliquem</span> <span class='ocrx_word' id='word_1_67' title='bbox 1730 1202 1843 1244; x_wconf 92' lang='lat' dir='ltr'>seu</span> <span class='ocrx_word' id='word_1_68' title='bbox 1888 1186 2083 1262; x_wconf 90' lang='lat' dir='ltr'>ipsius</span> <span class='ocrx_word' id='word_1_69' title='bbox 2129 1183 2368 1243; x_wconf 89' lang='lat' dir='ltr'>ordinis</span> <span class='ocrx_word' id='word_1_70' title='bbox 2414 1183 2602 1242; x_wconf 87' lang='lat' dir='ltr'>vestri</span> <span class='ocrx_word' id='word_1_71' title='bbox 2649 1181 2872 1241; x_wconf 88' lang='lat' dir='ltr'>fratres</span> <span class='ocrx_word' id='word_1_72' title='bbox 2918 1190 2982 1241; x_wconf 90' lang='lat' dir='ltr'>et</span> <span class='ocrx_word' id='word_1_73' title='bbox 3014 1180 3159 1241; x_wconf 93' lang='lat' dir='ltr'>loca</span> 
     </span>
     <span class='ocr_line' id='line_1_9' title="bbox 450 1296 3156 1375; baseline -0.001 -18"><span class='ocrx_word' id='word_1_74' title='bbox 450 1297 555 1358; x_wconf 95' lang='lat' dir='ltr'>uel</span> <span class='ocrx_word' id='word_1_75' title='bbox 601 1296 911 1357; x_wconf 88' lang='lat' dir='ltr'>moniales</span> <span class='ocrx_word' id='word_1_76' title='bbox 955 1306 1066 1357; x_wconf 91' lang='lat' dir='ltr'>aut</span> <span class='ocrx_word' id='word_1_77' title='bbox 1111 1315 1361 1356; x_wconf 87' lang='lat' dir='ltr'>sorores</span> <span class='ocrx_word' id='word_1_78' title='bbox 1407 1297 1669 1357; x_wconf 89' lang='lat' dir='ltr'>easdem</span> <span class='ocrx_word' id='word_1_79' title='bbox 1720 1315 1830 1357; x_wconf 89' lang='lat' dir='ltr'>seu</span> <span class='ocrx_word' id='word_1_80' title='bbox 1863 1300 2142 1375; x_wconf 90' lang='lat' dir='ltr'>ipsarum</span> <span class='ocrx_word' id='word_1_81' title='bbox 2193 1296 2575 1356; x_wconf 89' lang='lat' dir='ltr'>monasteria</span> <span class='ocrx_word' id='word_1_82' title='bbox 2623 1313 2768 1355; x_wconf 89' lang='lat' dir='ltr'>suas</span> <span class='ocrx_word' id='word_1_83' title='bbox 2813 1311 3156 1354; x_wconf 90' lang='lat' dir='ltr'>conversas</span> 
     </span>
     <span class='ocr_line' id='line_1_10' title="bbox 449 1408 3160 1488; baseline -0.002 -18"><span class='ocrx_word' id='word_1_84' title='bbox 449 1410 727 1488; x_wconf 87' lang='lat' dir='ltr'>prefatas</span> <span class='ocrx_word' id='word_1_85' title='bbox 773 1409 1111 1469; x_wconf 90' lang='lat' dir='ltr'>occasione</span> <span class='ocrx_word' id='word_1_86' title='bbox 1165 1411 1621 1488; x_wconf 84' lang='lat' dir='ltr'>premissorum</span> <span class='ocrx_word' id='word_1_87' title='bbox 1670 1409 1770 1470; x_wconf 87' lang='lat' dir='ltr'>uel</span> <span class='ocrx_word' id='word_1_88' title='bbox 1815 1408 2079 1470; x_wconf 92' lang='lat' dir='ltr'>alicuius</span> <span class='ocrx_word' id='word_1_89' title='bbox 2124 1427 2346 1469; x_wconf 89' lang='lat' dir='ltr'>eorum</span> <span class='ocrx_word' id='word_1_90' title='bbox 2395 1427 2508 1487; x_wconf 91' lang='lat' dir='ltr'>per</span> <span class='ocrx_word' id='word_1_91' title='bbox 2553 1424 3004 1487; x_wconf 89' lang='lat' dir='ltr'>quemcunque</span> <span class='ocrx_word' id='word_1_92' title='bbox 3050 1415 3160 1466; x_wconf 84' lang='lat' dir='ltr'>aut</span> 
     </span>
     <span class='ocr_line' id='line_1_11' title="bbox 450 1520 3158 1601; baseline -0.002 -18"><span class='ocrx_word' id='word_1_93' title='bbox 450 1541 895 1601; x_wconf 90' lang='lat' dir='ltr'>quoscumque</span> <span class='ocrx_word' id='word_1_94' title='bbox 956 1521 1309 1600; x_wconf 88' lang='lat' dir='ltr'>apostolica</span> <span class='ocrx_word' id='word_1_95' title='bbox 1356 1522 1460 1582; x_wconf 95' lang='lat' dir='ltr'>uel</span> <span class='ocrx_word' id='word_1_96' title='bbox 1504 1523 1729 1601; x_wconf 91' lang='lat' dir='ltr'>quauis</span> <span class='ocrx_word' id='word_1_97' title='bbox 1775 1523 2151 1583; x_wconf 86' lang='lat' dir='ltr'>auctoritate</span> <span class='ocrx_word' id='word_1_98' title='bbox 2197 1520 2317 1582; x_wconf 89' lang='lat' dir='ltr'>alia</span> <span class='ocrx_word' id='word_1_99' title='bbox 2363 1520 2749 1600; x_wconf 89' lang='lat' dir='ltr'>promulgari</span> <span class='ocrx_word' id='word_1_100' title='bbox 2805 1520 3158 1601; x_wconf 87' lang='lat' dir='ltr'>contigerit,</span> 
     </span>
     <span class='ocr_line' id='line_1_12' title="bbox 454 1631 3160 1714; baseline -0.001 -20"><span class='ocrx_word' id='word_1_101' title='bbox 454 1637 657 1695; x_wconf 88' lang='lat' dir='ltr'>irritas</span> <span class='ocrx_word' id='word_1_102' title='bbox 700 1633 1103 1695; x_wconf 90' lang='lat' dir='ltr'>decernimus</span> <span class='ocrx_word' id='word_1_103' title='bbox 1148 1645 1211 1694; x_wconf 91' lang='lat' dir='ltr'>et</span> <span class='ocrx_word' id='word_1_104' title='bbox 1243 1637 1525 1709; x_wconf 83' lang='lat' dir='ltr'>innaneS,</span> <span class='ocrx_word' id='word_1_105' title='bbox 1570 1638 1741 1696; x_wconf 91' lang='lat' dir='ltr'>acin</span> <span class='ocrx_word' id='word_1_106' title='bbox 1772 1635 1989 1714; x_wconf 89' lang='lat' dir='ltr'>aliquo</span> <span class='ocrx_word' id='word_1_107' title='bbox 2019 1637 2274 1714; x_wconf 88' lang='lat' dir='ltr'>penitus</span> <span class='ocrx_word' id='word_1_108' title='bbox 2320 1653 2452 1694; x_wconf 88' lang='lat' dir='ltr'>non</span> <span class='ocrx_word' id='word_1_109' title='bbox 2498 1644 2732 1694; x_wconf 91' lang='lat' dir='ltr'>tenere.</span> <span class='ocrx_word' id='word_1_110' title='bbox 2787 1631 2958 1692; x_wconf 91' lang='lat' dir='ltr'>Nulli</span> <span class='ocrx_word' id='word_1_111' title='bbox 3005 1649 3160 1713; x_wconf 90' lang='lat' dir='ltr'>ergo</span> 
     </span>
     <span class='ocr_line' id='line_1_13' title="bbox 451 1746 3158 1829; baseline -0 -23"><span class='ocrx_word' id='word_1_112' title='bbox 451 1750 719 1808; x_wconf 91' lang='lat' dir='ltr'>omnino</span> <span class='ocrx_word' id='word_1_113' title='bbox 764 1746 1098 1807; x_wconf 88' lang='lat' dir='ltr'>hominum</span> <span class='ocrx_word' id='word_1_114' title='bbox 1131 1746 1316 1809; x_wconf 78' lang='lat' dir='ltr'>liceat</span> <span class='ocrx_word' id='word_1_115' title='bbox 1345 1749 1511 1808; x_wconf 89' lang='lat' dir='ltr'>hanc</span> <span class='ocrx_word' id='word_1_116' title='bbox 1541 1750 1843 1829; x_wconf 87' lang='lat' dir='ltr'>paginam</span> <span class='ocrx_word' id='word_1_117' title='bbox 1876 1759 2092 1809; x_wconf 85' lang='lat' dir='ltr'>nostre</span> <span class='ocrx_word' id='word_1_118' title='bbox 2123 1748 2601 1808; x_wconf 88' lang='lat' dir='ltr'>constitucionis</span> <span class='ocrx_word' id='word_1_119' title='bbox 2631 1758 2696 1807; x_wconf 90' lang='lat' dir='ltr'>et</span> <span class='ocrx_word' id='word_1_120' title='bbox 2727 1747 3158 1807; x_wconf 88' lang='lat' dir='ltr'>concessionis</span> 
     </span>
     <span class='ocr_line' id='line_1_14' title="bbox 450 1858 3159 1941; baseline -0 -23"><span class='ocrx_word' id='word_1_121' title='bbox 450 1859 789 1941; x_wconf 86' lang='lat' dir='ltr'>infringere</span> <span class='ocrx_word' id='word_1_122' title='bbox 835 1858 936 1919; x_wconf 92' lang='lat' dir='ltr'>uel</span> <span class='ocrx_word' id='word_1_123' title='bbox 983 1861 1038 1919; x_wconf 90' lang='lat' dir='ltr'>ei</span> <span class='ocrx_word' id='word_1_124' title='bbox 1084 1879 1243 1920; x_wconf 90' lang='lat' dir='ltr'>ausu</span> <span class='ocrx_word' id='word_1_125' title='bbox 1290 1863 1624 1922; x_wconf 90' lang='lat' dir='ltr'>temerario</span> <span class='ocrx_word' id='word_1_126' title='bbox 1672 1863 2002 1925; x_wconf 90' lang='lat' dir='ltr'>contraire.</span> <span class='ocrx_word' id='word_1_127' title='bbox 2067 1861 2132 1922; x_wconf 85' lang='lat' dir='ltr'>Si</span> <span class='ocrx_word' id='word_1_128' title='bbox 2183 1863 2322 1940; x_wconf 91' lang='lat' dir='ltr'>quis</span> <span class='ocrx_word' id='word_1_129' title='bbox 2367 1872 2583 1920; x_wconf 91' lang='lat' dir='ltr'>autem</span> <span class='ocrx_word' id='word_1_130' title='bbox 2631 1859 2756 1919; x_wconf 88' lang='lat' dir='ltr'>hoc</span> <span class='ocrx_word' id='word_1_131' title='bbox 2800 1868 3159 1935; x_wconf 89' lang='lat' dir='ltr'>atemptare</span> 
     </span>
     <span class='ocr_line' id='line_1_15' title="bbox 448 1969 3154 2055; baseline -0.001 -23"><span class='ocrx_word' id='word_1_132' title='bbox 448 1975 921 2052; x_wconf 88' lang='lat' dir='ltr'>presumpserit,</span> <span class='ocrx_word' id='word_1_133' title='bbox 954 1973 1455 2055; x_wconf 88' lang='lat' dir='ltr'>indignationem</span> <span class='ocrx_word' id='word_1_134' title='bbox 1504 1976 1964 2053; x_wconf 88' lang='lat' dir='ltr'>omnipotentis</span> <span class='ocrx_word' id='word_1_135' title='bbox 2008 1973 2110 2034; x_wconf 91' lang='lat' dir='ltr'>dei</span> <span class='ocrx_word' id='word_1_136' title='bbox 2159 1986 2223 2034; x_wconf 90' lang='lat' dir='ltr'>et</span> <span class='ocrx_word' id='word_1_137' title='bbox 2269 1975 2606 2034; x_wconf 89' lang='lat' dir='ltr'>beatorum</span> <span class='ocrx_word' id='word_1_138' title='bbox 2657 1972 2822 2032; x_wconf 90' lang='lat' dir='ltr'>Petri</span> <span class='ocrx_word' id='word_1_139' title='bbox 2868 1981 2932 2031; x_wconf 90' lang='lat' dir='ltr'>et</span> <span class='ocrx_word' id='word_1_140' title='bbox 2979 1969 3154 2032; x_wconf 88' lang='lat' dir='ltr'>Pauli</span> 
     </span>
     <span class='ocr_line' id='line_1_16' title="bbox 446 2083 3156 2163; baseline -0.001 -19"><span class='ocrx_word' id='word_1_141' title='bbox 446 2085 889 2163; x_wconf 88' lang='lat' dir='ltr'>apostolorum</span> <span class='ocrx_word' id='word_1_142' title='bbox 952 2088 1085 2146; x_wconf 89' lang='lat' dir='ltr'>eius</span> <span class='ocrx_word' id='word_1_143' title='bbox 1148 2105 1215 2146; x_wconf 92' lang='lat' dir='ltr'>se</span> <span class='ocrx_word' id='word_1_144' title='bbox 1278 2088 1525 2146; x_wconf 91' lang='lat' dir='ltr'>nouerit</span> <span class='ocrx_word' id='word_1_145' title='bbox 1595 2088 2006 2148; x_wconf 88' lang='lat' dir='ltr'>incursurum.</span> <span class='ocrx_word' id='word_1_146' title='bbox 2075 2085 2317 2148; x_wconf 90' lang='lat' dir='ltr'>Datum</span> <span class='ocrx_word' id='word_1_147' title='bbox 2392 2084 2657 2148; x_wconf 89' lang='lat' dir='ltr'>Uiterbii</span> <span class='ocrx_word' id='word_1_148' title='bbox 2731 2095 2965 2144; x_wconf 87' lang='lat' dir='ltr'>octauo</span> <span class='ocrx_word' id='word_1_149' title='bbox 3013 2083 3156 2143; x_wconf 90' lang='lat' dir='ltr'>idus</span> 
     </span>
     <span class='ocr_line' id='line_1_17' title="bbox 450 2197 2032 2277; baseline 0.001 -19"><span class='ocrx_word' id='word_1_150' title='bbox 450 2197 765 2271; x_wconf 86' lang='lat' dir='ltr'>februarii,</span> <span class='ocrx_word' id='word_1_151' title='bbox 811 2198 1222 2277; x_wconf 87' lang='lat' dir='ltr'>pontificatus</span> <span class='ocrx_word' id='word_1_152' title='bbox 1268 2201 1463 2259; x_wconf 89' lang='lat' dir='ltr'>nostri</span> <span class='ocrx_word' id='word_1_153' title='bbox 1508 2217 1682 2260; x_wconf 91' lang='lat' dir='ltr'>anno</span> <span class='ocrx_word' id='word_1_154' title='bbox 1729 2200 2032 2260; x_wconf 71' lang='lat' dir='ltr'>secundo</span> 
     </span>
    </p>
   </div>
   <div class='ocr_carea' id='block_1_3' title="bbox 448 2388 3152 2567">
    <p class='ocr_par' dir='ltr' id='par_1_3' title="bbox 448 2388 3152 2567">
     <span class='ocr_line' id='line_1_18' title="bbox 620 2388 3152 2468; baseline -0.001 -21"><span class='ocrx_word' id='word_1_155' title='bbox 620 2390 686 2447; x_wconf 82' lang='lat' dir='ltr'>[z</span> <span class='ocrx_word' id='word_1_156' title='bbox 731 2391 1083 2464; x_wconf 81' lang='lat' dir='ltr'>originalne</span> <span class='ocrx_word' id='word_1_157' title='bbox 1118 2393 1379 2466; x_wconf 79' lang='lat' dir='ltr'>potvrde</span> <span class='ocrx_word' id='word_1_158' title='bbox 1422 2391 1798 2468; x_wconf 82' lang='lat' dir='ltr'>vesprimske</span> <span class='ocrx_word' id='word_1_159' title='bbox 1858 2391 2162 2468; x_wconf 54' lang='lat' dir='ltr'>bzkkupzje</span> <span class='ocrx_word' id='word_1_160' title='bbox 2207 2393 2292 2449; x_wconf 85' lang='lat' dir='ltr'>od</span> <span class='ocrx_word' id='word_1_161' title='bbox 2322 2413 2388 2466; x_wconf 79' lang='lat' dir='ltr'>g.</span> <span class='ocrx_word' id='word_1_162' title='bbox 2441 2393 2614 2448; x_wconf 88' lang='lat'><strong><em>1330.</em></strong></span> <span class='ocrx_word' id='word_1_163' title='bbox 2661 2393 2760 2445; x_wconf 81' lang='lat'>29.</span> <span class='ocrx_word' id='word_1_164' title='bbox 2809 2388 3152 2466; x_wconf 80' lang='lat' dir='ltr'>septembra</span> 
     </span>
     <span class='ocr_line' id='line_1_19' title="bbox 448 2493 2152 2567; baseline 0.002 -19"><span class='ocrx_word' id='word_1_165' title='bbox 448 2513 487 2548; x_wconf 81' lang='lat' dir='ltr'><em>u</em></span> <span class='ocrx_word' id='word_1_166' title='bbox 526 2493 787 2567; x_wconf 75' lang='lat' dir='ltr'>gubern.</span> <span class='ocrx_word' id='word_1_167' title='bbox 834 2495 1057 2552; x_wconf 81' lang='lat' dir='ltr'>arkivu</span> <span class='ocrx_word' id='word_1_168' title='bbox 1105 2515 1145 2552; x_wconf 89' lang='lat' dir='ltr'><em>u</em></span> <span class='ocrx_word' id='word_1_169' title='bbox 1190 2497 1423 2565; x_wconf 86' lang='lat' dir='ltr'>Zadru,</span> <span class='ocrx_word' id='word_1_170' title='bbox 1472 2497 1610 2554; x_wconf 86' lang='lat' dir='ltr'>odio</span> <span class='ocrx_word' id='word_1_171' title='bbox 1655 2517 1741 2554; x_wconf 85' lang='lat' dir='ltr'>sv.</span> <span class='ocrx_word' id='word_1_172' title='bbox 1794 2495 2152 2554; x_wconf 82' lang='lat' dir='ltr'>Dominika.</span> 
     </span>
    </p>
   </div>
   <div class='ocr_carea' id='block_1_4' title="bbox 448 2805 1902 3025">
    <p class='ocr_par' dir='ltr' id='par_1_4' title="bbox 448 2805 1902 3025">
     <span class='ocr_line' id='line_1_20' title="bbox 1704 2805 1902 2885; baseline -0.025 0"><span class='ocrx_word' id='word_1_173' title='bbox 1704 2805 1902 2885; x_wconf 87' lang='lat'>894.</span> 
     </span>
     <span class='ocr_line' id='line_1_21' title="bbox 448 2942 1217 3025; baseline -0.008 -14"><span class='ocrx_word' id='word_1_174' title='bbox 448 2946 649 3025; x_wconf 83' lang='lat'>1267,</span> <span class='ocrx_word' id='word_1_175' title='bbox 697 2944 811 3009; x_wconf 86' lang='lat'>23.</span> <span class='ocrx_word' id='word_1_176' title='bbox 856 2942 1217 3009; x_wconf 73' lang='lat' dir='ltr'>februm-a.</span> 
     </span>
    </p>
   </div>
   <div class='ocr_carea' id='block_1_5' title="bbox 448 3132 3151 3330">
    <p class='ocr_par' dir='ltr' id='par_1_5' title="bbox 448 3132 3151 3330">
     <span class='ocr_line' id='line_1_22' title="bbox 448 3132 3151 3220; baseline 0 -25"><span class='ocrx_word' id='word_1_177' title='bbox 448 3132 621 3195; x_wconf 79' lang='lat' dir='ltr'>Bela</span> <span class='ocrx_word' id='word_1_178' title='bbox 667 3133 859 3218; x_wconf 54' lang='lat' dir='ltr'>kragj</span> <span class='ocrx_word' id='word_1_179' title='bbox 897 3134 1188 3217; x_wconf 76' lang='lat' dir='ltr'>ugarskz&#39;</span> <span class='ocrx_word' id='word_1_180' title='bbox 1230 3132 1262 3195; x_wconf 76' lang='grc' dir='ltr'>ι’</span> <span class='ocrx_word' id='word_1_181' title='bbox 1298 3132 1619 3197; x_wconf 75' lang='lat' dir='ltr'>hrvatski</span> <span class='ocrx_word' id='word_1_182' title='bbox 1657 3134 1817 3217; x_wconf 82' lang='lat' dir='ltr'>daje</span> <span class='ocrx_word' id='word_1_183' title='bbox 1857 3134 2306 3220; x_wconf 50' lang='lat' dir='ltr'>graag&#39;jam&#39;ma</span> <span class='ocrx_word' id='word_1_184' title='bbox 2373 3133 2824 3220; x_wconf 69' lang='lat' dir='ltr'>zagrebacsz&#39;m</span> <span class='ocrx_word' id='word_1_185' title='bbox 2871 3133 3151 3196; x_wconf 83' lang='lat' dir='ltr'>slobodu</span> 
     </span>
     <span class='ocr_line' id='line_1_23' title="bbox 1338 3245 2276 3330; baseline 0 -21"><span class='ocrx_word' id='word_1_186' title='bbox 1338 3247 1429 3309; x_wconf 84' lang='lat' dir='ltr'>od</span> <span class='ocrx_word' id='word_1_187' title='bbox 1463 3254 1701 3330; x_wconf 77' lang='lat' dir='ltr'>poreza</span> <span class='ocrx_word' id='word_1_188' title='bbox 1748 3245 1783 3309; x_wconf 76' lang='lat' dir='ltr'>z·</span> <span class='ocrx_word' id='word_1_189' title='bbox 1822 3247 2276 3311; x_wconf 76' lang='lat' dir='ltr'>trideselm&#39;ce.</span> 
     </span>
    </p>
   </div>
   <div class='ocr_carea' id='block_1_6' title="bbox 449 3436 3154 3749">
    <p class='ocr_par' dir='ltr' id='par_1_6' title="bbox 449 3436 3154 3749">
     <span class='ocr_line' id='line_1_24' title="bbox 626 3436 3154 3521; baseline 0.002 -24"><span class='ocrx_word' id='word_1_190' title='bbox 626 3436 775 3498; x_wconf 89' lang='lat' dir='ltr'>Bela</span> <span class='ocrx_word' id='word_1_191' title='bbox 824 3437 928 3499; x_wconf 91' lang='lat' dir='ltr'>dei</span> <span class='ocrx_word' id='word_1_192' title='bbox 972 3441 1183 3519; x_wconf 90' lang='lat' dir='ltr'>gracia</span> <span class='ocrx_word' id='word_1_193' title='bbox 1230 3440 1577 3521; x_wconf 89' lang='lat' dir='ltr'>Hungarie,</span> <span class='ocrx_word' id='word_1_194' title='bbox 1622 3440 1973 3515; x_wconf 90' lang='lat' dir='ltr'>Dalmacie,</span> <span class='ocrx_word' id='word_1_195' title='bbox 2020 3439 2302 3515; x_wconf 91' lang='lat' dir='ltr'>Croacie‚</span> <span class='ocrx_word' id='word_1_196' title='bbox 2347 3442 2571 3515; x_wconf 89' lang='lat' dir='ltr'>Rame,</span> <span class='ocrx_word' id='word_1_197' title='bbox 2602 3441 2837 3517; x_wconf 86' lang='lat' dir='ltr'>Seruie,</span> <span class='ocrx_word' id='word_1_198' title='bbox 2871 3440 3154 3514; x_wconf 88' lang='lat' dir='ltr'>Gallicie,</span> 
     </span>
     <span class='ocr_line' id='line_1_25' title="bbox 452 3548 3150 3634; baseline 0.002 -25"><span class='ocrx_word' id='word_1_199' title='bbox 452 3549 857 3624; x_wconf 91' lang='lat' dir='ltr'>Lodomerie,</span> <span class='ocrx_word' id='word_1_200' title='bbox 921 3548 1363 3631; x_wconf 88' lang='lat' dir='ltr'>Cumanieque</span> <span class='ocrx_word' id='word_1_201' title='bbox 1424 3573 1541 3614; x_wconf 82' lang='lat' dir='ltr'>rex</span> <span class='ocrx_word' id='word_1_202' title='bbox 1603 3554 1904 3615; x_wconf 89' lang='lat' dir='ltr'>omnibus</span> <span class='ocrx_word' id='word_1_203' title='bbox 1962 3567 2294 3634; x_wconf 87' lang='lat' dir='ltr'>presentes</span> <span class='ocrx_word' id='word_1_204' title='bbox 2353 3554 2591 3615; x_wconf 88' lang='lat' dir='ltr'>litteras</span> <span class='ocrx_word' id='word_1_205' title='bbox 2636 3556 3010 3633; x_wconf 88' lang='lat' dir='ltr'>inspecturis</span> <span class='ocrx_word' id='word_1_206' title='bbox 3055 3574 3150 3614; x_wconf 85' lang='lat' dir='ltr'>sa-</span> 
     </span>
     <span class='ocr_line' id='line_1_26' title="bbox 449 3661 3153 3749; baseline 0.002 -27"><span class='ocrx_word' id='word_1_207' title='bbox 449 3661 645 3723; x_wconf 89' lang='lat' dir='ltr'>lutem</span> <span class='ocrx_word' id='word_1_208' title='bbox 716 3664 780 3724; x_wconf 92' lang='lat' dir='ltr'>in</span> <span class='ocrx_word' id='word_1_209' title='bbox 851 3666 1141 3725; x_wconf 89' lang='lat' dir='ltr'>omnium</span> <span class='ocrx_word' id='word_1_210' title='bbox 1212 3665 1541 3727; x_wconf 86' lang='lat' dir='ltr'>salvatore.</span> <span class='ocrx_word' id='word_1_211' title='bbox 1616 3664 1827 3728; x_wconf 88' lang='lat' dir='ltr'>Officii</span> <span class='ocrx_word' id='word_1_212' title='bbox 1898 3670 2094 3729; x_wconf 87' lang='lat' dir='ltr'>nostri</span> <span class='ocrx_word' id='word_1_213' title='bbox 2164 3668 2454 3728; x_wconf 91' lang='lat' dir='ltr'>debitum</span> <span class='ocrx_word' id='word_1_214' title='bbox 2515 3668 2811 3728; x_wconf 87' lang='lat' dir='ltr'>remediis</span> <span class='ocrx_word' id='word_1_215' title='bbox 2873 3667 3153 3749; x_wconf 88' lang='lat' dir='ltr'>invigilat</span> 
     </span>
    </p>
   </div>
   <div class='ocr_carea' id='block_1_7' title="bbox 445 3775 3153 3949">
    <p class='ocr_par' dir='ltr' id='par_1_7' title="bbox 445 3775 3153 3949">
     <span class='ocr_line' id='line_1_27' title="bbox 446 3775 3153 3860; baseline 0.002 -26"><span class='ocrx_word' id='word_1_216' title='bbox 446 3775 895 3850; x_wconf 89' lang='lat' dir='ltr'>subiectorum,</span> <span class='ocrx_word' id='word_1_217' title='bbox 958 3796 1107 3838; x_wconf 91' lang='lat' dir='ltr'>nam</span> <span class='ocrx_word' id='word_1_218' title='bbox 1176 3777 1328 3839; x_wconf 90' lang='lat' dir='ltr'>dum</span> <span class='ocrx_word' id='word_1_219' title='bbox 1398 3798 1623 3839; x_wconf 89' lang='lat' dir='ltr'>eorum</span> <span class='ocrx_word' id='word_1_220' title='bbox 1691 3780 1942 3841; x_wconf 90' lang='lat' dir='ltr'>utilitati</span> <span class='ocrx_word' id='word_1_221' title='bbox 2009 3782 2448 3860; x_wconf 56' lang='lat' dir='ltr'>prospicimus</span> <span class='ocrx_word' id='word_1_222' title='bbox 2510 3780 2666 3840; x_wconf 90' lang='lat' dir='ltr'>dum</span> <span class='ocrx_word' id='word_1_223' title='bbox 2736 3780 3153 3840; x_wconf 88' lang='lat' dir='ltr'>concedimus</span> 
     </span>
     <span class='ocr_line' id='line_1_28' title="bbox 445 3862 3147 3949; baseline 0.001 -28"><span class='ocrx_word' id='word_1_224' title='bbox 445 3862 791 3941; x_wconf 88' lang='lat' dir='ltr'>profutura,</span> <span class='ocrx_word' id='word_1_225' title='bbox 835 3864 1095 3941; x_wconf 89' lang='lat' dir='ltr'>plebum</span> <span class='ocrx_word' id='word_1_226' title='bbox 1146 3884 1449 3926; x_wconf 90' lang='lat' dir='ltr'>numerus</span> <span class='ocrx_word' id='word_1_227' title='bbox 1492 3869 1718 3927; x_wconf 90' lang='lat' dir='ltr'>crescit</span> <span class='ocrx_word' id='word_1_228' title='bbox 1765 3868 1991 3948; x_wconf 87' lang='lat' dir='ltr'>iugiter</span> <span class='ocrx_word' id='word_1_229' title='bbox 2035 3879 2098 3928; x_wconf 91' lang='lat' dir='ltr'>et</span> <span class='ocrx_word' id='word_1_230' title='bbox 2143 3878 2426 3949; x_wconf 89' lang='lat' dir='ltr'>augetur,</span> <span class='ocrx_word' id='word_1_231' title='bbox 2451 3870 2514 3927; x_wconf 93' lang='lat' dir='ltr'>in</span> <span class='ocrx_word' id='word_1_232' title='bbox 2563 3885 2692 3946; x_wconf 90' lang='lat' dir='ltr'>quo</span> <span class='ocrx_word' id='word_1_233' title='bbox 2738 3869 2902 3947; x_wconf 88' lang='lat' dir='ltr'>regis</span> <span class='ocrx_word' id='word_1_234' title='bbox 2946 3866 3147 3947; x_wconf 89' lang='lat' dir='ltr'>gloria</span> 
     </span>
    </p>
   </div>
   <div class='ocr_carea' id='block_1_8' title="bbox 441 3975 3151 5074">
    <p class='ocr_par' dir='ltr' id='par_1_8' title="bbox 441 3975 3151 5074">
     <span class='ocr_line' id='line_1_29' title="bbox 447 3975 3150 4053; baseline 0.001 -18"><span class='ocrx_word' id='word_1_235' title='bbox 447 3975 801 4053; x_wconf 87' lang='lat' dir='ltr'>specialiter</span> <span class='ocrx_word' id='word_1_236' title='bbox 863 3977 1219 4039; x_wconf 91' lang='lat' dir='ltr'>denotatur.</span> <span class='ocrx_word' id='word_1_237' title='bbox 1266 3978 1541 4039; x_wconf 90' lang='lat' dir='ltr'>Proinde</span> <span class='ocrx_word' id='word_1_238' title='bbox 1587 3979 1670 4039; x_wconf 92' lang='lat' dir='ltr'>ad</span> <span class='ocrx_word' id='word_1_239' title='bbox 1718 3982 2156 4041; x_wconf 89' lang='lat' dir='ltr'>universorum</span> <span class='ocrx_word' id='word_1_240' title='bbox 2218 3982 2518 4041; x_wconf 89' lang='lat' dir='ltr'>noticiam</span> <span class='ocrx_word' id='word_1_241' title='bbox 2567 3980 2788 4039; x_wconf 84' lang='lat' dir='ltr'>harum</span> <span class='ocrx_word' id='word_1_242' title='bbox 2838 3980 2997 4039; x_wconf 90' lang='lat' dir='ltr'>serie</span> <span class='ocrx_word' id='word_1_243' title='bbox 3043 3999 3150 4039; x_wconf 89' lang='lat' dir='ltr'>vo-</span> 
     </span>
     <span class='ocr_line' id='line_1_30' title="bbox 445 4086 3150 4171; baseline 0.001 -24"><span class='ocrx_word' id='word_1_244' title='bbox 445 4086 655 4148; x_wconf 90' lang='lat' dir='ltr'>lumus</span> <span class='ocrx_word' id='word_1_245' title='bbox 700 4091 1047 4167; x_wconf 88' lang='lat' dir='ltr'>pervenire,</span> <span class='ocrx_word' id='word_1_246' title='bbox 1094 4090 1270 4169; x_wconf 91' lang='lat' dir='ltr'>quod</span> <span class='ocrx_word' id='word_1_247' title='bbox 1316 4090 1528 4151; x_wconf 90' lang='lat' dir='ltr'>dilecti</span> <span class='ocrx_word' id='word_1_248' title='bbox 1560 4101 1622 4153; x_wconf 92' lang='lat' dir='ltr'>et</span> <span class='ocrx_word' id='word_1_249' title='bbox 1655 4092 1875 4153; x_wconf 89' lang='lat' dir='ltr'>fideles</span> <span class='ocrx_word' id='word_1_250' title='bbox 1923 4096 2117 4153; x_wconf 90' lang='lat' dir='ltr'>nostri</span> <span class='ocrx_word' id='word_1_251' title='bbox 2167 4096 2334 4154; x_wconf 89' lang='lat' dir='ltr'>cives</span> <span class='ocrx_word' id='word_1_252' title='bbox 2381 4112 2494 4154; x_wconf 89' lang='lat' dir='ltr'>seu</span> <span class='ocrx_word' id='word_1_253' title='bbox 2539 4092 2822 4171; x_wconf 90' lang='lat' dir='ltr'>hospites</span> <span class='ocrx_word' id='word_1_254' title='bbox 2867 4093 2929 4152; x_wconf 93' lang='lat' dir='ltr'>in</span> <span class='ocrx_word' id='word_1_255' title='bbox 2978 4110 3150 4152; x_wconf 91' lang='lat' dir='ltr'>novo</span> 
     </span>
     <span class='ocr_line' id='line_1_31' title="bbox 445 4204 3150 4281; baseline 0.002 -22"><span class='ocrx_word' id='word_1_256' title='bbox 445 4212 652 4260; x_wconf 83' lang='lat' dir='ltr'>castro</span> <span class='ocrx_word' id='word_1_257' title='bbox 698 4212 937 4276; x_wconf 86' lang='lat' dir='ltr'>nostrO,</span> <span class='ocrx_word' id='word_1_258' title='bbox 982 4222 1097 4281; x_wconf 91' lang='lat' dir='ltr'>per</span> <span class='ocrx_word' id='word_1_259' title='bbox 1142 4222 1255 4263; x_wconf 90' lang='lat' dir='ltr'>eos</span> <span class='ocrx_word' id='word_1_260' title='bbox 1300 4204 1363 4263; x_wconf 89' lang='lat' dir='ltr'>in</span> <span class='ocrx_word' id='word_1_261' title='bbox 1411 4215 1633 4265; x_wconf 88' lang='lat' dir='ltr'>monte</span> <span class='ocrx_word' id='word_1_262' title='bbox 1680 4204 1892 4267; x_wconf 88' lang='lat' dir='ltr'>Grech</span> <span class='ocrx_word' id='word_1_263' title='bbox 1961 4217 2328 4267; x_wconf 88' lang='lat' dir='ltr'>constructo</span> <span class='ocrx_word' id='word_1_264' title='bbox 2389 4208 2756 4278; x_wconf 82' lang='lat' dir='ltr'>existenteS,</span> <span class='ocrx_word' id='word_1_265' title='bbox 2801 4205 2886 4265; x_wconf 91' lang='lat' dir='ltr'>ad</span> <span class='ocrx_word' id='word_1_266' title='bbox 2934 4217 3150 4265; x_wconf 88' lang='lat' dir='ltr'>nostre</span> 
     </span>
     <span class='ocr_line' id='line_1_32' title="bbox 444 4314 3148 4399; baseline 0.003 -28"><span class='ocrx_word' id='word_1_267' title='bbox 444 4314 792 4374; x_wconf 84' lang='lat' dir='ltr'>maiestatis</span> <span class='ocrx_word' id='word_1_268' title='bbox 836 4315 1217 4377; x_wconf 88' lang='lat' dir='ltr'>accedentes</span> <span class='ocrx_word' id='word_1_269' title='bbox 1261 4318 1677 4395; x_wconf 90' lang='lat' dir='ltr'>presenciam,</span> <span class='ocrx_word' id='word_1_270' title='bbox 1723 4318 1910 4379; x_wconf 91' lang='lat' dir='ltr'>nobis</span> <span class='ocrx_word' id='word_1_271' title='bbox 1955 4318 2232 4380; x_wconf 88' lang='lat' dir='ltr'>revelare</span> <span class='ocrx_word' id='word_1_272' title='bbox 2291 4328 2729 4399; x_wconf 88' lang='lat' dir='ltr'>procurarunt,</span> <span class='ocrx_word' id='word_1_273' title='bbox 2776 4318 2952 4396; x_wconf 91' lang='lat' dir='ltr'>quod</span> <span class='ocrx_word' id='word_1_274' title='bbox 2999 4337 3148 4379; x_wconf 90' lang='lat' dir='ltr'>cum</span> 
     </span>
     <span class='ocr_line' id='line_1_33' title="bbox 445 4424 3149 4510; baseline 0.002 -25"><span class='ocrx_word' id='word_1_275' title='bbox 445 4424 559 4503; x_wconf 90' lang='lat' dir='ltr'>ipsi</span> <span class='ocrx_word' id='word_1_276' title='bbox 605 4428 669 4486; x_wconf 93' lang='lat' dir='ltr'>in</span> <span class='ocrx_word' id='word_1_277' title='bbox 715 4427 997 4488; x_wconf 89' lang='lat' dir='ltr'>confinio</span> <span class='ocrx_word' id='word_1_278' title='bbox 1064 4431 1237 4509; x_wconf 88' lang='lat' dir='ltr'>regni</span> <span class='ocrx_word' id='word_1_279' title='bbox 1301 4430 1364 4489; x_wconf 89' lang='lat' dir='ltr'>in</span> <span class='ocrx_word' id='word_1_280' title='bbox 1428 4430 1714 4508; x_wconf 89' lang='lat' dir='ltr'>partibus</span> <span class='ocrx_word' id='word_1_281' title='bbox 1781 4430 2122 4493; x_wconf 83' lang='lat' dir='ltr'>Sclauonie</span> <span class='ocrx_word' id='word_1_282' title='bbox 2183 4434 2306 4493; x_wconf 91' lang='lat' dir='ltr'>sint</span> <span class='ocrx_word' id='word_1_283' title='bbox 2372 4432 2698 4492; x_wconf 90' lang='lat' dir='ltr'>constituti</span> <span class='ocrx_word' id='word_1_284' title='bbox 2762 4442 2826 4491; x_wconf 95' lang='lat' dir='ltr'>et</span> <span class='ocrx_word' id='word_1_285' title='bbox 2888 4442 3149 4510; x_wconf 91' lang='lat' dir='ltr'>propter</span> 
     </span>
     <span class='ocr_line' id='line_1_34' title="bbox 444 4537 3150 4624; baseline 0.002 -27"><span class='ocrx_word' id='word_1_286' title='bbox 444 4537 689 4599; x_wconf 84' lang='lat' dir='ltr'>diversa</span> <span class='ocrx_word' id='word_1_287' title='bbox 736 4540 969 4600; x_wconf 89' lang='lat' dir='ltr'>tributa</span> <span class='ocrx_word' id='word_1_288' title='bbox 1000 4552 1064 4601; x_wconf 86' lang='lat' dir='ltr'>et</span> <span class='ocrx_word' id='word_1_289' title='bbox 1094 4543 1443 4602; x_wconf 85' lang='lat' dir='ltr'>tricesimas</span> <span class='ocrx_word' id='word_1_290' title='bbox 1490 4561 1635 4603; x_wconf 91' lang='lat' dir='ltr'>cum</span> <span class='ocrx_word' id='word_1_291' title='bbox 1683 4545 1811 4604; x_wconf 92' lang='lat' dir='ltr'>suis</span> <span class='ocrx_word' id='word_1_292' title='bbox 1856 4546 2284 4605; x_wconf 88' lang='lat' dir='ltr'>mercimoniis</span> <span class='ocrx_word' id='word_1_293' title='bbox 2314 4563 2686 4624; x_wconf 89' lang='lat' dir='ltr'>processum</span> <span class='ocrx_word' id='word_1_294' title='bbox 2723 4562 2854 4603; x_wconf 90' lang='lat' dir='ltr'>non</span> <span class='ocrx_word' id='word_1_295' title='bbox 2884 4553 3150 4622; x_wconf 89' lang='lat' dir='ltr'>possent</span> 
     </span>
     <span class='ocr_line' id='line_1_35' title="bbox 444 4649 3151 4735; baseline 0.003 -26"><span class='ocrx_word' id='word_1_296' title='bbox 444 4649 677 4711; x_wconf 90' lang='lat' dir='ltr'>habere</span> <span class='ocrx_word' id='word_1_297' title='bbox 736 4650 1078 4730; x_wconf 89' lang='lat' dir='ltr'>aliqualem</span> <span class='ocrx_word' id='word_1_298' title='bbox 1127 4665 1191 4713; x_wconf 90' lang='lat' dir='ltr'>et</span> <span class='ocrx_word' id='word_1_299' title='bbox 1236 4656 1299 4714; x_wconf 92' lang='lat' dir='ltr'>in</span> <span class='ocrx_word' id='word_1_300' title='bbox 1345 4655 1470 4715; x_wconf 89' lang='lat' dir='ltr'>hoc</span> <span class='ocrx_word' id='word_1_301' title='bbox 1532 4657 1667 4735; x_wconf 88' lang='lat' dir='ltr'>ipsa</span> <span class='ocrx_word' id='word_1_302' title='bbox 1728 4658 1944 4717; x_wconf 78' lang='lat' dir='ltr'>civitas</span> <span class='ocrx_word' id='word_1_303' title='bbox 2005 4669 2221 4718; x_wconf 90' lang='lat' dir='ltr'>nostra</span> <span class='ocrx_word' id='word_1_304' title='bbox 2280 4658 2566 4735; x_wconf 90' lang='lat' dir='ltr'>inopiam</span> <span class='ocrx_word' id='word_1_305' title='bbox 2631 4666 2954 4735; x_wconf 89' lang='lat' dir='ltr'>pateretur</span> <span class='ocrx_word' id='word_1_306' title='bbox 3017 4674 3151 4717; x_wconf 92' lang='lat' dir='ltr'>non</span> 
     </span>
     <span class='ocr_line' id='line_1_36' title="bbox 444 4763 3146 4848; baseline 0.003 -26"><span class='ocrx_word' id='word_1_307' title='bbox 444 4763 786 4836; x_wconf 88' lang='lat' dir='ltr'>modicam,</span> <span class='ocrx_word' id='word_1_308' title='bbox 815 4784 852 4823; x_wconf 92' lang='lat' dir='ltr'>a</span> <span class='ocrx_word' id='word_1_309' title='bbox 883 4764 1070 4825; x_wconf 90' lang='lat' dir='ltr'>nobis</span> <span class='ocrx_word' id='word_1_310' title='bbox 1116 4766 1435 4827; x_wconf 90' lang='lat' dir='ltr'>humiliter</span> <span class='ocrx_word' id='word_1_311' title='bbox 1477 4768 1896 4847; x_wconf 88' lang='lat' dir='ltr'>postularunt,</span> <span class='ocrx_word' id='word_1_312' title='bbox 1928 4779 1998 4829; x_wconf 90' lang='lat' dir='ltr'>ut</span> <span class='ocrx_word' id='word_1_313' title='bbox 2029 4788 2148 4829; x_wconf 89' lang='lat' dir='ltr'>nos</span> <span class='ocrx_word' id='word_1_314' title='bbox 2180 4772 2352 4848; x_wconf 90' lang='lat' dir='ltr'>ipsos</span> <span class='ocrx_word' id='word_1_315' title='bbox 2383 4791 2420 4831; x_wconf 92' lang='lat' dir='ltr'>a</span> <span class='ocrx_word' id='word_1_316' title='bbox 2451 4769 2781 4831; x_wconf 87' lang='lat' dir='ltr'>solucione</span> <span class='ocrx_word' id='word_1_317' title='bbox 2828 4770 3146 4830; x_wconf 86' lang='lat' dir='ltr'>dictorum</span> 
     </span>
     <span class='ocr_line' id='line_1_37' title="bbox 441 4877 3148 4961; baseline 0.002 -26"><span class='ocrx_word' id='word_1_318' title='bbox 441 4877 823 4938; x_wconf 89' lang='lat' dir='ltr'>tributorum</span> <span class='ocrx_word' id='word_1_319' title='bbox 890 4888 954 4937; x_wconf 91' lang='lat' dir='ltr'>et</span> <span class='ocrx_word' id='word_1_320' title='bbox 1022 4878 1481 4942; x_wconf 88' lang='lat' dir='ltr'>tricesimarum</span> <span class='ocrx_word' id='word_1_321' title='bbox 1550 4881 1964 4943; x_wconf 85' lang='lat' dir='ltr'>redderemus</span> <span class='ocrx_word' id='word_1_322' title='bbox 2034 4893 2376 4961; x_wconf 87' lang='lat' dir='ltr'>exemptos</span> <span class='ocrx_word' id='word_1_323' title='bbox 2440 4900 2552 4943; x_wconf 90' lang='lat' dir='ltr'>seu</span> <span class='ocrx_word' id='word_1_324' title='bbox 2613 4881 2963 4943; x_wconf 68' lang='lat' dir='ltr'>absolutos</span> <span class='ocrx_word' id='word_1_325' title='bbox 3010 4881 3148 4942; x_wconf 92' lang='lat' dir='ltr'>Nos</span> 
     </span>
     <span class='ocr_line' id='line_1_38' title="bbox 443 4989 3143 5074; baseline 0.002 -26"><span class='ocrx_word' id='word_1_326' title='bbox 443 4989 627 5069; x_wconf 88' lang='lat' dir='ltr'>igitur</span> <span class='ocrx_word' id='word_1_327' title='bbox 672 4990 847 5050; x_wconf 91' lang='lat' dir='ltr'>iustis</span> <span class='ocrx_word' id='word_1_328' title='bbox 893 5001 957 5050; x_wconf 92' lang='lat' dir='ltr'>et</span> <span class='ocrx_word' id='word_1_329' title='bbox 1003 4991 1212 5072; x_wconf 88' lang='lat' dir='ltr'>dignis</span> <span class='ocrx_word' id='word_1_330' title='bbox 1257 4993 1684 5070; x_wconf 89' lang='lat' dir='ltr'>peticionibus</span> <span class='ocrx_word' id='word_1_331' title='bbox 1728 5013 1951 5056; x_wconf 85' lang='lat' dir='ltr'>eorum</span> <span class='ocrx_word' id='word_1_332' title='bbox 1998 4995 2276 5056; x_wconf 89' lang='lat' dir='ltr'>inclinati</span> <span class='ocrx_word' id='word_1_333' title='bbox 2325 5006 2389 5055; x_wconf 86' lang='lat' dir='ltr'>et</span> <span class='ocrx_word' id='word_1_334' title='bbox 2435 4998 2720 5056; x_wconf 87' lang='lat' dir='ltr'>maxime</span> <span class='ocrx_word' id='word_1_335' title='bbox 2767 4996 2914 5074; x_wconf 89' lang='lat' dir='ltr'>quia</span> <span class='ocrx_word' id='word_1_336' title='bbox 2947 4995 3143 5055; x_wconf 90' lang='lat' dir='ltr'>iidem</span> 
     </span>
    </p>
   </div>
  </div>
 </body>
</html>
