3797 5795
1498 383 1576 392 --
1647 350 1776 412 285
1833 385 1917 392 -

366 543 526 600 bona
583 558 694 602 sua
746 541 808 598 in
867 538 1088 599 ultima
1149 539 1480 600 voluntate
1539 541 1786 622 legavit.
1833 539 1917 601 Et
1965 543 2113 620 quia
2159 542 2383 601 fratres
2428 542 2622 619 ipsius
2676 539 2917 600 ordinis
2978 539 3061 600 de

361 652 847 733 possessionibus
877 669 946 712 se
977 652 1338 713 nullatenus
1371 655 1816 727 intromittunt,
1861 671 1983 714 nec
2012 657 2103 714 eis
2132 653 2277 713 licet
2317 655 2754 732 possessiones
2800 652 3063 727 habere,

365 776 624 844 quatuor
684 776 1128 843 procuratores
1200 767 1545 839 constituit,
1615 767 1722 844 qui
1791 781 1991 827 terras
2058 776 2122 827 et
2188 767 2625 845 possessiones
2692 766 3060 828 huiusmodi

361 889 771 958 procurarent,
816 897 892 938 ac
937 878 1224 940 redditus
1269 890 1331 939 et
1377 889 1725 958 proventus
1785 898 2006 940 earum
2054 881 2117 940 in
2165 880 2574 940 necessitates
2618 879 2952 961 guardiani
2997 890 3063 940 et

362 993 610 1052 fratrum
667 1001 1110 1052 converterent
1179 991 1592 1067 eorumdem3
1665 994 1750 1052 ita
1821 993 1999 1071 quod
2068 992 2433 1054 reddituum
2502 1002 2566 1054 et
2633 1002 3059 1072 proventuum

359 1103 774 1184 predictorum
822 1104 1162 1180 residuum,
1193 1107 1244 1166 si
1274 1104 1452 1185 quod
1497 1115 1680 1180 esset,
1726 1109 1908 1167 iuxta
1952 1105 2288 1168 consilium
2335 1105 2737 1185 provincialis
2786 1107 3057 1166 ministri

361 1228 420 1278 et
461 1217 722 1279 aliorum
769 1218 1032 1278 fratrum
1079 1219 1273 1296 ipsius
1303 1217 1542 1278 ordinis
1587 1218 1670 1278 de
1715 1219 2003 1297 partibus
2050 1219 2165 1280 illis
2210 1219 2540 1280 studerent
2586 1218 2721 1279 aliis
2764 1217 3061 1280 fratribus

361 1330 634 1391 eiusdem
681 1330 920 1392 ordinis
951 1329 1100 1390 alibi
1131 1331 1680 1392 commorantibus
1725 1333 2048 1411 impartiri.
2095 1329 2310 1410 Quare
2357 1351 2476 1410 pro
2516 1341 2695 1410 parte
2742 1331 3057 1392 dictorum

359 1443 674 1524 guardiani
717 1453 780 1504 et
824 1443 1092 1504 fratrum
1139 1443 1456 1506 humiliter
1523 1445 1861 1523 petebatur
1907 1465 1945 1505 a
1992 1445 2194 1517 nobis,
2254 1456 2324 1505 ut
2384 1462 2533 1506 curn
2597 1445 2688 1504 eis
2746 1444 3055 1522 premissa

359 1569 655 1616 terrarum
719 1567 782 1617 et
839 1559 1338 1636 possessionum,
1405 1576 1518 1618 seu
1579 1557 1943 1618 reddituum
2009 1569 2073 1618 et
2134 1570 2561 1637 proventuum
2623 1556 3058 1635 predictorum

355 1668 675 1748 dispositio
719 1689 834 1749 pro
881 1672 1075 1749 ipsius
1131 1669 1370 1731 ordinis
1427 1671 1764 1732 honestate
1825 1689 1957 1732 non
2024 1682 2352 1750 competat
2414 1681 2479 1732 et
2543 1669 2737 1744 locus,
2800 1670 2863 1729 in
2924 1687 3059 1749 quo

359 1782 654 1842 hactenus
683 1785 902 1844 morati
935 1792 1102 1851 sunt,
1149 1801 1266 1861 pro
1298 1802 1378 1843 eo
1409 1785 1710 1863 precipue
1743 1783 2116 1845 habitationi
2150 1803 2281 1845 non
2316 1793 2627 1865 congruat
2660 1780 3059 1856 eorumdem,

364 1898 502 1973 quia
557 1915 595 1955 a
658 1897 900 1956 civitate
968 1896 1372 1976 Traguriensi
1445 1899 1710 1958 nimium
1775 1908 1872 1959 est
1934 1908 2236 1973 remotuS,
2296 1897 2631 1977 providere
2692 1916 2881 1976 super
2936 1896 3061 1958 hoc

362 2018 615 2086 paterna
659 2007 1074 2070 sollicitudine
1105 2027 1488 2071 curaremus
1535 2009 1672 2071 Nos
1702 2011 1920 2088 itaque
1952 2009 2315 2071 huiusmodi
2348 2011 2707 2070 necessitati
2740 2009 3056 2071 dictorum

361 2119 676 2201 guardiani
722 2131 783 2180 et
828 2121 1090 2182 fratrum
1131 2122 1462 2183 consulere
1493 2125 1840 2202 cupienteS,
1887 2123 2257 2184 fraternitati
2305 2132 2413 2184 tue
2460 2123 2859 2195 mandamus
2906 2140 3057 2200 qua-

361 2243 552 2306 tenus,
594 2235 646 2293 si
688 2243 781 2293 est
822 2235 928 2308 ita,
987 2245 1184 2295 terras
1243 2245 1306 2296 et
1355 2239 1791 2314 possessiones
1851 2236 2169 2315 predictas
2234 2237 2315 2296 de
2377 2235 2641 2296 consilio
2688 2245 2751 2296 et
2797 2253 3055 2295 assensu

363 2345 774 2423 predictorum
819 2360 1306 2425 procuratorum
1339 2367 1454 2426 per
1484 2359 1565 2421 te,
1597 2349 1692 2408 vel
1725 2367 1840 2426 per
1869 2349 2065 2409 alium
2099 2351 2479 2409 auctoritate
2520 2356 2737 2412 nostra
2782 2347 3058 2407 vendere

363 2457 608 2520 studeas
650 2471 714 2519 et
756 2458 838 2520 de
884 2463 1108 2539 preti0‚
1156 2461 1333 2539 quod
1381 2481 1465 2522 ex
1496 2463 1586 2522 eis
1632 2463 2011 2539 provenerit,
2057 2460 2337 2539 aliquem
2386 2460 2599 2521 locum
2647 2460 2831 2520 dictis
2874 2477 3058 2540 guar-

362 2571 544 2631 diano
589 2581 650 2631 et
695 2570 989 2634 fratribus
1049 2585 1270 2653 aptum
1331 2593 1512 2636 emas
1572 2577 1706 2634 sine
1770 2575 1917 2634 iuris
1978 2573 2327 2654 preiudicio
2390 2573 2593 2649 alieni,
2654 2592 2729 2634 ac
2790 2575 2854 2632 in
2915 2574 3057 2651 ipso

364 2686 698 2759 ecclesiam,
759 2685 996 2746 domos
1040 2699 1103 2747 et
1149 2687 1437 2748 officinas
1497 2689 1776 2748 construi
1824 2687 1907 2748 ad
1955 2706 2119 2766 opus
2166 2689 2359 2748 iacias
2404 2687 2801 2761 eorumdem,
2864 2685 3059 2746 talem

365 2817 542 2877 super
585 2799 696 2860 hiis
739 2799 1136 2881 diligentiam
1199 2800 1542 2876 habituruS,
1604 2801 1782 2878 quod
1841 2801 2083 2862 exinde
2128 2800 2321 2882 digna
2382 2799 2675 2861 laudibus
2720 2800 2893 2878 apud
2941 2815 3059 2858 nos

363 2920 460 2971 tua
502 2913 822 2974 sinceritas
886 2914 1209 2975 habeatur.
1241 2915 1511 2991 ‘Datum
1557 2916 1732 2995 apud
1784 2916 2029 2979 Urbem
2066 2924 2343 2975 veterem
2406 2913 2517 2975 VI.
2576 2913 2717 2974 idus
2782 2912 3059 2987 ianuarii,

365 3024 750 3102 pontificatus
797 3029 994 3087 nostri
1041 3046 1214 3088 anno
1261 3031 1465 3089 tertio.

541 3218 831 3293 Onginal
871 3241 912 3278 u
958 3220 1182 3279 arkivu
1242 3220 1491 3297 kaptola
1553 3240 1594 3277 u
1664 3221 1925 3295 Trogiru
1990 3240 2030 3277 u
2077 3221 2282 3277 listinz'
2322 3221 2409 3277 od
2448 3222 2547 3275 29.
2596 3218 2848 3276 oktobra
2895 3238 2946 3275 o.
2988 3238 3052 3292 g.

369 3321 574 3378 donosi
614 3343 652 3380 u
697 3325 963 3399 cijelosti
1005 3326 1032 3397 ιζ
1074 3344 1190 3382 ovu
1226 3326 1468 3401 papinu
1516 3326 1754 3381 listinu.

539 3427 794 3485 Theiner
835 3430 1002 3487 Mon.
1054 3430 1222 3487 Slav.
1273 3430 1429 3485 Mer.
1485 3430 1534 3486 J.
1585 3447 1682 3487 no.
1728 3432 1862 3487 120.
1912 3439 2019 3485 str.
2060 3432 2151 3485 89.
2203 3429 2269 3486 [Ζ
2315 3448 2438 3503 reg.
2489 3447 2595 3484 an.
2644 3427 2766 3485 III.
2803 3435 2891 3502 ep.
2928 3428 3053 3480 108.

349 3530 466 3605 fol.
521 3533 613 3589 32.
659 3567 743 3575 —-
788 3532 1023 3590 Lucius
1065 3534 1364 3591 Memorie
1419 3535 1490 3591 di
1556 3534 1613 3590 T
1605 3535 1724 3589 raia
1774 3537 1857 3591 81.
1908 3534 2125 3590 donosi
2169 3542 2383 3607 regest.
2438 3566 2519 3575 —
2576 3530 2838 3589 Farlati
2882 3530 3051 3601 Illyr.

369 3635 534 3691 Sacr.
581 3637 684 3695 IV.
739 3640 878 3694 347.
912 3670 998 3681 —-
1033 3638 1376 3697 Sbaraleae
1421 3637 1666 3696 Bullar.
1696 3638 2011 3714 fram-ise.
2060 3637 2145 3694 II.
2201 3639 2335 3695 532.
2382 3657 2476 3693 κο.
2530 3641 2650 3692 117.
2685 3669 2766 3677 ——
2821 3634 3066 3692 Wenzel

372 3740 504 3799 cod.
551 3742 774 3819 Arpaa'.
840 3744 1006 3801 VIII.
1049 3748 1142 3801 98.
1195 3776 1275 3785 --
1324 3742 1608 3799 Pottltast
1649 3744 1797 3816 Reg.
1843 3742 2067 3818 pontif.
2119 3761 2214 3798 no.
2266 3744 2504 3798 18.770.
2555 3774 2637 3783 —-
2684 3738 3067 3815 Kukuljevic'

367 3847 506 3920 Reg.
555 3866 644 3903 no.
700 3850 825 3907 871,

1611 4164 1804 4244 781.

365 4337 548 4420 1264,
591 4341 696 4406 16.
733 4339 1083 4423 januara.
1130 4339 1190 4405 U
1235 4337 1694 4405 Gittavechii.

498 4530 726 4593 Urban
778 4530 900 4591 IV.
947 4536 1125 4613 papa
1168 4528 1562 4613 polvrdjuje
1605 4528 1941 4613 Evenczja
1990 4529 2401 4592 kanom'kom
2449 4524 2923 4614 zagrebac‘kz'm.

531 4720 828 4783 Urbanus
861 4720 1210 4800 'episcopus
1257 4740 1472 4783 servus
1518 4740 1844 4783 servorum
1892 4723 1996 4783 dei
2044 4722 2279 4784 dilecto
2326 4720 2456 4782 filio
2502 4720 2772 4782 Eventio
2818 4723 3059 4799 presbi-

371 4842 496 4894 tero
541 4837 852 4896 canonico
897 4834 1301 4915 Zagrabiensi
1347 4835 1618 4895 salutem
1649 4846 1716 4897 et
1747 4836 2168 4913 apostolicam
2216 4834 2751 4895 benedictionem.
2798 4831 2944 4912 Que
2974 4834 3057 4895 de

367 4946 522 5008 sedis
565 4948 914 5027 apostolice
958 4950 1334 5009 auctoritate
1366 4948 1744 5027 procedunt,
1783 4965 1897 5007 sue
1930 4947 2169 5008 debent
2201 4944 2514 5009 firmitatis
2546 4948 2776 5008 robore
2809 4950 3056 5022 muniri,

369 5068 434 5119 ut
461 5072 520 5121 et
543 5062 766 5123 futuris
811 5062 1204 5140 temporibus
1245 5061 1496 5123 valeant
1543 5060 1782 5122 illibata
1827 5062 2175 5121 consistere
2206 5070 2268 5119 et
2302 5070 2521 5138 optata
2568 5060 2649 5121 de
2695 5059 2812 5121 illis
2856 5062 3057 5139 possit
