3797 5795
1841 390 2107 455 -620
2169 424 2253 434 —

693 581 802 637 Na
845 581 1028 658 hrptu
1075 601 1444 639 suvremena
1477 581 1734 657 biljeska
1754 604 1774 638 .·
1807 583 2222 663 priuilegium
2268 585 2507 641 comitis
2549 585 2771 642 Hodus
2802 594 2993 661 super
3008 586 3413 661 possessione

697 684 1015 759 Pribirag.

867 790 1057 865 Feje'r
1109 790 1250 848 cod.
1317 791 1463 865 dipl.
1529 792 1740 865 Hung.
1807 794 1864 849 V.
1913 798 1958 850 1.
2008 794 2143 849 5278.
2190 826 2273 836 -—-
2336 794 2581 851 {Venzel
2628 793 2768 851 Cod.
2834 794 2984 870 dipl.
3034 795 3181 871 Arp.
3242 804 3409 855 cont.

710 894 875 952 VIII.
951 897 1209 952 412—3.
1259 930 1344 935 -—
1390 894 1764 971 Kukuljcvic‘
1825 898 1974 971 Reg.
2039 917 2135 954 na.
2206 900 2361 952 1054
2410 908 2493 974 po
2556 898 2855 967 Wenzelu‚
2920 918 3013 957 no,
3084 902 3269 956 1090.
3328 909 3415 975 po

694 1000 944 1073 Fcy'e‘ru.

1979 1292 2113 1372 67.

695 1422 896 1502 1272,
941 1420 1048 1487 20.
1096 1419 1461 1487 februare.
1519 1421 1677 1488 Kod
1722 1420 2202 1491 cittaveohia.

697 1609 1050 1696 Gregorzje
1093 1612 1185 1673 Χ.
1230 1611 1625 1696 potvrdjuje
1681 1617 2081 1675 samostanu
2127 1634 2221 1676 sv.
2284 1612 2537 1677 Nikole
2596 1634 2709 1677 sve
2764 1613 3147 1699 povlastice,
3216 1614 3409 1677 dane

981 1746 1095 1787 mu
1143 1725 1234 1787 od
1270 1724 1674 1808 prei‘asnika
1711 1728 1897 1808 papa
1944 1724 2036 1788 ili
2074 1728 2164 1789 od
2204 1725 2510 1810 kraijeva
2555 1724 2591 1788 i
2627 1726 2883 1811 drugih
2928 1728 3141 1789 oseba.
3226 1789 3229 1790 γ

868 1914 1212 1997 Gregorius
1257 1919 1593 1995 episcopus
1639 1936 1858 1979 seruus
1902 1937 2227 1979 seruorum
2277 1918 2382 1979 dei
2428 1918 2672 1980 dilectis
2724 1921 2789 1980 in
2846 1918 3097 1982 Christo
3144 1918 3401 1980 filiabus

697 2077 951 2088 .....
985 2029 1305 2090 abbatisse
1351 2040 1414 2090 et
1461 2032 1807 2091 conuentui
1857 2033 2222 2092 monasterii
2274 2034 2473 2092 sancti
2507 2031 2752 2093 Nicolai
2780 2031 3103 2112 Jadrensis
3151 2032 3399 2092 ordinis

691 2153 910 2203 sancte
956 2139 1140 2205 Clare
1185 2142 1456 2203 salutem
1502 2151 1567 2203 et
1611 2143 2032 2221 apostolicam
2078 2144 2613 2205 benedictionem.
2674 2144 2852 2207 Solet
2882 2162 3169 2205 annuere
3200 2144 3391 2205 sedes

693 2255 1046 2333 apostolica
1091 2257 1210 2333 piis
1255 2257 1422 2315 uotis
1468 2266 1531 2316 et
1577 2255 1861 2317 honestis
1906 2260 2259 2335 petentium
2314 2258 2609 2337 precibus
2668 2256 2955 2319 fauorem
3016 2258 3395 2317 beniuolum

695 2369 1015 2446 impertiri.
1077 2367 1434 2448 Eapropter
1496 2368 1724 2430 dilecte
1769 2372 1832 2430 in
1880 2368 2133 2433 Christo
2178 2369 2304 2431 filie
2362 2372 2589 2432 uestris
2632 2373 2807 2431 iustis
2851 2370 3396 2448 postulationibus

693 2491 878 2563 grato
923 2490 1374 2542 concurrentes
1419 2501 1681 2543 assensu
1713 2500 1942 2544 omnes
1986 2482 2309 2545 libertates
2337 2494 2403 2544 et
2432 2486 2868 2545 immunitates
2912 2502 2949 2543 a
2981 2483 3395 2561 predecesso-

693 2593 866 2653 ribus
927 2595 1156 2654 nostris
1222 2598 1504 2655 romanis
1562 2594 1970 2675 pontificibus
2037 2598 2171 2657 siue
2231 2616 2345 2676 per
2404 2596 2728 2678 priuilegia
2788 2599 2924 2657 siue
2987 2597 3144 2658 alias
3190 2595 3393 2656 indul-

693 2708 940 2787 gentias
1000 2710 1389 2767 monasterio
1450 2719 1663 2769 uestro
1723 2726 1836 2769 seu
1898 2710 2086 2771 uobis
2147 2726 2501 2783 concessaS,
2569 2726 2690 2770 nec
2756 2728 2889 2770 non
2950 2710 3278 2771 libertates
3332 2720 3393 2769 et

693 2822 1120 2900 excepciones
1179 2821 1558 2881 secularium
1621 2824 2038 2883 exactionum
2101 2841 2138 2882 a
2198 2823 2452 2906 regibus
2519 2833 2583 2883 et
2650 2823 3043 2903 principibus
3118 2841 3196 2883 ac
3263 2820 3395 2882 aliis

697 2929 925 2995 Christi
971 2931 1267 2995 fidelibus
1312 2935 1778 2996 racionabiliter
1839 2936 2025 2997 uobis
2086 2936 2381 3010 indultas,
2439 2939 2599 2998 sicut
2645 2955 2753 2998 eas
2798 2937 2961 2998 iuste
3006 2955 3085 2998 ac
3127 2931 3391 3015 pacifice

694 3045 1054 3120 obtineatiS,
1100 3047 1286 3108 uobis
1331 3058 1396 3109 et
1425 3067 1540 3127 per
1569 3068 1689 3110 uos
1727 3049 1941 3110 eidem
1986 3051 2379 3111 monasterio
2422 3052 2802 3110 auctoritate
2847 3050 3203 3129 apostolica
3247 3067 3391 3110 con-

695 3156 1022 3220 firmamus
1066 3171 1130 3222 et
1175 3163 1486 3240 presentis
1530 3164 1745 3241 scripti
1791 3165 2147 3243 patrocinio
2193 3165 2663 3224 conmunimuS.
2710 3161 2884 3224 Nulli
2928 3181 3083 3244 ergo
3130 3163 3391 3222 omnino

695 3273 1028 3334 hominum
1090 3274 1275 3335 liceat
1337 3274 1505 3336 hanc
1560 3279 1858 3358 paginam
1927 3285 2143 3337 nostre
2210 3275 2726 3338 confirmacionis
2784 3277 3128 3357 infringere
3195 3275 3295 3336 uel
3340 3277 3389 3334 ei

693 3405 853 3447 ausu
897 3389 1237 3448 temerario
1283 3391 1616 3448 contraire.
1678 3387 1743 3451 Si
1806 3391 1947 3465 quis
2007 3398 2221 3450 autem
2286 3388 2411 3450 hoc
2480 3397 2866 3468 attemptare
2925 3388 3394 3468 presumpserit,

693 3497 1199 3581 indignationem
1260 3503 1722 3580 omnipotentis
1766 3500 1868 3562 dei
1917 3512 1981 3562 et
2026 3501 2363 3563 beatorum
2411 3501 2577 3562 Petri
2622 3511 2687 3562 et
2731 3499 2907 3562 Pauli
2953 3500 3389 3579 apostolorum

696 3614 832 3673 eius
877 3631 945 3673 se
1006 3616 1255 3674 nouerit
1316 3615 1729 3676 incursurum.
1797 3612 2039 3676 Datum
2086 3613 2259 3694 apud
2306 3613 2556 3676 Vrbem
2602 3624 2883 3675 veterem
2946 3613 3024 3673 X.
3084 3611 3386 3673 kalendas

697 3726 922 3798 martii,
965 3725 1375 3803 pontificatus
1419 3729 1616 3788 nostri
1663 3745 1835 3788 anno
1873 3728 2100 3806 primo

883 3839 1181 3913 Original
1220 3861 1260 3898 u
1297 3840 1799 3917 gubernijalnom
1845 3841 2071 3900 arkivu
2103 3861 2142 3899 u
2175 3843 2409 3910 Zadru,
2456 3842 2595 3899 odio
2638 3850 2994 3898 samostana
3040 3859 3127 3896 sv.
3172 3836 3393 3895 Nikole

697 3943 788 4000 br.
841 3947 931 4001 55.
977 3945 1172 4001 Pelat
1212 3945 1536 4021 izgubljen.
1587 3946 1805 4004 Imade
1851 3947 1877 4002 i
1920 3947 2042 4004 dva
2078 3947 2385 4024 prijepisa
2407 3967 2428 4002 .-

872 4054 918 4104 1.
967 4049 1243 4127 Prijepis
1287 4051 1344 4107 iz
1389 4051 1459 4107 X
1452 4051 1497 4107 I
1503 4052 1563 4109 V.
1628 4051 1877 4126 stolyec'a
1924 4071 2011 4110 na
2056 4051 2315 4126 naleafju
2374 4050 2585 4107 listine
2631 4057 2795 4125 pape
2838 4046 3233 4105 Aleksandra
3282 4047 3325 4104 I
3328 4047 3349 4104 1
3362 4047 3384 4100 ⁷.

697 4155 781 4211 od
811 4173 876 4228 g.
928 4157 1102 4210 1260.
1163 4155 1224 4212 U
1249 4154 1751 4230 gubernijalnom
1797 4155 2023 4214 arkivu
2068 4175 2109 4213 u
2155 4157 2387 4223 Zadru,
2450 4155 2587 4212 odio
2632 4161 2989 4210 samostana
3034 4171 3123 4210 sv.
3171 4149 3389 4208 Nikole

697 4258 786 4316 br.
837 4262 928 4316 17.
963 4297 983 4328 ὅ
1881 4271 1886 4276 “

872 4366 927 4422 2.
977 4364 1246 4439 Prijepis
1292 4365 1347 4420 iz
1393 4364 1590 4439 istoga
1649 4383 1941 4422 vremena
2000 4362 2205 4443 (XIV.
2268 4363 2547 4439 stoljcc‘a)
2594 4381 2678 4420 na
2718 4361 3091 4438 pergameni
3134 4381 3176 4417 u
3220 4361 3388 4416 istom

697 4467 921 4528 arkivu
969 4469 996 4525 i
1036 4469 1242 4544 octJelu
1286 4468 1375 4524 br.
1427 4471 1523 4527 53.
1587 4469 1804 4526 Imade
1849 4488 1933 4526 na
1969 4467 2229 4545 poletku
2273 4487 2421 4525 ovo:
2482 4468 2556 4526 In
2604 4467 2851 4525 nomine
2908 4467 3150 4523 domini
3198 4485 3391 4522 amen.

698 4575 836 4631 Hoc
879 4581 974 4631 est
1017 4581 1502 4650 transsumptum
1533 4593 1642 4630 seu
1675 4574 2146 4649 transscriptum
2178 4573 2573 4648 quarundam
2620 4567 2972 4631 litterarum
3018 4570 3396 4628 sanctissimi

692 4679 899 4754 patris
965 4687 1028 4735 et
1068 4679 1307 4736 domini
1363 4679 1603 4736 domini
1667 4678 1958 4753 Gregorii
2013 4677 2239 4735 diuina
2288 4677 2694 4752 prouidencia
2743 4685 2910 4754 pape
2971 4676 3049 4732 X.
3114 4675 3389 4747 (decimi)

700 4803 850 4840 vera
898 4783 1070 4840 bulla
1105 4782 1400 4859 plumbea
1448 4793 1511 4840 et
1531 4785 1681 4859 filis
1739 4783 1960 4840 sericis
2004 4782 2266 4856 integris
2325 4783 2526 4838 crocei
2584 4780 2877 4857 rubeique
2934 4780 3161 4838 coloris
3203 4780 3395 4856 ipsius

697 4891 937 4948 domini
968 4899 1134 4968 pape
1177 4887 1576 4957 bullatarum,
1625 4908 1744 4946 non
1792 4889 2190 4956 metaturum,
2238 4905 2357 4944 non
2404 4885 2909 4953 cancellatarum,
2935 4903 3051 4941 nec
3078 4885 3145 4941 in
3178 4883 3389 4960 aliqua

697 4996 804 5052 sui
841 5003 1019 5066 parte
1079 5002 1528 5070 corruptarum,
1590 5003 1684 5051 set
1742 4995 1914 5051 omni
1973 4993 2135 5050 nicio
2181 4999 2242 5048 et
2280 4991 2618 5066 suspitione
2677 4989 3041 5048 carentium.
3114 4989 3392 5059 Quarum

700 5107 860 5156 tenor
901 5097 1049 5156 talis
1078 5106 1183 5155 est.
1235 5098 1493 5172 (Slijedi
1520 5098 1667 5155 bula
1699 5099 1784 5156 od
1809 5101 1905 5154 20.
1924 5097 2247 5174 februara
2280 5097 2351 5148 12
2362 5095 2479 5153 72.)
2525 5093 2886 5168 Roboracije
2931 5101 3157 5151 notura
3188 5111 3387 5150 nemu.
