3797 5795
1856 455 1943 465 —-
2004 418 2131 485 580
2206 458 2265 464 —

2002 712 2139 794 30.

709 850 909 915 1270.

711 1038 998 1125 Stjepan
1029 1037 1220 1124 kralj
1242 1038 1535 1127 ugarskz'
1557 1038 1594 1103 i
1614 1039 1935 1104 hrvalski
1958 1040 2359 1127 potvrdjuje
2404 1042 2971 1128 Frankapam‘ma
3012 1044 3413 1131 prtbilenga

1468 1153 1655 1217 dana
1701 1152 1797 1217 im
1844 1154 1935 1220 od
1978 1154 2155 1232 Bae,
2189 1175 2307 1218 oca
2351 1156 2657 1241 njegova.

885 1344 1246 1423 Stephanus
1305 1345 1407 1406 dei
1468 1348 1677 1427 gracia
1743 1346 2087 1428 Hungarie‚
2148 1346 2498 1420 Dalmacie‚
2560 1346 2841 1424 Croacie,
2908 1351 3127 1425 Rame,
3172 1351 3413 1425 Seruie,

713 1455 993 1529 Gallicie‚
1039 1456 1446 1531 Lodomerie,
1493 1456 1818 1533 Cumanie‚
1866 1459 2287 1542 Bulgarieque
2334 1481 2447 1522 rex
2498 1462 2801 1523 omnibus
2848 1460 3073 1527 Christi
3122 1462 3411 1525 fidelibus

710 1581 1038 1649 presentes
1082 1569 1320 1631 litteras
1365 1572 1738 1649 inspecturis
1783 1573 2052 1634 salutem
2104 1574 2165 1633 in
2212 1593 2293 1634 eo
2338 1576 2446 1655 qui
2492 1575 2745 1657 regibus
2791 1577 2901 1636 dat
2947 1576 3232 1637 salutem.
3302 1577 3413 1639 Ad

713 1683 1150 1743 vniuersorum
1197 1686 1500 1743 noticiam
1546 1693 1768 1745 tenore
1811 1688 2213 1763 presencium
2260 1686 2555 1747 volumus
2598 1690 2948 1767 peruenire,
2979 1690 3156 1769 quod
3202 1690 3411 1751 dilecti

711 1806 774 1855 et
821 1794 1042 1857 fideles
1103 1798 1299 1856 nostri
1347 1794 1719 1879 FridericuS,
1788 1796 2276 1859 Bartholomeus
2322 1810 2384 1859 et
2431 1797 2648 1862 Guido
2692 1802 2960 1861 comites
3006 1801 3087 1862 de
3136 1802 3413 1875 Modros

715 1909 796 1970 de
843 1909 1072 1989 Wegla
1119 1919 1182 1969 et
1228 1908 1311 1969 de
1360 1909 1694 1989 Wynodol
1761 1908 1845 1971 ad
1917 1921 2201 1971 nostram
2270 1914 2667 1990 presenciam
2736 1916 3065 1975 venientes
3126 1934 3243 1975 nos
3300 1915 3410 1976 hu-

713 2021 943 2083 militer
987 2034 1392 2104 rogauerunt,
1416 2034 1483 2083 ut
1532 2041 1650 2084 nos
1695 2022 2219 2085 confirmaremus
2265 2025 2507 2086 eisdem
2554 2037 2776 2087 nostro
2822 2028 3150 2110 priuilegio
3195 2032 3407 2090 omnia

715 2155 789 2196 ea
835 2154 961 2215 que
1006 2135 1306 2196 dominus
1351 2154 1467 2196 rex
1513 2134 1878 2197 karissimus
1938 2148 2118 2216 pater
2181 2147 2397 2199 noster
2441 2138 2683 2200 eisdem
2731 2159 2846 2201 suo
2891 2140 3411 2223 priuilegiocon-

619 2298 624 2303 .
717 2246 1013 2321 firmarat,
1060 2247 1238 2327 quod
1298 2248 1559 2327 quidem
1622 2250 2020 2331 priuilegium
2086 2249 2330 2311 domini
2400 2254 2562 2333 regis
2608 2250 2913 2314 karissimi
2963 2256 3157 2332 patris
3201 2258 3409 2328 nostri,

716 2360 1141 2422 exhibuerunt
1188 2360 1382 2422 iidem
1429 2364 1698 2423 comites
1746 2365 1807 2422 in
1854 2362 1976 2423 hec
2019 2363 2244 2424 verba:

892 2475 1154 2551 (Slijedi
1194 2474 1412 2533 listina
1457 2475 1666 2552 kralja
1711 2478 1862 2534 Bele
1906 2478 1993 2535 od
2021 2480 2167 2552 god.
2220 2482 2379 2538 1:251.
2433 2484 2483 2535 5.
2534 2479 2791 2556 aprila).

894 2586 1030 2647 Nos
1074 2598 1287 2648 autem
1335 2587 1741 2649 attendentes
1789 2587 2125 2650 fidelitates
2170 2599 2233 2650 et
2280 2592 2541 2651 seruicia
2587 2590 2939 2651 eorundem
2990 2595 3401 2657 comituumih

723 2718 848 2781 que
915 2700 1101 2761 nobis
1158 2712 1222 2761 et
1283 2701 1794 2781 progenitoribus
1863 2702 2093 2763 nostris
2160 2702 2247 2763 ob
2317 2705 2749 2764 reuerenciam
2820 2708 2990 2785 regie
3051 2708 3410 2783 mayestatis

724 2812 1148 2892 inpenderunt
1209 2825 1271 2874 et
1331 2814 1681 2894 inpendere
1743 2826 2043 2895 poterunt
2092 2818 2153 2875 in
2202 2816 2501 2889 futurum,
2548 2830 2810 2895 propter
2871 2836 2996 2896 que
3058 2820 3217 2880 sicut
3276 2840 3411 2899 pro-

723 2928 1042 3008 genitores
1102 2929 1298 2990 nostri
1345 2929 1434 2988 sic
1479 2939 1542 2989 et
1589 2947 1707 2990 nos
1751 2930 2041 2990 volentes
2107 2929 2346 2990 eisdem
2396 2949 2725 2992 occurrere
2770 2935 2946 3013 regio
2992 2951 3140 2993 cum
3187 2933 3413 3005 fauore,

725 3051 1013 3102 tenorem
1082 3041 1392 3123 priuilegii
1460 3041 1820 3120 supradicti,
1865 3044 2280 3103 consideratis
2349 3045 2631 3122 ipsorum
2680 3055 2743 3104 et
2790 3043 3101 3106 heredum
3165 3065 3411 3106 suorum

723 3155 999 3215 seruiciis
1043 3164 1251 3214 ratum
1318 3154 1626 3216 habentes
1671 3164 1735 3216 et
1780 3165 2135 3234 acceptum,
2196 3155 2279 3216 de
2338 3157 2535 3216 verbo
2582 3157 2665 3217 ad
2714 3158 2979 3219 verbum
3026 3159 3418 3237 presentibus

726 3269 908 3328 inseri
975 3266 1270 3328 faciendo
1332 3267 1634 3328 duximus
1700 3265 2231 3342 confirmandam,
2278 3269 2565 3330 volentes
2608 3273 2915 3348 premissa
2962 3273 3181 3332 omnia
3228 3273 3291 3332 in
3336 3275 3419 3350 ip-

727 3398 942 3441 sorum
968 3379 1021 3440 F
1024 3380 1340 3463 redrici(l)‚
1377 3380 1805 3442 Bartholomei
1839 3394 1905 3442 et
1936 3379 2251 3442 Guidonis
2283 3385 2637 3444 comituum
2670 3393 2735 3444 et
2758 3383 3067 3462 Johannis
3098 3383 3205 3444 filii
3238 3385 3421 3463 ipsius

729 3490 1043 3554 Guidonis
1088 3504 1150 3553 et
1198 3493 1505 3556 heredum
1551 3512 1812 3554 suorum
1859 3504 2180 3572 potestate
2238 3506 2547 3575 perpetua
2609 3496 2925 3556 duratura.
2996 3496 3067 3556 In
3116 3498 3297 3558 cuius
3340 3499 3421 3558 rei

731 3609 1108 3667 memoriam
1169 3617 1230 3666 et
1291 3617 1666 3685 perpetuam
1729 3607 2095 3668 firmitatem
2157 3618 2485 3686 presentes
2549 3609 2791 3670 eisdem
2855 3621 2919 3670 et
2982 3629 3097 3689 per
3142 3630 3259 3671 eos
3304 3613 3425 3672 suis

731 3718 1071 3780 heredibus
1129 3718 1568 3799 heredumque
1627 3722 2099 3781 successoribus
2158 3723 2592 3782 concessimus
2653 3722 2889 3784 litteras
2934 3723 3208 3802 duplicis
3250 3724 3425 3806 sigilli

733 3834 927 3892 nostri
992 3834 1341 3893 munimine
1401 3832 1749 3892 roboratas
1810 3831 2054 3894 Datum
2098 3853 2213 3913 per
2258 3852 2487 3895 manus
2548 3837 2827 3917 magistri
2891 3835 3223 3896 Benedicti
3270 3835 3428 3898 Oro-

734 3943 968 4006 diensis
1025 3947 1326 4024 prepositi
1373 3945 1516 4006 aule
1581 3957 1795 4007 nostre
1840 3947 2335 4008 vicecancellarii
2381 3947 2593 4008 dilecti
2640 3958 2704 4010 et
2752 3946 2952 4010 fidelis
3000 3950 3219 4019 nostri,
3264 3967 3431 4009 anno

733 4058 817 4119 ab
863 4060 1307 4119 incarnacione
1353 4057 1598 4118 domini
1646 4056 1913 4122 M⁰CC⁰
1932 4058 2182 4132 LXX⁰.,
2229 4062 2404 4140 regni
2452 4064 2649 4121 nostri
2696 4079 2868 4122 anno
2913 4063 3142 4141 primo.

909 4277 975 4334 [ε
1024 4278 1390 4353 potvrdm'ce
1448 4276 1657 4352 kralja
1727 4278 2073 4335 Ladzlrlava
2132 4281 2219 4336 od
2248 4298 2316 4352 g.
2358 4281 2533 4337 1279.
2574 4281 2935 4356 potvrdjene
2985 4289 3067 4356 po
3128 4280 3335 4337 Karlu
3370 4301 3430 4353 g.

735 4381 910 4434 1322.
957 4380 985 4436 i
1024 4382 1200 4436 1323.
1247 4413 1332 4422 —
1388 4380 1686 4455 Omginal
1733 4383 1981 4462 potonje
2040 4377 2254 4440 lis-tine
2300 4383 2415 4456 (od
2441 4385 2589 4458 god.
2652 4385 2829 4442 1323.
2886 4387 2936 4440 7.
2990 4383 3347 4446 novembraf
3396 4404 3433 4438 u

657 4496 661 4501 ’
734 4483 826 4540 kr.
876 4503 974 4558 ug.
1024 4486 1148 4541 dri.
1199 4483 1422 4543 arkivu
1469 4505 1510 4543 u
1555 4486 1947 4562 Badimpesti
1972 4486 2061 4543 M.
2107 4486 2177 4546 0.
2212 4487 2295 4544 D.
2328 4486 2400 4544 L.
2436 4507 2533 4545 no.
2579 4490 2819 4548 33.509.
2866 4488 3060 4546 Stara
3105 4489 3433 4564 signatura

737 4587 820 4644 JV.
871 4589 944 4645 R.
994 4587 1068 4646 A.
1099 4591 1277 4665 fasc,
1332 4591 1473 4645 370.
1524 4609 1620 4648 no.
1667 4592 1765 4646 34.

909 4693 1100 4767 Fcy'e'r
1149 4692 1290 4750 Cod.
1355 4693 1503 4769 dipl.
1563 4694 1778 4767 Hung.
1836 4695 1898 4754 V.
1941 4694 2059 4754 vol.
2104 4699 2180 4767 1.‚
2228 4698 2327 4754 52.
2372 4726 2458 4738 —-
2504 4695 2879 4772 Kukuljevic'
2918 4697 3073 4770 Reg.
3119 4716 3217 4755 no.
3267 4701 3432 4752 1025.
