3797 5795
1500 468 1585 478 —
1643 433 1769 497 411
1850 468 1922 478 —-

1610 727 1801 807 883.

355 834 559 899 1266.

736 1021 1056 1106 Svjedoc‘i
1092 1043 1163 1085 se
1207 1045 1244 1085 0
1290 1023 1469 1085 daru
1516 1022 1740 1106 kralja
1788 1022 1956 1084 Bele
1999 1019 2338 1084 sz'novt‘ma
2396 1021 2460 1082 T
2451 1021 2684 1084 akaba.

556 1213 790 1278 Coram
860 1215 1104 1295 Jacobo
1179 1217 1414 1275 comite
1491 1212 1786 1278 Crisiensi
1865 1233 1984 1293 pro
2059 1213 2353 1274 tribunali
2429 1213 2693 1274 sedente
2769 1215 3078 1295 magister

358 1326 689 1406 Joliannes
752 1325 913 1388 filius
969 1327 1274 1408 Johannis
1334 1327 1665 1407 quoddam
1731 1327 2127 1408 privilegium
2193 1326 2435 1387 domini
2485 1326 2635 1388 Bele
2697 1326 2797 1386 dei
2859 1327 3070 1408 gracia

370 1440 706 1519 quondam
778 1441 1027 1501 illustris
1098 1441 1261 1521 regis
1330 1441 1669 1522 Hungarie
1737 1441 1980 1519 optime
2047 1438 2532 1512 recordacionis⁹
2592 1458 2764 1499 anno
2827 1439 3072 1499 domini

366 1551 570 1616 MCC.
636 1555 1038 1635 sexagesimo
1098 1564 1285 1614 sexto
1345 1564 1715 1614 emanatum
1766 1552 2243 1626 demonstravit,
2299 1555 2364 1612 in
2412 1571 2541 1630 quo
2605 1552 3076 1624 continebatur,

368 1666 546 1744 quod
593 1666 763 1726 idem
818 1666 1118 1727 dominus
1180 1665 1331 1726 Bela
1380 1685 1496 1726 rex
1542 1665 1869 1746 quandam
1932 1675 2165 1725 terram
2227 1662 2498 1726 filiorum
2559 1663 2824 1726 Takach
2885 1665 3068 1725 castri

368 1781 464 1839 sui
509 1775 833 1840 Crisiensis
878 1779 962 1840 ad
1008 1791 1281 1859 quatuor
1336 1759 1551 1840 'aratra
1614 1777 2038 1838 sufficientem
2099 1796 2246 1838 cum
2311 1777 2610 1838 omnibus
2671 1779 2798 1838 suis
2843 1776 3072 1838 utilita-

369 1891 539 1953 tibus
607 1903 669 1952 et
737 1893 1138 1972 pertinenciis
1207 1892 1511 1952 universis
1578 1892 1696 1952 sub
1767 1892 1952 1951 metis
2024 1893 2084 1950 in
2156 1890 2386 1950 eodem
2457 1889 2783 1971 privilegio
2842 1889 3073 1950 habitis

371 2008 585 2066 comiti
628 2004 815 2085 Junk‚
875 2004 1004 2066 filio
1053 2005 1233 2066 Isaak
1278 2017 1341 2066 et
1390 2006 1577 2066 Petro
1626 2004 1754 2066 filio
1795 2004 1974 2084 Jaxa‚
2035 2002 2164 2064 filio
2211 2003 2414 2063 fratris
2479 2003 2764 2062 eiusdem
2821 2003 3074 2063 comitis

364 2117 553 2198 Junk‚
586 2121 715 2178 avis
745 2121 1025 2198 ipsorum
1073 2138 1190 2198 pro
1235 2138 1453 2179 eorum
1490 2118 1784 2179 fidelibus
1831 2119 2104 2178 serviciis
2135 2127 2200 2176 et
2231 2116 2582 2195 specialiter
2611 2135 2729 2194 pro
2763 2112 3075 2175 effusione

371 2233 692 2313 sanguinis
752 2232 1035 2292 eiusdem
1097 2234 1346 2292 comitis
1400 2230 1571 2311 Junk
1617 2241 1681 2291 et
1726 2231 2090 2309 captivitate
2154 2248 2266 2289 sua
2331 2231 2391 2288 in
2455 2227 2664 2306 Styria
2713 2228 2945 2301 habita,
2991 2246 3066 2287 ac

370 2355 577 2405 morte
625 2347 816 2424 ipsius
856 2344 1014 2424 Jaxa
1046 2347 1241 2423 patris
1285 2344 1570 2404 eiusdem
1623 2343 1801 2416 Petri,
1849 2362 2045 2421 quam
2092 2343 2156 2402 in
2203 2341 2503 2402 conflictu
2549 2361 2664 2402 suo
2712 2360 2859 2401 cum
2907 2340 3075 2400 duce

368 2455 627 2518 Austrie
687 2457 906 2517 habito
968 2459 1275 2532 sustinuit,
1324 2460 1386 2518 in
1433 2457 1595 2518 filios
1642 2456 1914 2516 filiorum
1963 2474 2224 2516 suorum
2295 2466 2606 2533 perpetuo
2669 2454 2948 2515 dedisset
3007 2465 3073 2514 et

369 2570 673 2630 donasset
721 2570 1159 2648 optinendam,
1206 2569 1571 2644 tenendam,
1618 2571 1850 2648 pariter
1898 2578 1962 2628 et
2007 2567 2376 2629 habendam
2425 2616 2436 2626 .
2487 2617 2496 2627 .
2546 2616 2556 2626 .

532 2745 611 2816 ‚lz
656 2747 865 2802 lali-tine
910 2747 995 2802 od
1024 2765 1086 2819 g.
1140 2747 1310 2800 1348.
1360 2765 1399 2802 u
1445 2745 1667 2802 arkivu
1698 2746 1932 2820 jugosl.
1983 2743 2334 2818 akaa'emije
2379 2743 2546 2819 Dipl.
2601 2747 2770 2798 1348.

1628 3053 1823 3134 884t

372 3179 573 3243 1266.

378 3366 697 3451 Kraljt'ca
766 3364 1038 3451 Marisa
1113 3364 1356 3428 dariva
1431 3372 1703 3449 {upana
1780 3363 1977 3427 Miki
2039 3365 2131 3427 od
2189 3364 2498 3448 plemena
2573 3364 3075 3447 Huntpazmcm

718 3480 989 3565 posjede
1040 3478 1375 3542 Crkvem'k
1422 3477 1455 3539 ι’
1493 3475 1898 3540 Καιίουαηίέ
1947 3498 1994 3539 u
2041 3475 2362 3561 iupamjz'
2399 3476 2719 3561 poses‘koj.

554 3671 755 3733 Maria
825 3670 924 3730 dei
986 3673 1195 3751 gracia
1259 3672 1475 3750 regina
1540 3670 1867 3751 Hungarie
1930 3670 2228 3729 omnibus
2294 3667 2518 3732 Christi
2581 3667 2874 3728 fidelibus
2942 3678 3074 3727 tarn

372 3785 774 3865 presentibus
852 3803 1045 3863 quam
1121 3784 1343 3843 futuris
1426 3784 1826 3861 presencium
1903 3783 2207 3843 noticiam
2288 3782 2592 3842 habituris
2666 3780 2934 3841 salutem
3012 3782 3074 3840 in

375 3901 665 3958 omnium
727 3898 1059 3958 saluatore.
1122 3896 1376 3976 Regalis
1436 3895 1847 3974 prouidencie
1912 3897 2188 3969 interest,
2251 3906 2318 3955 ut
2387 3895 2778 3976 singulorum
2850 3895 3074 3953 merita

375 4012 716 4090 prospiciat
762 4020 825 4070 et
870 4018 1225 4089 prospecta,
1274 4008 1429 4068 dum
1477 4009 1739 4068 emerita
1801 4010 2149 4087 reppererit
2195 4010 2365 4089 regie
2413 4006 2852 4067 munificencic
2898 4005 3079 4067 fauo-

379 4126 552 4184 ribus
610 4136 1045 4202 prosequatur,
1113 4132 1181 4182 ut
1244 4121 1399 4182 dum
1470 4140 1665 4199 opera
1733 4119 2053 4181 fidelitatis
2129 4120 2546 4180 attenduntur
2606 4130 2668 4178 et
2737 4117 3077 4198 condignis

380 4234 834 4298 munificenciis
894 4235 1257 4309 efferuntur,
1332 4234 1430 4294 alii
1494 4233 1854 4294 huiusmodi
1920 4233 2223 4311 exemplo
2295 4234 2540 4293 accensi
2609 4231 2691 4291 ad
2757 4229 3078 4291 fidelitatis

378 4351 683 4425 obsequia
759 4348 999 4409 facilius
1073 4347 1466 4408 inclinentur.
1536 4344 1643 4407 Ad
1717 4347 2160 4406 vniuersorum
2239 4347 2538 4405 noticiam
2615 4343 2838 4403 harum
2915 4345 3076 4403 serie

378 4464 674 4525 uolumus
719 4464 1067 4543 peruenire,
1132 4460 1309 4540 quod
1371 4478 1517 4520 cum
1581 4457 1851 4519 Michael
1915 4477 2134 4518 comes
2195 4458 2357 4519 filius
2416 4455 2666 4518 Alberti
2713 4456 2795 4515 de
2841 4474 3076 4537 genere

381 4577 810 4656 Huntpaznan
880 4578 942 4636 in
1004 4575 1253 4656 magnis
1298 4573 1509 4633 arduis
1570 4582 1633 4632 et
1690 4572 1988 4653 grauibus
2035 4570 2562 4650 expedicionibus
2609 4586 2805 4649 regno
2854 4580 3073 4628 nostro

378 4690 833 4750 inminentibus
879 4688 1141 4749 diuersis
1187 4687 1438 4747 fortune
1484 4686 1733 4745 casibus
1798 4683 2110 4763 intrepide
2157 4704 2223 4743 se
2270 4685 2680 4743 committens
2727 4681 2808 4741 ad
2857 4684 3073 4741 omnia

381 4804 556 4883 regni
605 4804 799 4863 nostri
843 4804 1110 4882 negocia
1154 4818 1457 4879 prospera
1504 4809 1567 4859 et
1613 4798 1879 4859 aduersa
1923 4816 1990 4857 se
2022 4798 2387 4875 exposuerit
2439 4793 3078 4873 inreprehensibiliter

380 4927 443 4976 ct
489 4918 624 4975 sine
670 4928 825 4975 nota
870 4914 1129 4975 alicuius
1174 4913 1645 4994 redargucionis
1691 4930 1944 4989 semper
1989 4928 2056 4969 se
2103 4912 2364 4989 gesserit
2411 4911 2469 4967 in
2519 4907 2762 4968 eisdem
2810 4917 2873 4968 et
2919 4906 3074 4967 fide-

382 5030 623 5089 litatem
670 5028 1080 5088 fidelitatibus
1124 5027 1517 5098 continuans,
1566 5028 1861 5084 uirtutem
1910 5024 2244 5084 uirtutibus
2291 5022 2580 5093 inserens,
2621 5040 2738 5099 pro
2771 5018 3076 5080 fidelitate

382 5142 651 5201 domino
698 5152 921 5201 nostro
966 5142 1115 5219 regi,
1164 5138 1348 5198 nobis
1394 5150 1455 5197 et
1502 5156 1739 5197 corone
1785 5136 2021 5209 debita,
2067 5146 2134 5195 ut
2182 5135 2264 5195 de
2309 5136 2444 5195 aliis
2489 5136 2622 5195 eius
2668 5132 3083 5194 fidelitatibus
