3797 5795
1580 390 1984 453 -617—

452 804 634 868 1271.
679 804 736 870 U
782 804 1024 887 Senju.
1716 685 1824 761 64

453 994 769 1057 Belzant'n
819 995 1165 1077 Sens'am'n
1209 996 1490 1080 predaje
1538 1002 1928 1058 manasltru
1977 996 2378 1080 lopuskomu
2427 1018 2552 1058 one
2599 998 2764 1059 kuc‘e
2805 1019 2850 1059 u
2887 998 3126 1080 Sensus

556 1107 693 1191 koje
736 1130 817 1170 su
866 1109 1144 1191 spadale
1191 1131 1237 1171 u
1284 1108 1690 1171 vlccslm's‘lvo
1744 1109 1946 1171 Petra
1992 1108 2444 1193 arct'cljakona
2491 1110 3000 1195 zagrebad‘koga.

609 1298 737 1359 Nos
778 1300 1053 1379 Jacobus
1101 1304 1541 1379 vicepotestas,
1572 1302 1959 1381 iudicesque,
1990 1302 2343 1373 consiliarii,
2391 1313 2657 1380 totaque
2698 1304 3129 1363 communitas

444 1408 849 1474 Scenniensis.
926 1411 1375 1495 Significamus
1444 1416 1673 1493 quibus
1748 1415 2014 1493 expedit
2084 1416 2402 1482 universis,
2473 1414 2650 1492 quod
2719 1434 2867 1475 eum
2937 1416 3130 1475 frater

446 1520 746 1586 Henricus
780 1527 1133 1587 monachus
1162 1526 1578 1606 Toplicensis‚
1619 1528 1856 1588 electus
1903 1527 2187 1587 eiusdem
2223 1529 2506 1599 civitatis
2538 1530 2602 1586 in
2633 1528 2838 1607 ipsam
2873 1531 3130 1588 veniens

442 1637 767 1708 civitatem,
833 1643 970 1701 vice
1032 1654 1095 1699 et
1156 1644 1417 1700 nomine
1479 1642 1721 1701 domini
1787 1640 2038 1701 abbatis
2099 1641 2180 1700 de
2241 1640 2298 1701 T
2302 1640 2508 1719 oplica
2577 1641 2785 1701 literas
2848 1642 3124 1723 magistri

449 1748 598 1810 Petri
660 1753 1111 1832 archidyaconi
1175 1754 1612 1835 Zagrabiensis
1674 1764 2100 1833 presentasset
2155 1755 2585 1814 continentes:
2656 1754 2834 1833 quod
2895 1752 3128 1813 domus

442 1882 576 1924 suas
620 1884 779 1943 quas
824 1867 1123 1927 dominus
1170 1866 1542 1927 Belzaninus
1587 1870 1648 1926 in
1698 1868 2063 1945 supradicta
2108 1869 2358 1927 civitate
2405 1867 2488 1926 ab
2535 1868 2765 1927 eodem
2818 1869 3122 1947 magistro

444 1976 615 2037 Petro
660 1979 920 2038 tenebat
967 1990 1029 2039 et
1076 1979 1445 2057 possidebat
1492 1999 1639 2040 cum
1688 1980 1990 2039 omnibus
2038 1980 2408 2040 utilitatibus
2455 1982 2582 2039 suis
2629 1992 2690 2039 et
2725 1980 3126 2057 pertinenciis

439 2089 515 2148 ad
560 2109 786 2151 manus
831 2092 1092 2169 predicti
1143 2092 1385 2152 domini
1435 2092 1699 2165 abbatis·‚
1748 2094 1844 2153 vel
1892 2096 2086 2171 ipsius
2119 2092 2394 2153 hominis
2425 2093 2504 2152 ad
2541 2092 2663 2152 hoc
2696 2111 2808 2171 per
2843 2090 3123 2152 eundem

439 2200 707 2280 deputati
759 2204 1021 2265 deberet
1067 2208 1401 2286 assignare.
1466 2204 1591 2284 Qui
1642 2207 1904 2286 quidem
1953 2206 2326 2267 Belzaninus
2371 2205 2456 2266 ad
2519 2216 2800 2266 nostram
2864 2206 3124 2264 veniens

440 2318 819 2389 presenciam
868 2318 1074 2378 claves
1121 2318 1549 2397 predictarum
1597 2319 1940 2379 domorum
1982 2318 2064 2379 ad
2099 2337 2326 2379 manus
2373 2320 2564 2398 ipsius
2611 2318 2816 2378 fratris
2863 2316 3121 2377 Henrici

436 2430 829 2509 porrigend0‚
890 2433 1057 2509 ipsas
1119 2430 1352 2491 domos
1398 2435 1532 2491 sine
1578 2432 1787 2511 aliqua
1837 2432 2352 2492 contradiccione
2414 2432 2756 2513 assignavit
2801 2440 2865 2491 et
2911 2432 3120 2509 ipsum

435 2537 675 2602 fratrem
727 2542 1077 2604 Henricum
1127 2563 1343 2605 coram
1392 2544 1865 2623 archidyacono
1913 2556 1976 2605 et
2023 2556 2163 2605 toto
2210 2544 2509 2623 capitu10,
2555 2562 2628 2603 ac
2676 2542 2862 2602 nobis
2893 2546 2953 2601 in
2988 2561 3124 2602 cor-

438 2654 707 2729 poralem
783 2660 1255 2735 possessionem
1325 2660 1605 2736 ipsarum
1676 2658 2019 2717 domorum
2097 2658 2468 2729 introduxit,
2544 2666 2829 2716 statuens
2903 2672 3120 2715 coram

439 2766 611 2825 nobis
656 2768 977 2829 debitores
1023 2790 1139 2849 pro
1187 2773 1402 2849 precio
1452 2772 1724 2849 ipsarum
1777 2770 2120 2831 domorum
2171 2783 2231 2830 et
2281 2788 2430 2830 cum
2478 2780 2732 2846 tempus
2779 2767 3123 2827 solucionis

434 2878 763 2957 adveniret,
823 2884 1032 2945 eide'm
1094 2883 1361 2945 domino
1424 2885 1638 2945 abbati
1692 2884 1787 2944 vel
1836 2885 2008 2945 fratri
2081 2883 2362 2944 Henrico
2433 2882 2680 2943 solvere
2750 2890 3119 2942 tenerentur

434 3012 546 3070 pro
590 2995 883 3057 domibus
928 2998 1304 3077 supradictis
1350 3001 1479 3058 sive
1524 2998 1707 3059 alicui
1757 2997 1955 3069 alteri,
2000 3000 2098 3057 cui
2149 2997 2447 3056 dominus
2479 2996 2682 3055 abbas
2720 2993 3120 3072 deputaverit

431 3106 526 3165 vel
571 3107 929 3171 decreverit.
978 3111 1047 3170 In
1095 3113 1273 3172 cuius
1319 3113 1405 3171 rei
1454 3113 1895 3171 testimonium
1943 3121 2004 3170 et
2039 3109 2437 3170 evideneiam
2484 3107 2865 3186 ampliorem
2911 3106 3126 3166 literas

436 3229 679 3281 nostras
721 3227 1153 3284 concessimus
1184 3224 1361 3306 sigilli
1399 3227 1594 3283 nostri
1630 3226 1984 3284 munimine
2016 3225 2363 3283 roboratas.
2413 3219 2650 3302 Nam(!)
2698 3222 2975 3280 virorum
3021 3235 3117 3276 sa-

428 3332 714 3408 pientum
762 3337 1041 3398 decrevit
1087 3338 1411 3412 industria,
1458 3349 1527 3397 ut
1576 3337 1869 3416 quitquid
1919 3338 1981 3396 in
2028 3339 2304 3415 presenti
2337 3337 2590 3416 geritur,
2637 3333 2960 3394 vivacibus
3006 3331 3130 3391 ele-

426 3454 788 3508 mentorum
838 3449 1081 3510 indiciis
1127 3453 1189 3510 in
1235 3461 1566 3530 posterum
1612 3451 2041 3510 transferatur.
2089 3447 2332 3510 Datum
2380 3459 2442 3509 et
2474 3459 2690 3509 actum
2725 3449 2786 3507 in
2836 3445 3131 3516 Scennia‚

421 3566 579 3615 ante
625 3562 955 3622 ecclesiam
1003 3565 1204 3623 sancti
1245 3563 1553 3644 Johannis
1586 3564 1877 3642 baptiste.
1929 3563 2124 3625 Anno
2157 3563 2398 3624 domini
2437 3559 2620 3625 MCC
2652 3559 3126 3640 septuagesimo

422 3687 652 3746 primo.

599 3863 889 3940 privileg.
938 3878 1266 3926 monaster.
1315 3871 1385 3924 B.
1453 3871 1514 3928 V.
1564 3871 1817 3927 Mariae
1864 3872 1942 3927 cle
1995 3869 2238 3946 Toplica
2287 3889 2379 3926 no.
2432 3868 2659 3926 LXXJ.

608 3968 857 4028 Tkalc'id
894 3973 1165 4030 lisanum.
1216 3974 1395 4050 episc.
1443 3975 1625 4049 Zagr.
1673 3975 1722 4033 I.
1774 3978 1908 4032 160.
1959 4007 2036 4016 -
2103 3974 2344 4031 lVenzel
2392 3972 2534 4030 Cod.
2584 3972 2735 4048 dipl.
2782 3969 2926 4047 Arp.
2973 3979 3126 4027 cont.

426 4069 572 4126 XII.
620 4078 840 4132 45-6.
886 4109 970 4118 —
1018 4075 1087 4133 K
1080 4077 1393 4153 ukuljevic'
1436 4081 1583 4154 Reg.
1633 4101 1726 4137 n0.
1780 4083 1940 4137 1051.

1706 4371 1838 4449 65.

420 4467 615 4542 1272,
664 4477 725 4539 7.
767 4472 1112 4556 januam.

436 4657 692 4744 Ugovor
764 4663 1062 4748 izmedju
1134 4663 1415 4750 ngepka
1486 4665 1696 4727 ,ἐπεκα
1764 4663 2186 4750 cetz‘nylrleoga
2251 4667 2283 4728 ι’
2327 4666 2636 4752 gradova
2710 4651 3038 4728 Sibenz'ka
3101 4663 3133 4725 ι’

1622 4779 1688 4841 T
1677 4777 1929 4864 rogim.

592 4968 827 5033 Comes
892 4971 1211 5051 Stepicius
1277 4973 1358 5033 de
1428 4969 1681 5035 Cettina
1750 4982 1812 5032 et
1880 4976 1972 5034 sui
2043 4977 2500 5056 consanguinei
2577 4974 2879 5038 Vulcetta
2953 4971 3118 5034 filius

426 5083 759 5146 Predislavi
825 5095 890 5147 et
952 5084 1350 5148 Predislavus
1410 5085 1573 5147 filius
1636 5085 1986 5166 Qualimeri
2049 5086 2133 5148 de
2197 5085 2447 5151 Cettina
2513 5109 2596 5150 ex
2651 5107 2778 5150 una
2841 5101 3020 5172 parte
3061 5099 3130 5152 et
