3797 5795
1788 371 2200 437 -500-

638 582 863 626 eorum
906 565 1167 625 comuni
1211 564 1430 625 animo
1459 573 1523 625 et
1558 563 1891 625 uoluntate
1921 564 2048 625 tale
2092 566 2253 625 inter
2297 564 2469 641 ipsos
2515 564 2932 626 concordium
2977 567 3344 628 interuenit.

639 676 936 739 Promisit
978 678 1038 737 ei
1084 686 1149 737 et
1192 677 1499 738 conuenit
1559 676 1765 737 dictus
1824 674 2159 739 Stanicha:
2223 676 2500 756 prefatas
2567 676 2771 739 scalas
2817 686 2881 737 et
2923 676 3218 757 placeam
3263 678 3352 741 de

640 808 816 851 nouo
861 807 977 851 seu
1020 808 1224 851 nouas
1270 787 1548 851 totaliter
1593 789 1803 851 facere
1848 788 2122 851 uoltatas
2166 789 2294 851 suis
2339 791 2585 851 cunctis
2629 789 2971 865 laboribus
3015 791 3354 871 stipendiis

638 915 704 964 et
748 904 1048 982 expensis
1093 912 1159 963 et
1201 912 1551 981 postquam
1596 902 1762 963 facte
1808 902 2057 978 suerint,
2095 912 2230 963 tam
2275 904 2410 981 ipse
2453 902 2625 963 scale
2660 912 2724 963 et
2754 902 2976 982 placca
3019 922 3351 984 quamque

638 1018 843 1077 eciam
887 1015 1083 1089 uolta,
1113 1034 1241 1095 que
1282 1015 1403 1077 sub
1434 1016 1525 1076 eis
1554 1015 1785 1077 fuerint
1829 1032 2155 1089 comunes,
2199 1016 2324 1075 sint
2368 1017 2654 1093 ipsorum
2688 1014 2992 1079 Staniche
3022 1026 3086 1079 et
3125 1015 3350 1091 Stane,

636 1128 934 1191 uidelicet
993 1128 1327 1190 cuiuslibet
1386 1147 1610 1190 eorum
1674 1127 2001 1202 medietaS,
2057 1147 2174 1207 per
2235 1146 2394 1206 quas
2453 1146 2611 1189 uero
2671 1128 2876 1191 scalas
2935 1138 3000 1191 et
3041 1129 3344 1209 placeam

634 1241 827 1302 ambe
870 1244 1007 1321 ipse
1052 1242 1287 1303 domus
1344 1240 1646 1303 Staniche
1689 1250 1753 1301 et
1799 1239 1998 1303 Stane
2059 1241 2256 1303 libere
2300 1250 2366 1301 et
2409 1243 2624 1321 quiete
2667 1243 2732 1302 in
2777 1252 3159 1321 perpetuum
3205 1261 3341 1303 una

634 1358 795 1419 sicut
840 1356 1036 1417 altera
1080 1356 1323 1417 aditum
1370 1355 1606 1417 habere
1637 1356 1871 1417 debeat
1901 1357 2038 1417 sine
2067 1356 2280 1436 aliqua
2325 1357 2582 1417 alterius
2627 1354 2922 1417 molestia
2951 1355 3054 1417 uel
3083 1364 3346 1417 contra-

637 1469 941 1530 diccione.
989 1468 1231 1531 Actum
1260 1480 1411 1529 ante
1456 1467 1726 1530 domum
1758 1468 1929 1529 dicte
1959 1466 2178 1544 Stane,
2209 1468 2614 1548 presentibus
2643 1467 2939 1547 dompno
2971 1468 3344 1541 Leonard0,

630 1582 829 1663 Jancii
888 1585 1203 1644 canonico
1262 1580 1639 1660 Spalatensi‚
1700 1582 1986 1643 Petrosio
2047 1580 2130 1643 de
2195 1579 2384 1663 Cega,
2448 1580 2775 1643 Damiano
2835 1580 2918 1642 de
2977 1580 3348 1658 Kasaricce,

636 1694 1048 1775 Lampredi0‚
1092 1694 1359 1756 testibus
1404 1704 1469 1755 et
1513 1694 1689 1756 alliis,

810 1810 1056 1885 (Drugz'
1097 1808 1394 1886 rukopis).

806 1920 847 2003 †
890 1921 1034 2003 Ego
1078 1921 1383 1982 Nicolaus
1420 1920 1645 2001 Jacobi
1690 1923 1985 1983 conscius
2031 1921 2421 1983 examinaui.

804 2033 947 2116 Ego
992 2035 1293 2115 magister
1336 2033 1710 2095 Franciscus
1756 2031 2208 2095 Anconitanus
2273 2033 2581 2113 imperiali
2625 2035 3002 2096 auctoritate
3047 2035 3342 2095 notarius

631 2160 695 2209 et
742 2166 914 2208 nunc
980 2158 1195 2208 autem
1264 2148 1533 2207 ciuitatis
1597 2146 1907 2228 Tragurii,
1974 2146 2091 2207 hiis
2161 2146 2464 2207 omnibus
2509 2146 2761 2208 interfui
2806 2156 2870 2207 et
2915 2166 2952 2206 a
2996 2144 3348 2225 sepedictis

629 2259 935 2324 Stanicha
978 2270 1043 2321 et
1087 2258 1288 2322 Stana
1329 2270 1606 2341 rogatuS,
1650 2279 1873 2321 eorum
1921 2260 2259 2321 uoluntate
2303 2261 2523 2339 scripsi
2569 2269 2633 2320 et
2679 2260 2992 2321 roboraui.

808 2372 1133 2449 (AMonogr.
1180 2372 1415 2449 notar.)

816 2564 1112 2641 Ortjginal
1150 2584 1192 2623 u
1236 2564 1461 2623 arkivu
1504 2564 1753 2641 kaptola
1798 2584 1840 2623 u
1895 2566 2159 2640 Trogiru
2205 2585 2264 2623 a.
2313 2568 2489 2623 1269.
2539 2585 2634 2623 ne.
2687 2568 2774 2624 21.

1890 2872 2084 2954 967.

631 3009 833 3090 1269,
877 3007 987 3074 20.
1034 3006 1480 3092 septembre·

732 3197 918 3260 Pred
958 3197 1295 3281 kaptolom
1340 3194 1791 3282 zagrebad'kz'm
1838 3195 1990 3259 bt'va
2033 3195 2324 3279 prodaja
2368 3194 2600 3280 zemlje
2635 3195 2784 3279 pod
2823 3193 3226 3260 Kalnikom.

802 3387 1167 3468 Capitulum
1213 3387 1649 3471 Zagrabiensis
1679 3388 1945 3450 ecclesie
1976 3387 2276 3449 omnibus
2310 3405 2572 3466 presens
2601 3389 2910 3467 scriptum
2953 3389 3334 3468 inspecturis

626 3503 899 3564 salutem
943 3505 1009 3563 in
1056 3501 1340 3565 domino.
1388 3500 1499 3564 Ad
1544 3504 1980 3564 vniuersorum
2031 3502 2334 3562 noticiam
2379 3500 2606 3562 harum
2650 3503 2811 3562 serie
2856 3501 3154 3563 uolumus
3187 3521 3336 3581 per-

624 3619 860 3689 uenire,
888 3615 1069 3696 quod
1098 3617 1423 3678 constituti
1456 3624 1603 3676 sunt
1636 3611 1769 3698 (ad)
1804 3623 2090 3674 nostram
2123 3615 2522 3692 presenciam
2559 3614 2644 3676 ab
2685 3632 2815 3676 una
2851 3625 3032 3694 parte
3059 3613 3188 3676 filio
3213 3613 3338 3676 Be-

622 3745 857 3807 ruwey,
880 3727 1069 3808 Jacus
1113 3727 1349 3788 scilicet
1379 3737 1441 3788 et
1474 3729 1954 3810 consanguineo
1973 3723 2038 3808 (Ι)
2085 3744 2204 3788 suo
2233 3725 2457 3788 Draxa
2487 3726 2617 3788 filio
2652 3725 2853 3788 Woik
2881 3727 3334 3810 iobagionibus

622 3843 813 3902 castri
844 3839 1171 3905 Crisiensis
1200 3851 1263 3902 et
1292 3841 1379 3901 ab
1409 3840 1605 3903 altera
1636 3841 1889 3903 Bothou
1939 3842 2256 3902 seruiente
2283 3837 2550 3902 Andree
2579 3843 2834 3902 comitis
2864 3839 2947 3902 de
2978 3839 3187 3916 Noak‚
3219 3839 3330 3902 filii

620 3948 681 4011 N
686 3953 872 4015 icolai
916 3955 1067 4016 bani
1113 3954 1246 4015 iure
1276 3963 1339 4015 et
1370 3957 1633 4016 nomine
1662 3953 1910 4016 domini
1939 3955 2052 4027 sui,
2093 3953 2266 4016 idem
2292 3953 2498 4034 Jacus,
2542 3953 2996 4016 consenciente
3035 3953 3332 4033 predicto

619 4069 1060 4149 consangineo
1116 4085 1253 4140 su0,
1312 4069 1567 4128 uineam
1610 4086 1797 4128 suam
1840 4069 2260 4128 constitutam
2303 4068 2368 4127 in
2412 4076 2580 4127 terra
2623 4065 2930 4140 Kemluk‚
2971 4066 3328 4130 habentem

617 4178 683 4236 in
714 4179 979 4241 circuitu
1010 4179 1229 4240 uineas
1254 4177 1517 4241 Andree
1545 4181 1815 4255 comitis,
1836 4179 2165 4242 consessus
2193 4191 2308 4254 est,
2337 4198 2407 4240 se
2437 4178 2802 4240 uendidisse
2834 4179 3048 4242 eidem
3061 4177 3332 4242 Andree

618 4293 841 4352 comiti
872 4302 939 4354 et
968 4309 1082 4370 per
1112 4311 1263 4352 eum
1292 4295 1421 4354 suis
1452 4291 1790 4354 heredibus
1834 4292 2278 4373 heredumque
2320 4293 2792 4355 successoribus
2836 4295 2970 4354 iure
3011 4304 3330 4372 perpetuo

618 4404 1081 4481 possidendam
1111 4424 1231 4484 pro
1260 4407 1484 4488 uiginti
1512 4419 1763 4484 septem
1792 4408 2008 4484 pensis
2038 4404 2450 4468 denariorum
2479 4405 3018 4488 Zagrabiensimn,
3048 4424 3327 4484 quorum

620 4515 867 4597 singule
926 4520 1209 4598 quinque
1266 4537 1467 4597 pense
1528 4535 1813 4582 marcam
1872 4527 2027 4578 tunc
2095 4519 2406 4597 temporis
2450 4518 2790 4592 faciebant,
2833 4535 2994 4598 quas
3037 4537 3108 4580 se
3153 4517 3330 4580 idem

610 4627 805 4711 Jacus
870 4631 1032 4693 dixit
1096 4631 1380 4711 plenarie
1430 4633 1761 4710 recepisse.
1830 4629 1958 4710 Qui
2005 4632 2210 4692 eciam
2252 4630 2459 4711 jacus,
2500 4651 2622 4711 pro
2667 4632 2860 4693 fratre
2905 4649 3026 4692 suo
3073 4633 3327 4694 uterino

614 4743 815 4826 Jacou
874 4748 1155 4820 nomine,
1216 4747 1323 4823 qui
1386 4745 1681 4806 nondum
1740 4743 2094 4826 legitimam
2153 4743 2432 4806 habebat
2495 4754 2756 4820 etatem,
2801 4745 2885 4806 de
2927 4743 3330 4806 uendicionis

620 4856 909 4918 eiusdem
968 4875 1287 4919 consensu
1345 4856 1759 4937 respondem,
1820 4855 2130 4939 obligauit
2189 4875 2258 4920 se
2315 4856 2404 4918 ad
2447 4856 2930 4937 expediendum
2989 4854 3328 4920 Andream

622 4973 926 5032 comitem
986 4971 1071 5032 ab
1130 4972 1327 5043 omni,
1387 4989 1583 5049 quam
1641 4987 1832 5049 super
1892 4971 2028 5049 ipsa
2085 4971 2272 5032 uinea
2331 4988 2448 5048 per
2493 4981 2922 5032 memoratum
2977 4968 3180 5050 Jacou
3223 4971 3332 5033 uel

622 5083 779 5144 alios
822 5100 1241 5164 quoscunque
1286 5085 1429 5144 oriri
1474 5084 1873 5164 contingeret
1919 5085 2342 5164 questionem.
2413 5083 2486 5144 In
2529 5086 2708 5146 cuius
2751 5087 2840 5146 rei
2883 5086 3328 5150 testimonium

786 5384 909 5755 s
