3797 5795
1564 392 1826 456 —221
1890 429 1972 436 —

411 587 713 648 duximus
758 585 1267 658 concedendum,
1298 587 1348 646 si
1394 604 1513 663 pro
1556 584 1854 645 similium
1902 587 2268 663 receptione
2313 584 2467 644 alias
2512 604 2643 645 non
2691 587 2824 646 sitis
2857 605 2894 646 a
2925 585 3117 647 nobis

414 700 777 760 huiusmodi
826 702 1095 780 gratiam
1162 707 1521 760 consecute.
1570 698 1663 758 Ita
1708 697 1885 777 quod
1932 699 1984 758 si
2030 697 2265 778 aliquid
2312 697 2396 758 de
2441 698 2588 776 ipsis
2637 709 2896 759 centum
2946 699 3118 759 libris

407 813 767 873 dimiseritis
829 811 929 873 uel
990 813 1381 872 restitueritis
1441 822 1549 872 aut
1611 810 1913 872 dederitis
1975 810 2110 884 illis,
2170 831 2207 870 a
2268 812 2498 890 quibus
2561 830 2670 871 eas
2732 813 3116 890 receperitiS,

406 921 770 986 huiusmodi
830 925 1161 986 dimissum
1221 925 1321 985 uel
1384 925 1743 984 restitutum
1805 943 1918 984 seu
1981 923 2203 984 datum
2271 923 2457 984 nichil
2521 924 2605 984 ad
2667 924 3105 985 liberationem

404 1057 627 1100 eorum
674 1040 891 1118 prosit,
940 1057 1059 1100 nec
1088 1047 1403 1117 quantum
1448 1037 1533 1098 ad
1578 1036 1733 1098 illud
1780 1036 2134 1097 habeantur
2178 1037 2576 1115 aliquatenus
2627 1036 2923 1110 absoluti,
2969 1055 3110 1116 pre-

401 1153 689 1212 sentibus
748 1161 895 1230 post
958 1153 1139 1212 vnius
1198 1152 1345 1212 anni
1407 1151 1684 1228 spatium
1751 1151 2012 1210 minime
2083 1150 2377 1210 ualituriS.
2427 1149 2596 1212 Nulli
2639 1169 2792 1232 ergo
2841 1153 3106 1210 omnino

402 1264 667 1325 homino
686 1261 751 1346 (Ι)
798 1264 981 1324 liceat
1028 1263 1195 1323 hanc
1239 1264 1541 1344 paginam
1588 1272 1804 1324 nostre
1850 1264 2281 1323 concessionis
2315 1263 2653 1343 infringere
2697 1262 2801 1324 uel
2849 1265 2903 1323 ei
2949 1282 3105 1324 ausu

400 1379 737 1438 temerario
784 1378 1112 1437 contraire.
1161 1374 1225 1438 Si
1262 1377 1403 1454 quis
1448 1385 1665 1436 autem
1696 1374 1820 1435 hoc
1866 1384 2248 1454 attemptare
2297 1377 2768 1454 presumpserit,
2813 1376 3102 1458 indigna-

399 1493 641 1551 tionem
689 1491 1148 1569 omnipotentis
1193 1487 1293 1548 dei
1342 1497 1405 1548 et
1450 1488 1786 1549 beatorum
1836 1487 2001 1548 Petri
2047 1498 2112 1548 et
2159 1489 2332 1549 Pauli
2377 1488 2822 1566 apostolorum
2867 1491 3002 1549 eius
3032 1507 3102 1549 se

398 1606 646 1664 nouerit
692 1605 1103 1663 incursurum.
1152 1601 1391 1662 Datum
1426 1601 1691 1674 Viterbi‚
1726 1601 1805 1662 V.
1842 1599 2152 1662 kalendas
2199 1600 2425 1679 aprilis,
2459 1600 2867 1680 pontificatus
2899 1604 3094 1662 nostri

396 1735 569 1776 anno
616 1717 841 1795 primo.

579 1907 875 1981 Or·e}g‘inal
914 1926 955 1964 u
992 1905 1253 1980 gubern.
1313 1903 1537 1962 arkivu
1582 1924 1621 1961 u
1668 1905 1902 1973 Zadru,
1965 1907 2103 1963 odio
2163 1915 2521 1964 samostana
2583 1927 2669 1964 sv.
2721 1906 2948 1964 AVe'kole
2997 1907 3094 1964 br.

392 2016 485 2070 28.
540 2046 615 2052 ——
666 2013 863 2069 Peeat
906 2021 1098 2088 otpaO.

1646 2306 1837 2386 725.

310 2567 317 2572 .
384 2478 582 2557 1262,
628 2479 691 2544 8.
740 2479 999 2562 aprila.
1050 2483 1101 2547 U
1149 2479 1446 2546 viterbi.

396 2670 629 2734 Urbem
680 2670 726 2731 J
740 2669 810 2731 V.
856 2669 1251 2755 potvrdjuje
1312 2692 1431 2734 sva
1485 2678 1702 2754 prava
1749 2670 1783 2733 i
1815 2669 2182 2755 povlastice
2236 2677 2628 2733 samostana
2675 2692 2766 2734 sv.
2815 2670 3088 2734 ivikole.

558 2863 855 2926 Urbanus
917 2865 1255 2943 episcopus
1316 2880 1503 2924 seuus
1564 2881 1892 2924 seruorum
1957 2863 2060 2923 dei
2133 2863 2377 2925 dilectis
2423 2865 2483 2923 in
2534 2859 2784 2925 Christo
2837 2862 3088 2924 filiabus

379 3024 760 3037 .......
807 2978 1127 3037 abbatisse
1158 2990 1220 3037 et
1252 2978 1591 3037 conuentui
1644 2976 2017 3037 monialium
2065 2960 2448 3038 inclusarum
2481 2977 2848 3036 monasterii
2881 2978 3081 3037 sancti

378 3088 624 3149 Nicolai
667 3089 1004 3170 Jadrensis,
1050 3090 1290 3150 ordinis
1350 3091 1550 3149 sancti
1612 3088 1928 3163 Damiani,
1975 3089 2246 3150 salutem
2293 3100 2356 3150 et
2403 3088 2824 3168 apostolicam
2891 3090 3082 3149 bene-

373 3202 741 3263 dictionem.
792 3200 955 3265 Cum
989 3223 1025 3262 a
1058 3202 1243 3262 nobis
1288 3204 1523 3281 petitur
1555 3202 1732 3282 quod
1780 3205 2012 3264 iustum
2061 3212 2156 3263 est
2201 3212 2267 3262 et
2312 3203 2671 3275 honestum,
2720 3211 2848 3262 tam
2901 3204 3084 3283 uigor

372 3316 673 3394 equitatis
719 3333 913 3390 quam
962 3314 1122 3375 ordo
1170 3315 1363 3397 exigit
1410 3317 1687 3389 rationiS,
1719 3326 1786 3375 ut
1834 3314 1901 3375 id
1945 3334 2059 3395 per
2103 3313 2592 3375 sollicitudinem
2642 3314 2832 3375 officii
2881 3315 3082 3375 nostri

371 3428 457 3489 ad
520 3428 808 3489 debitum
878 3426 1261 3507 perducatur
1330 3425 1647 3489 effectum.
1733 3427 2108 3507 Eapropter,
2191 3428 2421 3489 dilecte
2485 3429 2547 3487 in
2618 3425 2870 3490 Christo
2938 3428 3082 3503 filie,

372 3542 599 3603 uestris
644 3543 820 3603 iustis
865 3540 1399 3620 postulationibus
1442 3552 1626 3623 grato
1672 3552 2124 3602 concurrentes
2156 3559 2432 3616 assensu,
2480 3559 2706 3602 omnes
2753 3541 3078 3602 libertates

370 3666 437 3715 et
482 3656 917 3715 immunitates
962 3675 999 3714 a
1046 3653 1598 3732 predecessoribus
1657 3656 1887 3714 nostris
1948 3656 2228 3741 romanis
2287 3653 2696 3732 pontificibus
2759 3655 2893 3714 siue
2953 3672 3070 3732 per

368 3767 697 3848 priuilegia
744 3787 854 3828 seu
902 3766 1057 3827 alias
1116 3766 1539 3849 indulgentias
1602 3767 1785 3827 uobis
1846 3767 1948 3827 uel
2012 3767 2400 3827 monasterio
2461 3778 2673 3827 uestro
2720 3785 3079 3840 concessaS,

366 3899 489 3941 nec
551 3900 681 3941 non
744 3880 1065 3941 libertates
1111 3891 1174 3940 et
1220 3882 1667 3958 exemptiones
1727 3879 2103 3941 secularium
2169 3881 2578 3940 exactionum
2627 3900 2664 3939 a
2711 3879 2964 3960 regibus
3011 3892 3074 3939 et

363 3992 759 4073 principibus
804 3993 905 4054 uel
953 3995 1087 4054 aliis
1134 3990 1362 4055 Christi
1423 3992 1715 4055 fidelibus
1779 3992 2233 4053 rationabiliter
2294 3991 2476 4053 uobis
2521 4011 2635 4053 seu
2682 3996 3073 4053 monasterio

363 4106 657 4185 predicto
720 4106 1015 4179 indulta5‚
1070 4108 1229 4167 sicut
1277 4124 1385 4166 eas
1431 4108 1590 4167 iuste
1636 4124 1711 4166 ac
1756 4104 2022 4184 pacifice
2081 4106 2400 4179 obtinetiS‚
2461 4106 2646 4166 uobis
2691 4116 2754 4165 et
2799 4125 2912 4185 per
2957 4124 3077 4166 uos

362 4219 574 4280 eidem
627 4220 1013 4279 monasterio
1058 4219 1436 4279 auctoritate
1481 4217 1832 4297 apostolica
1894 4217 2350 4280 confirmamus
2396 4228 2458 4278 et
2505 4220 2815 4297 presentis
2859 4220 3071 4297 scripti

361 4334 721 4410 patrocinio
783 4333 1275 4392 communimus
1322 4330 1491 4392 Nulli
1552 4348 1705 4413 ergo
1766 4334 2033 4392 omnino
2097 4331 2432 4393 hominum
2495 4331 2678 4392 liceat
2741 4331 2908 4392 hanc
2961 4350 3074 4410 pa·

363 4438 583 4525 ginam
647 4454 862 4505 nostre
923 4441 1424 4505 confirmationis
1484 4444 1821 4525 infringere
1868 4444 1971 4505 uel
2017 4446 2074 4504 ei
2121 4463 2278 4505 ausu
2337 4446 2674 4505 temerario
2738 4445 3069 4505 contraire.

360 4556 425 4619 Si
480 4558 621 4635 quis
665 4568 881 4619 autem
929 4556 1055 4616 hoc
1098 4565 1479 4636 attemptare
1524 4558 1998 4635 presumpserit,
2052 4555 2560 4639 indignationem
2607 4558 3071 4635 omnipotentis

359 4670 464 4732 dei
510 4680 575 4731 et
620 4670 960 4730 beatorum
1007 4670 1172 4729 Petri.
1219 4678 1281 4729 et
1330 4668 1502 4730 Pauli
1548 4668 1990 4747 apostolorum
2034 4670 2168 4729 eius
2213 4688 2281 4729 se
2329 4670 2578 4730 nouerit
2647 4668 3065 4729 incursurum.

361 4782 605 4843 Datum
658 4782 925 4843 Viterbii
976 4781 1087 4843 VI.
1133 4780 1276 4841 idus
1322 4780 1548 4860 apriliS,
1593 4780 2002 4860 pontificatus
2049 4784 2242 4842 nostri
2291 4800 2464 4842 anno
2510 4784 2736 4860 primo.

544 5001 843 5075 Ortginal
884 5020 924 5058 u
964 5000 1223 5073 gubern.
1290 5000 1513 5058 arkivu
1558 5020 1599 5057 u
1644 5001 1876 5069 Zadru‚
1942 5002 2080 5057 odio
2140 5008 2498 5059 samostana
2557 5020 2645 5057 sv.
2695 4999 2922 5057 zVikole
2967 5000 3058 5060 br.

360 5108 457 5163 33.
508 5138 592 5148 ·-—
640 5106 837 5163 Pec'at
878 5104 1149 5180 manjka.
