3797 5795
1530 392 1940 457 ...381-

406 587 617 656 mittat,
658 595 763 643 aut
808 594 1029 643 contra
1074 585 1454 643 sententiam
1504 593 1679 644 tuam
1726 585 2036 644 canonice
2079 583 2557 664 promulgatam
2605 583 2828 662 aliquis
2869 586 3080 642 venire

404 705 723 776 presumat,
768 697 881 756 nisi
948 695 1110 757 forte
1176 695 1529 774 periculum
1595 699 1816 757 mortis
1882 696 2232 770 immineat,
2291 706 2399 756 aut
2469 696 2627 756 dum
2697 698 3079 774 presentiam

404 825 576 871 tuam
599 809 822 870 habere
852 811 1219 887 nequiverit,
1252 827 1365 888 per
1392 808 1589 870 alium
1620 808 1974 870 secundum
2021 808 2294 870 sormam
2337 808 2621 884 ecclesie,
2653 809 3081 870 satisfactione

402 926 706 1004 premissa,
752 933 1042 1000 oporteat
1102 923 1365 1003 ligatum
1430 921 1687 982 absolvi.
1736 921 2075 984 Sacrorum
2137 940 2396 1002 quoque
2443 940 2763 982 canonum
2815 924 3083 982 auctori-

406 1048 595 1098 tatem
635 1045 969 1113 sequentes
1014 1037 1365 1108 statuimus,
1413 1044 1479 1094 ut
1512 1034 1719 1096 nullus
1764 1036 2104 1114 episcopus
2136 1036 2233 1095 vel
2279 1033 2791 1113 archiepiscopus
2837 1035 3080 1114 absque

402 1160 515 1210 tuo
557 1167 798 1209 assensu
842 1157 1195 1208 conventus
1240 1148 1577 1220 celebrare,
1621 1166 1843 1208 causas
1888 1151 2082 1208 etiam
2129 1158 2191 1208 et
2239 1147 2662 1208 ecclesiastica
2708 1149 2964 1228 negotia
3015 1147 3075 1205 in

400 1263 779 1343 Traguriensi
858 1260 1149 1334 dioecesi,
1211 1262 1325 1320 nisi
1407 1279 1519 1339 per
1580 1261 1948 1322 Romanum
2015 1259 2382 1339 pontificem
2433 1260 2530 1321 vel
2595 1263 2728 1320 cius
2797 1260 3077 1340 legatum

400 1374 577 1435 suerit
616 1374 819 1434 eidem
867 1375 1236 1447 iniunctum,
1280 1386 1550 1434 tractare
1595 1384 1936 1453 presumat,
1969 1375 2084 1434 nisi
2121 1374 2331 1434 forsan
2382 1373 2910 1453 metropolitanus
2943 1375 3076 1433 eius

398 1487 642 1562 aliquod
685 1488 1137 1565 premissorum
1182 1487 1399 1546 fecerit
1447 1487 1509 1546 in
1556 1486 1803 1547 casibus
1870 1487 1988 1546 sibi
2034 1507 2071 1546 a
2117 1490 2249 1547 iure
2295 1488 2628 1547 concessis,
2677 1486 2747 1546 In
2796 1486 3078 1546 ecclesiis

402 1618 642 1678 quoquc
705 1599 1141 1680 Traguriensis
1208 1599 1495 1672 diocesiS‚
1539 1617 1666 1678 que
1733 1600 1819 1660 ad
1886 1599 2042 1659 alios
2113 1599 2305 1678 pleno
2368 1601 2499 1660 iure
2560 1617 2690 1659 non
2737 1599 3077 1677 pertinent,

400 1713 592 1772 nullus
647 1711 945 1772 clericum
1008 1712 1333 1773 instituere
1395 1713 1491 1772 vel
1560 1711 1921 1785 destituere,
1967 1722 2073 1773 aut
2121 1712 2520 1773 sacerdotem
2590 1710 2892 1790 preficere
2937 1712 3072 1771 sine

400 1843 696 1886 consensu
726 1824 1048 1886 diocesani
1082 1835 1422 1904 presumat.
1472 1825 1891 1887 Decernimus
1925 1842 2096 1905 erg0,
2137 1835 2204 1884 ut
2238 1825 2388 1887 nulli
2421 1827 2688 1885 omnino
2719 1824 3072 1894 hominum,

402 1939 574 1999 licoet
612 1938 923 2016 prefatam
974 1938 1304 1998 ecclesiam
1349 1947 1583 2012 tenere,
1623 1938 2010 2017 perturbare,
2040 1949 2148 1998 aut
2181 1940 2313 1999 eius
2345 1938 2780 2016 possessiones
2812 1937 3074 2010 auferre,

404 2051 499 2111 vel
541 2050 773 2112 ablatas
834 2053 1118 2124 retinere,
1166 2053 1467 2124 minuere,
1512 2069 1623 2112 seu
1684 2050 2066 2127 quibuslibet
2132 2050 2580 2112 vexationibus
2641 2050 2920 2131 fatigare,
2963 2049 3076 2110 sed

406 2167 602 2225 omnia
664 2165 908 2244 integre
968 2174 1421 2224 conserventur
1486 2183 1725 2237 eorum,
1786 2183 1905 2242 pro
1967 2183 2240 2242 quorum
2289 2147 2764 2244 'gubernatione
2823 2181 2898 2222 ac
2945 2181 3075 2222 sus-

406 2278 734 2336 tentatione
798 2295 1099 2337 concessa
1160 2287 1325 2349 sunt,
1371 2276 1587 2337 usibus
1632 2275 2022 2338 omnimodis
2068 2276 2415 2355 profutura,
2458 2277 2631 2337 salva
2677 2275 2844 2336 sedis
2889 2294 3077 2353 apos-

408 2389 579 2449 tolice
630 2391 1005 2450 auctoritate
1050 2399 1113 2450 et
1159 2392 1221 2449 in
1269 2390 1567 2468 predictis
1627 2389 1891 2450 decimis
1953 2388 2394 2450 moderatione
2457 2389 2705 2449 concilii
2751 2387 3076 2468 generalis,

409 2501 467 2562 Si
512 2521 623 2580 qua
688 2504 876 2584 igitur
919 2504 982 2563 in
1028 2503 1307 2564 futurum
1377 2503 1798 2563 ecclesiastica
1862 2501 2237 2562 secularisve
2304 2520 2577 2579 persona
2639 2501 2803 2562 hanc
2865 2512 3079 2561 nostre

410 2618 851 2676 constitutionis
887 2617 1185 2697 paginam
1220 2618 1425 2676 sciens
1455 2627 1677 2676 contra
1709 2634 1851 2676 eam
1885 2623 2126 2675 temere
2161 2617 2372 2674 venire
2405 2616 2754 2686 tentaverit,
2793 2613 3079 2675 secundo

414 2730 649 2788 tertiove
704 2729 1120 2796 commonita,
1182 2729 1299 2788 nisi
1360 2739 1605 2788 reatum
1667 2747 1851 2789 suum
1917 2745 2198 2808 congrua
2245 2727 2673 2787 satisfactione
2718 2727 3084 2798 correxerit,

415 2843 713 2917 potestatis
774 2842 1160 2921 honorisque
1228 2843 1320 2903 sui
1391 2851 1601 2903 careat
1670 2841 1994 2923 dignitate,
2054 2857 2378 2920 reamque·
2429 2859 2497 2901 se
2562 2839 2778 2901 divino
2848 2839 3082 2901 iudicio

416 2955 655 3015 existere
696 2956 780 3017 de
825 2965 1198 3035 perpetuata
1246 2958 1577 3033 iniquitate
1621 2965 1970 3036 cognoscat
2016 2966 2078 3015 et
2125 2974 2162 3014 a
2210 2956 2634 3015 sacratissimo
2681 2972 2952 3032 corpore
2996 2972 3072 3013 ac

418 3070 688 3147 sanguine
732 3068 835 3129 dei
883 3078 946 3129 et
994 3067 1237 3129 domini
1285 3067 1709 3147 redemptoris
1754 3071 1947 3128 nostri
1991 3067 2140 3147 Jesu
2188 3064 2413 3130 Christi
2463 3068 2666 3127 aliena
2711 3066 2841 3145 fiat,
2885 3077 3080 3144 atque

420 3178 475 3235 in
502 3191 773 3241 extremo
818 3183 1117 3242 examine
1164 3181 1443 3242 districte
1489 3181 1813 3242 subiaceat
1858 3180 2098 3241 ultioni.
2149 3178 2410 3243 Cunctis
2439 3193 2656 3240 autem
2687 3179 2898 3239 eidem
2931 3180 3076 3239 loco

420 3308 516 3349 sua
555 3295 673 3353 iura
718 3295 1113 3354 servantibus
1158 3295 1237 3355 sit
1282 3313 1413 3373 pax
1459 3294 1705 3354 domini
1752 3296 1947 3355 nostri
2003 3292 2154 3373 Jesu
2216 3290 2462 3358 Christi.
2509 3302 2825 3373 quatenus
2871 3302 2934 3351 et
2982 3291 3082 3351 hic

423 3401 657 3466 fructum
724 3408 896 3468 bone
964 3409 1231 3468 actionis
1298 3408 1649 3486 percipiant
1715 3417 1778 3467 et
1846 3406 2020 3485 apud
2091 3405 2442 3466 districtum
2503 3405 2779 3466 iudicem
2839 3407 3080 3483 premia

422 3526 604 3579 eterne
645 3522 817 3599 pacis
864 3522 1199 3581 inveniant.
1246 3518 1481 3593 Amen,
1527 3538 1734 3593 amen,
1780 3538 1987 3579 amen.
2036 3518 2134 3579 Rt.

568 3630 697 3713 Ego
743 3630 1041 3696 Clemens
1085 3632 1395 3693 catholice
1440 3632 1703 3694 ecclesie
1747 3633 2087 3711 episcopus
2132 3632 2484 3710 subscripsi.

569 3743 698 3825 Ego
744 3744 898 3808 Odo
944 3744 1342 3807 Tusculanus
1387 3746 1725 3824 episcopus
1768 3745 2124 3824 subscripsi.

566 3856 697 3939 Ego
742 3858 1106 3936 Stephanus
1150 3854 1605 3939 Prene(stinus)
1652 3860 1989 3937 episcopus
2035 3860 2388 3936 subscripsi.

564 3968 696 4051 Ego
743 3970 983 4053 fr(ater)
1043 3970 1323 4051 Joannes
1386 3968 1811 4052 Port(ulanus)
1874 3981 1937 4031 et
1998 3982 2215 4031 sancte
2262 3970 2492 4031 Rufine
2554 3971 2892 4048 episcopus
2936 3968 3083 4027 sub-

420 4080 619 4159 scripsi.

562 4194 697 4277 Ego
746 4196 1060 4257 Henricus
1106 4196 1419 4259 Ostiensis
1462 4206 1525 4257 et
1574 4195 1988 4257 Velletrensis
2032 4198 2337 4276 epicopus
2381 4197 2738 4275 subscripsi.

564 4308 695 4391 Ego
742 4309 1078 4371 Ancherus
1137 4310 1298 4372 tituli
1346 4322 1563 4370 sancte
1610 4310 1916 4370 Praxedis
1961 4309 2296 4388 presbyter
2341 4308 2678 4370 cardinalis
2723 4308 3080 4386 subscripsi.

562 4421 697 4505 Ego
742 4420 1122 4485 Guillelmus
1167 4422 1327 4484 tituli
1374 4424 1575 4484 sancti
1623 4421 1821 4483 Marci
1866 4422 2201 4500 presbyter
2247 4422 2581 4483 cardinalis
2632 4421 2986 4499 subscripsi.

562 4535 698 4617 Ego
746 4536 1055 4597 Ricardus
1100 4538 1299 4597 sancti
1347 4534 1579 4617 Angeli
1626 4534 1936 4596 diaconus
1981 4534 2318 4595 cardinalis
2362 4535 2716 4614 subscripsi.

562 4648 697 4732 Ego
737 4649 1017 4729 Jacobus
1044 4660 1264 4711 sancte
1294 4648 1495 4711 Marie
1524 4651 1588 4709 in
1622 4646 1969 4711 Cosmedin
2001 4647 2310 4709 diaconus
2354 4647 2689 4709 cardinalis
2727 4647 3082 4723 subscripsi.

561 4762 696 4845 Ego
742 4762 1141 4825 Gottifredus
1187 4765 1387 4823 sancti
1435 4760 1689 4843 Georgii
1724 4760 1807 4822 ad
1839 4761 2052 4821 velum
2085 4778 2347 4821 aureum
2396 4761 2704 4822 diaconus
2748 4759 3084 4820 cardinalis

409 4872 737 4956 subscripsi.

560 4988 697 5070 Ego
748 4989 1025 5053 Ubertus
1070 4991 1269 5049 sancti
1316 4988 1635 5049 Eustachii
1682 4988 1993 5049 diaconus
2039 4985 2372 5047 cardinalis
2415 4986 2770 5064 subscripsi.
