3797 5795
1936 378 2334 443 -188—

791 571 874 630 de
920 571 1106 631 bonis
1169 574 1326 633 meis
1389 574 1498 632 tibi
1546 574 1609 632 in
1657 582 1836 653 parte
1898 584 2005 633 tua
2066 573 2329 653 elargiri,
2396 571 2691 635 uidelicet
2753 591 2977 632 omnes
3042 583 3243 633 terras
3316 592 3483 633 meas

791 685 874 745 de
919 684 1230 747 Onacoua
1263 685 1435 745 blata
1480 705 1639 766 quas
1672 734 1931 745 .....
1980 698 2043 747 et
2090 688 2472 765 recuperasti
2523 706 2559 746 a
2607 685 2925 746 Damiano
2969 686 3249 764 plebano
3290 686 3481 746 sancti

792 800 953 859 Petri
1015 798 1098 858 de
1159 797 1369 877 platea
1424 798 1652 878 Jadere
1696 818 1842 859 cum
1908 800 2208 860 omnibus
2270 802 2398 859 suis
2457 800 2741 859 terminis
2785 809 2851 858 et
2896 800 3307 876 pertinentiiS‚
3354 812 3479 859 tam

787 912 1004 972 subter
1049 922 1283 972 terram
1332 930 1524 989 quam
1573 930 1763 989 supra
1810 919 2064 977 terram.
2111 915 2197 972 ita
2244 922 2310 972 ut
2358 933 2395 972 a
2442 910 2641 971 modo
2688 912 2749 969 in
2796 920 2984 970 antea
3030 910 3213 971 liceat
3262 910 3377 971 tibi
3423 922 3480 970 et

787 1027 909 1085 tuis
955 1024 1294 1084 heredibus
1339 1022 1655 1102 predictas
1702 1035 1898 1083 terras
1946 1023 2428 1097 intromittendi,
2474 1023 2767 1096 habendi,
2813 1022 3088 1095 tenendi,
3146 1023 3483 1090 uendendi,

784 1137 999 1211 dandi,
1059 1136 1365 1209 donandi,
1425 1136 1762 1211 alienandi,
1821 1156 1940 1215 pro
2003 1140 2215 1198 anima
2262 1135 2585 1197 indicandi
2634 1146 2698 1196 et
2744 1136 3046 1215 quicquid
3090 1137 3203 1195 tibi
3254 1136 3484 1196 exinde

779 1251 1084 1329 placuerit
1146 1248 1436 1321 faciendi,
1482 1252 1568 1309 ita
1616 1260 1832 1310 tamen
1900 1250 2075 1329 quod
2127 1249 2673 1329 quandocumque
2720 1249 2906 1309 fueris
2952 1248 3034 1309 ad
3065 1248 3483 1309 diuidendum

781 1363 902 1424 alia
951 1364 1123 1423 bona
1187 1382 1328 1422 mea
1390 1382 1536 1422 cum
1600 1366 1722 1422 tuis
1783 1363 2106 1423 sororibus
2153 1364 2390 1424 debeas
2435 1372 2809 1441 computare
2855 1361 3152 1438 predictis
3201 1363 3383 1421 terris
3428 1363 3484 1421 in

782 1486 892 1537 tua
959 1487 1140 1554 parte
1209 1475 1398 1535 libras
1466 1475 1874 1536 denariorum
1943 1486 2319 1537 venetorum
2393 1478 2726 1556 sexaginta
2788 1484 3035 1553 septem
3100 1486 3159 1535 et
3225 1474 3483 1534 easdem

783 1598 984 1649 terras
1045 1588 1280 1648 habeas
1337 1606 1485 1648 cum
1548 1589 1848 1649 omnibus
1912 1589 2444 1649 iurisdictionibus
2488 1598 2554 1649 et
2600 1590 2787 1648 cartis
2832 1590 3016 1647 nouis
3058 1599 3123 1648 et
3168 1588 3488 1647 ueteribus

782 1712 846 1761 et
894 1720 1043 1762 cum
1107 1702 1321 1783 vigore
1367 1712 1430 1761 et
1477 1702 1710 1762 robore
1754 1701 1838 1762 ad
1885 1702 2147 1763 easdem
2208 1702 2674 1781 pertinentibus
2737 1703 2873 1761 sine
2935 1700 3195 1761 alicuius
3238 1714 3489 1761 contra-

783 1814 1086 1887 dictione,
1133 1832 1292 1893 quas
1351 1824 1550 1873 terras
1610 1814 1927 1892 predictas
1987 1815 2263 1876 debeam
2309 1825 2374 1876 et
2419 1825 2639 1875 tenear
2698 1820 2841 1875 cu'm
2908 1816 3065 1874 meis
3110 1817 3341 1875 ceteris
3389 1813 3489 1873 lie-

781 1928 1042 1986 redibus
1109 1928 1220 1986 tibi
1290 1937 1354 1987 et
1422 1928 1546 1987 tuis
1615 1927 1953 1988 heredibus
2022 1928 2555 2006 discalumpniare
2624 1942 2687 1989 et
2756 1927 3089 1988 defensare
3155 1928 3240 1986 ab
3314 1929 3485 1985 omni

782 2039 1046 2099 homine
1107 2052 1170 2100 et
1231 2058 1524 2118 persona,
1571 2052 1633 2100 te
1680 2041 1918 2101 exinde
1983 2041 2459 2120 calumpniante
2520 2061 2711 2121 super
2772 2060 2877 2101 me
2922 2051 2985 2101 et
3031 2043 3248 2101 omnia
3319 2039 3486 2099 bona

785 2170 932 2212 mea
978 2153 1193 2212 habita
1239 2164 1304 2213 et
1350 2153 1646 2214 habenda
1677 2156 1741 2213 in
1773 2154 1896 2214 hoc
1928 2152 2162 2215 seculo.
2208 2153 2448 2216 Actum
2495 2164 2589 2215 est
2636 2154 2761 2215 hoc
2806 2165 2872 2215 et
2915 2154 3235 2215 firmatum
3270 2172 3485 2213 coram

785 2265 881 2324 his
926 2268 1167 2325 vocatis
1211 2278 1274 2325 et
1321 2267 1557 2345 rogatis
1603 2266 1884 2339 testibus,
1932 2266 2167 2328 scilicet
2213 2266 2543 2346 Stephano
2590 2266 2674 2327 de
2720 2267 3133 2327 Martinuscio
3178 2278 3243 2327 et
3280 2266 3485 2327 Micha

786 2378 960 2438 dicto
1005 2378 1368 2439 TrabuchO.
1417 2379 1559 2460 Ego
1611 2378 1934 2461 Michiem)
1987 2378 2335 2462 §adulinus
2381 2382 2787 2440 examinator
2835 2398 3095 2440 manum
3146 2382 3305 2439 misi.
3354 2380 3485 2460 Ego

790 2488 1064 2550 Michael
1127 2501 1344 2551 sancte
1411 2492 1611 2553 Marie
1674 2496 1928 2554 maioris
1989 2493 2252 2554 clericus
2296 2503 2360 2553 et
2398 2491 2721 2572 Jadrensis
2767 2494 3050 2553 notarius
3098 2490 3347 2552 interfui
3394 2511 3483 2551 ro-

782 2615 984 2685 gatus,
1029 2614 1096 2664 ut
1141 2604 1352 2665 audiui
1403 2605 1568 2665 hanc
1613 2616 1852 2666 cartam
1900 2607 2135 2685 scripsi,
2180 2606 2475 2666 roboraui
2522 2616 2586 2665 et
2633 2607 2817 2687 signo
2863 2615 3173 2665 consueto
3219 2607 3474 2685 signaui.

995 2745 1208 2819 Drugi
1254 2747 1546 2823 rukopis).

957 2883 1098 2966 Ego
1147 2884 1523 2946 Vincentius
1586 2886 1850 2947 ecclesie
1915 2899 2135 2947 sancte
2197 2886 2397 2949 Marie
2454 2889 2709 2950 maioris
2755 2888 3020 2948 clericus
3066 2900 3129 2947 et
3172 2885 3479 2966 Jadrensis

784 2999 1082 3070 notarius,
1129 3009 1198 3058 ut
1245 2999 1368 3058 vidi
1417 3001 1480 3058 in
1529 3010 1748 3072 matre,
1796 3003 1880 3060 ita
1930 3001 2145 3079 scripsi
2195 3003 2257 3060 in
2305 3000 2446 3088 filia.

957 3139 1197 3212 (Drugi
1241 3139 1536 3216 rukopt's).

952 3275 990 3356 †
1038 3275 1176 3358 Ego
1238 3275 1636 3357 Grisogonus
1698 3277 1779 3338 de
1844 3278 2071 3339 Mauro
2132 3280 2538 3339 examinator
2599 3281 2759 3339 sicut
2822 3278 2947 3339 uidi
3014 3281 3077 3338 in
3142 3289 3339 3338 matre
3394 3275 3472 3332 ita

783 3389 998 3465 scripsi
1050 3391 1112 3448 in
1157 3388 1304 3451 filia.

957 3529 1259 3604 (lx'ukopis
1305 3530 1420 3586 kao
1466 3533 1551 3587 od
1586 3531 1840 3604 poc‘etka
1890 3533 2182 3608 isprave).

957 3665 1096 3747 Ego
1145 3666 1414 3728 Michael
1462 3679 1684 3729 sancte
1737 3667 1938 3729 Marie
1987 3671 2241 3729 maioris
2288 3670 2550 3731 clericus
2581 3679 2644 3730 et
2670 3667 2991 3748 Jadrensis
3038 3671 3319 3728 notarius
3362 3665 3471 3724 hoc

778 3779 1147 3857 exemplum
1196 3780 1561 3859 exemplaui
1607 3793 1900 3842 currente
1933 3800 2105 3842 anno
2139 3781 2383 3842 domini
2433 3781 2767 3843 millesimo
2817 3780 3263 3841 ducentesimo
3300 3797 3465 3838 sexa-

778 3893 1022 3971 gesimo
1083 3895 1308 3970 prim0‚
1357 3897 1592 3954 mensis
1655 3893 1867 3968 madii,
1913 3895 2017 3954 die
2080 3894 2421 3956 vndecimo
2490 3905 2785 3965 exeunte,
2833 3894 3183 3955 indictione
3248 3901 3469 3970 quarta.

771 4002 1016 4083 Jadere‚
1048 4006 1237 4066 nichil
1265 4005 1515 4068 addens
1549 4007 1650 4068 uel
1686 4009 1981 4067 minuens
2016 4007 2191 4086 quod
2224 4009 2605 4069 sententiam
2655 4017 2879 4081 mutet,
2916 4008 3157 4084 scripsi,
3187 4003 3464 4065 roboraui

778 4131 840 4177 et
887 4119 1069 4199 signo
1116 4133 1427 4179 consueto
1473 4122 1738 4201 signaui.

957 4261 1370 4332 (lisonogram.
1419 4260 1588 4334 not).

962 4449 1324 4525 Originalni
1360 4453 1624 4529 pry'cpis
1669 4456 1750 4510 od
1793 4457 1881 4510 21.
1936 4457 2103 4529 maja
2152 4456 2314 4509 1261.
2364 4472 2446 4509 na
2492 4454 2861 4527 pergameni
2890 4472 2927 4508 n
2952 4451 3144 4525 gubet
3156 4471 3211 4508 n.
3258 4447 3457 4506 arkitw

779 4576 818 4611 u
869 4556 1098 4626 Zadru‚
1148 4559 1287 4615 odia
1335 4566 1692 4616 samostana
1739 4579 1825 4616 π).
1879 4559 2105 4616 Nikole
2153 4557 2239 4614 br.
2298 4564 2377 4614 14.
