3797 5795
1873 423 1957 430 —
2022 388 2244 450 ῑο-

1972 681 2167 762 590.

709 853 916 928 1257.
961 853 1072 919 26.
1111 854 1294 937 jula.
1341 853 1402 918 U
1445 853 1955 922 Dubrovniku.

711 1043 1034 1128 Gojslava
1095 1045 1318 1107 udor-a
1391 1043 1730 1127 Tunijeva
1791 1044 2083 1131 ›nt-'sensa
2142 1046 2327 1129 svoje
2380 1046 2707 1132 zenzljtli‘te
2748 1071 2785 1110 s
2828 1048 3128 1112 oblinam
3175 1051 3417 1114 dubro—

1922 1160 2213 1222 valkom.

883 1347 922 1427 †
965 1348 1166 1411 Anno
1211 1351 1660 1411 incarnationis
1704 1350 1951 1410 domini
1998 1351 2335 1412 millesimo
2378 1353 2824 1414 ducentesimo
2882 1356 3417 1438 quinquagesimo

713 1466 1006 1543 septime,
1049 1465 1287 1524 mensis
1331 1463 1476 1537 iulii,
1521 1465 1746 1542 quinto
1777 1463 1882 1524 die
1912 1475 2177 1538 astante,
2221 1465 2515 1528 ordinata
2558 1469 2731 1527 curia
2777 1485 2925 1528 cum
2972 1469 3186 1529 sonitu
3242 1487 3415 1530 cam·

715 1596 904 1656 pane.
953 1576 1090 1638 Nos
1134 1575 1398 1655 quidem
1437 1575 1715 1656 Jacobus
1761 1573 2145 1639 Contarinus
2186 1597 2411 1639 comes
2440 1579 2697 1661 Ragusii
2744 1598 2895 1641 eum
2938 1581 3307 1643 consiliariis
3336 1583 3418 1643 de

713 1709 918 1769 paruo
947 1702 1012 1751 et
1057 1708 1297 1771 magno
1327 1690 1594 1751 consilio
1639 1699 1704 1750 et
1749 1709 1870 1750 nos
1913 1709 2191 1751 comune
2220 1691 2477 1772 Ragusii
2508 1691 2911 1767 confitemur,
2945 1696 3251 1774 quoniam
3298 1714 3419 1756 nos

714 1803 842 1864 tale
885 1804 1208 1864 oembium
1255 1803 1522 1864 fecimus
1573 1822 1720 1864 cum
1777 1801 2107 1881 Goyslaua
2124 1801 2189 1884 (Ξ)
2252 1804 2583 1882 quondam
2638 1823 2843 1866 uxore
2887 1805 3053 1866 Petri
3106 1807 3299 1869 Tunii
3351 1819 3413 1870 et

713 1915 856 1977 filiis
899 1935 1144 1990 eorum,
1185 1917 1419 1978 clerico
1471 1915 1718 1996 Jacobo
1763 1927 1828 1977 et
1874 1915 2125 1979 Marino
2170 1916 2255 1978 de
2298 1927 2555 1978 terreno
2598 1919 2895 1978 comunis
2956 1919 3231 2001 Ragusii.
3292 1919 3419 1982 De—

715 2029 930 2091 dimus
975 2033 1066 2090 eis
1113 2031 1174 2089 in
1219 2039 1602 2108 perpetuum
1647 2048 1686 2088 a
1729 2031 1923 2111 signis
1952 2049 2079 2105 que
2108 2027 2407 2112 signati(!)
2454 2041 2603 2091 sunt
2648 2033 2713 2090 in
2743 2033 2940 2111 petris
2984 2033 3145 2092 uiuis
3190 2033 3421 2094 talibus

715 2144 910 2224 signis
955 2126 1160 2216 cdi&
1221 2141 1306 2202 ab
1365 2144 1517 2222 ipsis
1567 2145 1760 2224 signis
1813 2162 2031 2204 uersus
2096 2154 2387 2204 montem
2448 2161 2653 2222 usque
2714 2144 2799 2206 ad
2860 2148 3203 2206 maceriam
3250 2148 3422 2208 uine—

713 2274 896 2316 arum
955 2267 1020 2315 et
1079 2265 1386 2316 terrarum
1447 2274 1724 2330 suarum,
1784 2266 1851 2316 ut
1900 2255 2183 2318 habeant
2226 2267 2291 2317 et
2336 2257 2705 2336 possideant
2767 2269 2831 2318 et
2890 2258 2977 2320 de
3038 2260 3179 2338 ipso
3238 2277 3421 2321 suum

715 2367 880 2428 uelle
925 2367 1176 2428 saciant.
1239 2366 1342 2428 De
1385 2369 1618 2448 quibus
1675 2371 1868 2450 signis
1914 2388 2114 2430 unum
2158 2372 2413 2452 signum
2458 2371 2677 2449 incipit
2721 2390 2760 2431 a
2805 2381 2987 2449 petra
3043 2389 3171 2452 que
3215 2383 3311 2434 est
3358 2375 3418 2434 in

719 2482 930 2541 fronte
973 2483 1266 2542 cantonis
1327 2480 1638 2542 dictarum
1705 2485 2036 2543 uinearum
2083 2493 2146 2544 et
2192 2494 2501 2543 terrarum
2562 2502 2789 2545 eorum
2852 2495 2917 2544 et
2960 2485 3204 2563 reliqua
3247 2487 3423 2568 signa

718 2605 866 2654 sunt
913 2597 974 2654 in
1021 2594 1156 2654 aliis
1199 2596 1394 2672 petn's
1461 2596 1620 2655 uiuis
1663 2605 1728 2655 et
1775 2595 2018 2656 uadunt
2066 2615 2284 2656 uersus
2346 2596 2755 2658 occidentem
2798 2616 3002 2678 usque
3044 2598 3129 2660 ad
3177 2610 3423 2678 petram

719 2709 1034 2790 signatam
1079 2726 1282 2786 prope
1323 2709 1666 2768 maceriam
1711 2711 2041 2769 uinearum
2087 2708 2149 2770 N
2153 2709 2373 2787 ycifori
2404 2709 2489 2770 de
2521 2708 2753 2784 Mai-ze,
2782 2721 3045 2790 propter
3074 2711 3255 2790 quod
3302 2730 3424 2793 ego

719 2822 1168 2901 prenominata
1211 2817 1534 2900 Gayslaua
1579 2839 1729 2882 cum
1773 2822 2235 2901 prenominatis
2278 2821 2421 2882 filiis
2453 2825 2611 2883 meis
2642 2821 2877 2884 clerico
2903 2822 3151 2904 Jacobo
3182 2835 3245 2884 et
3293 2823 3427 2886 Ma·

721 2938 860 2996 rino
919 2946 1128 2996 totum
1191 2953 1406 2995 meum
1453 2944 1792 3009 terrenum,
1837 2933 2015 3017 qui(!)
2064 2934 2180 2996 fuit
2225 2938 2651 3014 prenominati
2704 2938 2821 2997 uiri
2862 2940 2988 2997 mei
3026 2937 3212 3012 Petri,
3255 2934 3430 3020 qui(!)

721 3060 818 3109 est
864 3048 1096 3130 longus
1136 3048 1220 3108 de
1265 3050 1551 3127 quinque
1617 3048 1908 3127 passibus
1964 3048 2050 3108 de
2110 3066 2317 3109 canna
2362 3059 2428 3108 et
2472 3048 2636 3109 latus
2694 3061 2791 3110 est
2853 3048 2935 3110 de
2996 3068 3125 3111 una
3186 3053 3289 3111 uia
3347 3050 3430 3111 ad

721 3162 912 3223 aliam
957 3164 1128 3223 uiam
1173 3179 1363 3239 super
1409 3171 1732 3221 terrenum
1777 3163 2072 3222 comunis
2119 3162 2373 3243 Ragusii
2422 3173 2485 3223 et
2530 3161 2911 3223 subter-reno
2942 3160 3207 3225 Andree
3260 3164 3430 3225 Pauli

724 3275 1012 3337 Raborre
1055 3276 1177 3336 sub
1221 3293 1475 3335 camara
1542 3273 1838 3335 dedimus
1897 3277 2155 3335 comuni
2226 3276 2499 3357 Ragusii‚
2546 3287 2615 3336 ut
2678 3276 2741 3336 in
2800 3286 3181 3355 perpetuum
3248 3274 3424 3337 illum

725 3388 959 3449 habeat
1006 3400 1068 3449 et
1129 3387 1452 3467 possideat
1513 3398 1578 3448 et
1637 3386 1720 3448 de
1780 3384 1921 3467 ipso
1980 3406 2167 3449 suum
2230 3388 2393 3449 uelle
2457 3388 2645 3449 saciat
2706 3398 2769 3449 et
2834 3406 3221 3468 unaqueque
3285 3408 3433 3469 pars

725 3500 1154 3580 predictarum
1214 3502 1490 3579 partium
1535 3520 1654 3579 pro
1699 3519 1768 3561 se
1814 3512 2063 3561 tenetur
2120 3520 2311 3581 super
2354 3520 2423 3562 se
2468 3512 2532 3562 et
2575 3518 2766 3579 super
2824 3502 3043 3561 omnia
3088 3520 3204 3561 sua
3248 3500 3425 3563 alteri

727 3616 890 3693 parti
924 3632 1073 3675 cum
1105 3616 1337 3674 iustitia
1371 3612 1740 3675 deffendere
1784 3613 2025 3674 dictam
2070 3625 2319 3695 partem
2351 3616 2585 3675 terreni
2614 3613 2700 3674 ab
2729 3613 3030 3674 omnibus
3070 3613 3435 3675 hominibus

730 3726 1092 3788 uolentibus
1138 3725 1326 3797 illam
1359 3726 1476 3787 sibi
1520 3745 1636 3806 per
1679 3728 2045 3788 iniustitiam
2091 3727 2539 3808 calumpniare.
2591 3726 2694 3788 De
2738 3726 2863 3787 hoc
2907 3737 3123 3787 autem
3174 3727 3429 3788 oembio

729 3850 878 3901 sunt
923 3839 1049 3900 due
1093 3850 1282 3914 carte,
1327 3840 1446 3901 hec
1482 3850 1546 3901 et
1591 3840 1734 3920 alia,
1781 3840 1863 3901 de
1909 3840 2140 3919 quibus
2184 3844 2371 3902 cartis
2416 3860 2611 3903 unam
2658 3850 2901 3901 cartam
2946 3840 3111 3901 tullit
3154 3858 3431 3901 comune

733 3952 992 4035 Ragusii
1037 3963 1101 4014 et
1160 3953 1350 4014 aliam
1412 3964 1655 4014 cartam
1716 3954 1878 4015 tullit
1945 3956 2391 4033 prenominata
2458 3951 2783 4033 Gayslaua
2842 3972 2991 4014 cum
3054 3952 3239 4015 dictis
3294 3952 3433 4015 filiis

733 4068 878 4127 suis,
925 4066 1067 4127 Hec
1112 4076 1325 4127 autem
1388 4076 1560 4127 carta
1621 4064 1795 4127 nullo
1857 4068 2223 4128 testimonio
2285 4070 2493 4147 rumpi
2554 4070 2770 4148 possit.
2836 4066 2941 4128 Hii
3002 4076 3150 4129 sunt
3210 4077 3431 4129 testes:

734 4177 1032 4241 Andreas
1100 4178 1375 4240 Benesse
1434 4189 1499 4240 et
1548 4179 1850 4240 Proculus
1895 4178 2221 4241 Michaelis
2266 4181 2447 4241 iurati
2494 4180 2749 4242 iudices.
2805 4180 2889 4242 Et
2936 4198 3059 4262 ego
3106 4178 3433 4259 presbyter

737 4292 1012 4354 Pascalis
1056 4302 1118 4353 et
1164 4294 1456 4353 comunis
1501 4294 1784 4353 notarius
1829 4294 2065 4354 iuratus
2110 4294 2376 4372 scriptor
2420 4312 2564 4355 sum
2610 4305 2675 4355 et
2719 4296 2911 4355 testis,

915 4408 1208 4481 (Szjgnum
1255 4404 1533 4483 notarit).

927 4598 1224 4672 Orzjginal
1263 4619 1304 4655 u
1351 4598 1794 4656 dubrovac‘kom
1842 4598 2084 4668 arkivu,
2131 4600 2303 4657 slova
2351 4600 2533 4676 ispod
2570 4599 2765 4657 teksta
2800 4609 3159 4677 prerezena.
3210 4597 3433 4657 Zbirka

745 4702 919 4760 Sacc.
971 4702 1151 4760 XIII.

747 5100 931 5107 ὴ--.-.-

926 5186 942 5215 ¹
979 5186 1067 5239 To
1099 5186 1236 5256 jest:
1276 5186 1606 5239 Commune.
