3797 5795
1820 420 1900 430 -
1963 386 2230 448 474—

670 590 955 638 mentum
1022 578 1425 638 temerarium
1494 585 1861 654 reputantes
1925 586 1987 636 et
2057 577 2230 655 ipsos
2299 595 2480 658 reges
2546 575 2960 637 decernentes
3019 571 3108 634 ad
3153 572 3374 632 obser-

668 692 1005 751 uacionem
1073 691 1267 768 ipsius
1326 689 1727 770 aliquatenus
1787 706 1920 749 non
1984 691 2200 750 teneri.
2279 687 2598 767 Quocirca
2658 697 2848 767 prout
2909 697 3201 746 nostrum
3249 703 3374 744 nos

667 801 953 863 hortatur
1000 801 1301 874 officium,
1347 803 1533 863 uobis
1574 821 1690 881 per
1736 801 2088 880 apostolica
2133 805 2365 880 scripta
2409 802 2676 863 firmiter
2727 798 3142 880 precipiendo
3189 815 3361 858 man·

666 914 911 989 damuS,
956 925 1271 994 quatenus
1318 933 1435 976 uos
1479 916 1755 976 uniuersi
1785 925 1849 975 et
1880 915 2109 996 singuli
2159 915 2324 976 circa
2369 917 2717 976 tuicionem
2763 913 3069 973 libertatis
3115 911 3375 972 ecclesi-

663 1029 859 1088 astice
890 1047 968 1088 ac
998 1027 1441 1089 defensionem
1472 1029 1700 1089 iurium
1745 1029 2320 1090 ecclesiasticorum
2351 1029 2620 1089 sollicite
2651 1027 3001 1110 uigilanteS,
3049 1026 3214 1086 latas
3257 1043 3374 1085 seu

664 1139 957 1202 ferendas
1002 1151 1265 1219 propter
1292 1141 1415 1202 hoc
1445 1161 1483 1201 a
1514 1143 1701 1202 nobis
1744 1145 2173 1202 communiter
2219 1143 2318 1203 uel
2367 1142 2620 1202 diuisim
2666 1140 3370 1201 excommunicacionis

662 1253 762 1313 uel
810 1254 1119 1314 interdicti
1153 1273 1266 1314 seu
1297 1273 1713 1334 quascunque
1758 1256 2105 1316 sententias
2154 1255 2596 1316 inuiolabiliter
2643 1255 2994 1314 obseruetis
3023 1262 3090 1313 et
3125 1252 3374 1312 faciatis

654 1366 1050 1428 alteruterius
1092 1369 1455 1437 sententias,
1501 1378 1811 1447 quantum
1844 1369 1909 1428 in
1943 1368 2124 1429 uobis
2155 1369 2356 1440 fuerit,
2387 1369 2709 1428 obseruari
2739 1378 2806 1428 et
2835 1367 3138 1428 ecclesias
3169 1365 3356 1426 uobis

657 1479 980 1540 subiectas
1024 1489 1089 1540 et
1134 1480 1399 1541 clericos
1460 1481 1851 1555 earumdem,
1896 1492 2089 1560 prout
2147 1480 2233 1542 ad
2294 1491 2578 1542 uestrum
2644 1490 2890 1560 spectat
2951 1479 3258 1552 officium,
3303 1481 3370 1539 in

656 1593 785 1652 suis
858 1592 1097 1652 iuribus
1165 1603 1230 1653 et
1304 1593 1698 1655 libertatibus
1773 1594 2148 1655 defendatis.
2225 1594 2527 1656 Decimas
2599 1593 3046 1654 nichilominus
3121 1592 3368 1653 eisdem

654 1704 935 1766 ecclesiis
1012 1707 1189 1766 iuxta
1268 1725 1519 1767 morem
1587 1717 1651 1767 et
1717 1708 2252 1769 consuetudinem
2321 1709 2524 1786 patrie
2599 1708 2847 1767 debitas
2919 1706 3004 1767 ab
3081 1708 3368 1785 ipsarum

653 1816 1063 1878 ecclesiarum
1128 1819 1529 1897 parochianis
1596 1822 1851 1902 exigere
1927 1821 2290 1882 nullatenus
2359 1819 2793 1893 obmittenteS,
2861 1837 2993 1879 non
3064 1819 3372 1879 obstante

652 1930 867 2008 aliquo
938 1941 1179 1991 statuto
1242 1936 1561 1993 contrario
1607 1953 1645 1993 a
1691 1934 1863 1994 laicis
1925 1953 2113 2013 super
2173 1933 2292 1994 hec
2353 1933 2545 2003 edim,
2613 1933 2831 1994 litteris
2893 1950 3118 2014 regum
3180 1934 3360 2013 regni

652 2043 937 2124 Vngarie
968 2063 1043 2104 ac
1078 2063 1300 2125 regum
1342 2046 1721 2107 eorumdem
1768 2049 2114 2109 iuratorum
2162 2049 2562 2126 prestacione
2608 2046 2861 2108 uallato.
2913 2046 3140 2107 Preces
3171 2047 3366 2127 igitur

649 2165 713 2215 et
760 2156 1136 2217 mandatum
1188 2159 1611 2236 apostolicum
1658 2178 1848 2238 super
1892 2159 2010 2220 hiis
2055 2161 2264 2221 taliter
2323 2159 2676 2240 adimplere
2721 2160 2969 2233 (ιω-θῇς,
3015 2158 3192 2238 quod
3239 2177 3366 2218 uos

648 2268 731 2328 de
778 2270 1171 2351 negligencia
1215 2271 1524 2353 redargui,
1569 2273 1682 2334 sed
1731 2273 1812 2333 de
1859 2273 2284 2334 sollicitudine
2329 2272 2768 2334 commendari
2817 2275 3030 2351 potius
3075 2272 3358 2332 ualeatis.

646 2381 769 2441 Pro
815 2395 990 2443 certo
1037 2386 1268 2458 scituri,
1316 2385 1494 2463 quod
1524 2389 1572 2446 si
1606 2405 1788 2447 secus
1836 2405 1950 2465 per
1998 2405 2116 2448 uos
2163 2387 2292 2448 fieri
2339 2389 2757 2468 contingeret,
2811 2384 3098 2446 defectus
3143 2397 3360 2445 uester

646 2507 861 2571 posset
894 2497 955 2554 in
987 2515 1224 2574 penam
1256 2509 1320 2558 et
1353 2497 1759 2576 dispendium
1806 2500 2184 2560 redundare.
2232 2500 2475 2561 Datum
2520 2499 2810 2569 viterbii,
2855 2497 3014 2560 VIII
3045 2497 3362 2558 kalendas

646 2608 942 2682 octobriS,
986 2609 1395 2687 pontificatus
1439 2613 1635 2672 nostri
1682 2631 1855 2672 anno
1903 2623 2153 2692 quarto,

815 2799 1007 2856 Liber
1051 2803 1342 2877 privileg.
1406 2813 1677 2879 eppatuS.
1740 2805 2007 2879 Zagrab.
2070 2806 2180 2863 list
2243 2811 2326 2862 14.
2387 2841 2471 2848 ——
2541 2806 2787 2864 Tkalc'ic
2845 2805 3119 2862 M‘onum.
3167 2805 3352 2879 episc.

640 2904 903 2977 Zagrab.
952 2906 1002 2962 I.
1056 2910 1393 2965 143—144.
1454 2908 1627 2966 krivo
1689 2914 1860 2968 1269.
1889 2914 2006 2987 jer
2029 2914 2106 2986 je
2145 2921 2314 2988 papa
2375 2912 2666 2969 Klement
2707 2912 2816 2970 IV.
2878 2930 3050 2968 umro
3093 2913 3208 2967 vec'
3249 2912 3352 2967 29.

638 3010 963 3068 novembra
1027 3014 1197 3068 1268.
1250 3048 1332 3053 —
1396 3015 1640 3071 [Venzel
1705 3015 1845 3073 cod.
1917 3017 2064 3092 dipl.
2129 3017 2278 3092 Arp.
2343 3017 2455 3074 XI.
2523 3020 2779 3072 590—1.
2845 3048 2931 3057 ——
2975 3014 3362 3089 Kukuljevic'

636 3114 784 3187 lx’eg.
832 3134 926 3171 no,
985 3118 1117 3173 984.

632 3569 833 3650 1268,
876 3570 1203 3652 mjeseca
1247 3573 1691 3655 septembre„
1746 3577 1805 3642 U
1850 3576 2100 3660 SenJu.

1182 3762 1613 3847 Utanac‘enja
1664 3766 1839 3829 mira
1888 3766 2182 3852 remeet-'ju
2234 3768 2448 3853 Senja
2497 3768 2531 3830 τ’
2569 3770 2784 3831 Raba.

797 3952 934 4013 Nos
980 3950 1441 4016 Cernosclauus
1484 3976 1771 4035 cupanus
1816 3958 1980 4021 filius
2025 3960 2106 4022 de
2151 3980 2362 4039 cupan
2411 3960 2725 4025 Cernochi
2771 3982 2889 4041 pro
2920 3982 2989 4024 se
3019 3974 3084 4023 et
3117 3983 3324 4043 nepo-

616 4062 789 4127 tibus
833 4068 975 4137 suiS‚
1035 4066 1327 4128 videlicet
1376 4068 1670 4131 Miterino
1714 4072 2020 4154 comiti(!)‚
2067 4072 2348 4155 Georgio
2403 4074 2534 4136 filio
2581 4076 2862 4156 Lampre
2905 4087 2970 4138 et
3001 4074 3317 4159 Gregorio

616 4175 810 4239 fratre
840 4179 987 4239 dicti
1024 4182 1273 4241 comitis
1305 4180 1598 4256 Miterini,
1646 4186 1781 4246 vice
1811 4197 1876 4247 et
1908 4189 2170 4248 nomine
2202 4208 2318 4267 pro
2353 4208 2422 4249 se
2453 4200 2518 4250 et
2551 4188 2933 4271 nepotum(l)
2982 4196 3342 4273 suorum(!)‚

612 4306 766 4351 cum
814 4303 950 4353 tota
998 4303 1211 4353 nostra
1257 4296 1609 4373 parentella
1658 4310 1721 4357 et
1768 4317 1916 4359 cum
1963 4304 2142 4361 omni
2190 4312 2410 4363 nostra
2450 4306 2862 4384 generatione
2915 4316 3212 4383 presente
3271 4319 3336 4366 et

608 4399 841 4479 futura,
888 4405 1003 4465 hiis
1050 4406 1267 4467 litteris
1314 4408 1542 4469 damus
1587 4412 1651 4471 in
1697 4410 2052 4490 futurum(l)
2111 4418 2494 4477 memoriam
2541 4418 2845 4478 vniuersis
2892 4418 3122 4497 quibus
3171 4422 3336 4481 scire

610 4518 989 4594 expedierit,
1056 4519 1234 4598 quod
1294 4539 1414 4581 nos
1474 4522 1557 4582 ad
1622 4520 1885 4605 talemo)
1949 4535 2214 4603 pactum
2261 4538 2322 4587 et
2370 4548 2600 4607 pacem
2670 4549 2818 4591 cum
2865 4536 3334 4595 communitate

610 4622 892 4690 Arbensi
939 4630 1311 4694 devenimus
1356 4652 1547 4713 super
1590 4636 1761 4697 facto
1806 4640 2150 4719 sanguinis,
2198 4658 2326 4718 que
2358 4642 2528 4703 facta
2560 4643 2676 4704 fuit
2710 4664 2824 4723 per
2853 4644 3182 4725 quendam
3217 4647 3336 4708 ho-

610 4742 855 4803 minem
902 4744 985 4804 de
1030 4742 1213 4805 Arbo
1260 4747 1325 4807 in
1372 4746 1597 4821 Radin,
1629 4752 1737 4828 qui
1770 4749 1999 4811 dicitur
2045 4750 2273 4814 Murco
2306 4752 2388 4813 de
2421 4764 2637 4816 nostra
2669 4758 3021 4835 parentella
3053 4770 3115 4819 et
3151 4759 3328 4821 idem

614 4850 823 4916 Radin
890 4861 1251 4941 presentem
1304 4878 1425 4921 vna
1470 4879 1618 4922 cum
1679 4862 1976 4924 fratribus
2022 4867 2150 4927 suis
2195 4866 2420 4927 Radac
2465 4878 2528 4928 et
2577 4868 2808 4931 Bratoe
2855 4870 3050 4932 talem
3097 4892 3326 4952 pacem

612 4975 679 5025 et
722 4978 981 5046 pactum
1020 4970 1441 5033 affirmantes:
1497 4974 1673 5051 quod
1720 4995 1832 5053 per
1864 4975 2038 5057 illa(!)
2096 4978 2479 5063 essusioness‘)
2537 4986 2861 5063 sanguinis
2917 4985 3152 5046 factam
3211 5008 3330 5066 per

615 5078 857 5141 dictum
903 5083 1106 5143 ciuem
1164 5081 1528 5146 Arbensem
1575 5086 1817 5167 dicto(!)
1856 5090 2082 5157 Radin,
2123 5094 2552 5170 promiserunt
2601 5096 2810 5157 dictus
2855 5096 3330 5161 Cernosclauus
