3797 5795
1522 351 1787 413 μ-437
1863 388 1930 393 —

1630 637 1829 730 906.

388 836 581 916 1267,
621 839 723 900 22.
770 838 1110 919 augusta.
1160 836 1219 900 U
1264 835 1527 901 Zadru.

386 1026 623 1110 Gjmv,
669 1026 859 1095 sven,
913 1026 1158 1109 Sfojan
1222 1024 1347 1088 z'td.
1396 1026 1713 1110 obvezuja
1774 1048 1845 1087 se
1905 1043 2303 1088 samos-mnu
2351 1046 2444 1088 sv.
2508 1026 2870 1088 Km‘evcma
2935 1025 3090 1110 zbog

991 1138 1353 1223 primljene
1398 1139 1630 1223 zemlje
1678 1162 1769 1201 na
1816 1140 2021 1201 otoku
2070 1139 2454 1205 Pas‘manu.

554 1331 619 1392 In
665 1333 923 1391 nomine
971 1331 1213 1391 domini
1262 1349 1467 1391 amen.
1514 1329 1713 1392 Anno
1759 1333 2220 1392 incarnacionis
2267 1332 2400 1390 eius
2446 1331 2785 1392 millesimo
2832 1331 3071 1392 ducen-

381 1445 603 1505 tesimo
645 1435 1047 1525 sexagesimo
1093 1446 1385 1522 septim0,
1418 1447 1653 1504 mensis
1698 1447 1966 1525 augusti,
1998 1445 2100 1504 die
2133 1443 2386 1504 decimo
2428 1455 2724 1519 exeunte,
2757 1445 3076 1505 indicione

380 1557 634 1630 decima,
681 1557 1075 1636 temporibus
1120 1556 1421 1633 equidem
1468 1559 1711 1616 domini
1766 1558 2058 1634 Raynerii
2108 1555 2269 1619 Geni
2321 1555 2512 1618 incliti
2563 1557 2742 1618 ducis
2791 1557 3076 1618 Venecie

380 1683 446 1732 et
489 1672 755 1752 magistri
804 1670 1129 1732 Laurentii
1176 1671 1549 1731 venerabilis
1590 1669 1912 1750 Jadrensis
1955 1671 2451 1749 archyepiscopi,
2497 1689 2572 1730 ac
2620 1671 2865 1731 domini
2914 1671 3076 1749 Phy-

386 1784 527 1863 lippi
586 1781 952 1845 Mauroceni
1016 1786 1246 1865 egregii
1310 1784 1575 1844 comitis.
1655 1781 2066 1844 Manifestum
2129 1783 2392 1843 facimus
2455 1801 2572 1842 nos
2638 1782 2894 1860 quidem
2948 1781 3074 1845 Ge-

382 1898 585 1976 orgius
643 1895 952 1976 presbiter
1012 1896 1174 1958 filius
1237 1896 1428 1970 Milci,
1482 1895 1806 1976 Johannes
1854 1896 2217 1957 diuornicus
2263 1893 2426 1956 filius
2471 1895 2803 1975 quondam
2853 1895 3076 1979 (janni,

384 2009 738 2088 Stoyannus
799 2009 962 2070 filius
1023 2009 1353 2088 quondam
1417 2008 1814 2087 Dyminotte‚
1876 2008 2241 2088 Stephanus
2305 2009 2484 2090 Ruga
2531 2008 2694 2069 filius
2742 2007 3072 2087 quondam

382 2121 717 2205 (Jughinge,
764 2118 1005 2202 Stepco
1074 2135 1137 2183 et
1206 2121 1537 2183 Raddinus
1606 2123 1828 2184 fratres
1896 2121 2000 2182 filii
2059 2119 2378 2200 Dyminci,
2449 2119 2684 2200 Clopot
2754 2121 3074 2199 Dymince

379 2235 529 2295 filius
586 2235 918 2314 quondam
982 2235 1289 2317 Bogdani,
1353 2235 1675 2317 Drocinga
1745 2235 1909 2296 filius
1970 2234 2302 2314 quondam
2367 2231 2611 2295 Milosci
2679 2246 2742 2295 et
2799 2233 3077 2312 Jacobus

378 2351 504 2408 eius
546 2348 749 2422 frater,
810 2345 1151 2430 Gregorius
1198 2349 1361 2410 filius
1423 2349 1751 2430 quondam
1802 2347 1952 2410 Desi
2003 2347 2305 2426 Dompco
2352 2359 2414 2408 et
2465 2341 2809 2430 [Bjogdasa
2856 2335 3077 2406 fratres

378 2459 478 2520 filii
520 2461 849 2540 quondam
914 2458 1181 2540 Nycole,
1242 2463 1487 2541 Stoyco
1535 2457 1696 2522 filius
1762 2463 1986 2534 Bratci‚
2036 2459 2274 2543 (Joillus
2319 2460 2482 2521 filius
2529 2461 2856 2538 quondam
2914 2458 3073 2520 Dra-

374 2577 661 2654 gouanni,
709 2573 1020 2636 Martinus
1066 2571 1229 2636 filius
1277 2574 1606 2653 quondam
1655 2575 1931 2646 Bobrati‚
1979 2571 2356 2652 Dymincius
2397 2573 2730 2654 Boscouig,
2776 2573 3074 2633 Dimince

376 2685 527 2747 filius
572 2688 899 2766 quondam
970 2689 1349 2757 Preuoslaui,
1412 2687 1812 2749 Radoslauus
1860 2687 2021 2748 filius
2069 2687 2399 2764 quondam
2469 2686 2716 2765 Radoy,
2764 2685 3071 2765 Dyminoi

374 2797 529 2860 filius
596 2799 944 2860 Bratoslaui
1032 2814 1094 2860 et
1166 2797 1498 2877 Granicius
1566 2801 1728 2862 filius
1803 2801 2134 2881 quondam
2216 2799 2482 2878 Nycolc,
2553 2801 2887 2878 quomodo
2957 2821 3071 2862 vos

377 2912 629 2991 quidem
676 2914 1006 2992 Nycolaus
1038 2913 1416 2997 §imiteculo
1463 2916 1663 2975 abbas
1710 2917 2076 2975 monasterii
2123 2916 2323 2974 sancti
2371 2912 2708 2995 Grisogoni
2759 2914 2841 2973 de
2881 2914 3072 2994 Jadra

382 3044 497 3085 vna
556 3046 703 3087 cum
764 3029 988 3087 uestris
1049 3028 1344 3088 fratribus
1401 3027 1731 3088 monachis
1778 3028 1859 3088 de
1907 3046 2222 3087 consensu
2272 3027 2501 3087 nobilis
2546 3030 2654 3086 viri
2703 3028 3074 3105 Lampredii

376 3140 463 3200 de
512 3140 755 3219 Nycola
800 3142 1085 3203 eiusdem
1135 3144 1319 3202 vestri
1372 3142 1733 3201 monasterii
1781 3141 2077 3202 aduocati
2127 3141 2390 3201 dedistis
2434 3152 2626 3219 atque
2673 3142 3073 3201 concessistis

372 3256 549 3315 nobis
609 3258 967 3334 nostrisque
1028 3256 1367 3316 heredibus
1414 3268 1477 3316 et
1524 3255 1992 3315 successoribus
2039 3256 2290 3314 vineam
2360 3252 2665 3333 plantare,
2713 3254 3064 3314 secundum

368 3368 540 3447 quod
605 3368 908 3447 presalias
976 3369 1241 3430 fecimus
1288 3370 1351 3429 in
1399 3367 1680 3447 quadam
1751 3380 1914 3428 terra
1984 3369 2384 3446 suprascripti
2451 3370 2635 3427 vestri
2701 3369 3067 3428 monasterii

372 3483 568 3557 posita
614 3484 675 3542 in
726 3481 1091 3563 Pisgimano
1154 3502 1342 3560 super
1402 3482 1736 3542 ecclesiam
1801 3484 1999 3540 sancti
2052 3480 2324 3554 Martini,
2370 3481 2432 3539 in
2481 3480 2625 3539 loco
2690 3482 2794 3557 qui
2843 3480 3072 3540 dicitur

372 3592 629 3669 Bidnak,
692 3594 917 3667 taliter,
962 3596 1139 3674 quod
1200 3594 1357 3656 dum
1420 3598 1587 3675 ipsas
1632 3606 1880 3655 nostras
1948 3595 2249 3673 presalias
2294 3607 2456 3654 terre
2505 3594 2653 3653 dicti
2703 3596 3068 3654 monasterii

372 3704 768 3768 habuerimus
814 3719 876 3768 et
924 3728 1005 3768 ex
1054 3711 1143 3769 eis
1206 3709 1479 3769 fructum
1542 3709 1876 3769 extrahere
1939 3710 2306 3787 poterimuS,
2354 3707 2504 3766 dare
2565 3718 2897 3766 teneamur
2957 3725 3070 3785 per

369 3837 483 3880 nos
539 3831 923 3899 nostrosque
985 3822 1250 3882 heredes
1312 3832 1375 3882 et
1435 3841 1831 3882 successores
1893 3823 2222 3882 annuatim
2287 3820 2467 3880 vobis
2533 3822 2882 3897 uestrisque
2929 3838 3066 3879 suc-

367 3936 713 3994 cessoribus
763 3948 1054 4012 quartam
1102 3946 1349 4013 partem
1400 3937 1594 3995 totius
1640 3937 1763 3995 vini
1812 3934 2240 3995 conducendo
2287 3952 2431 3993 eam
2481 3934 2709 3993 nostris
2769 3934 3068 4011 expensis

270 4064 275 4068 ·
368 4064 504 4107 cum
556 4049 778 4108 nuntio
826 4051 1191 4109 monasterii
1237 4068 1437 4127 Vsque
1485 4052 1547 4109 in
1594 4059 1872 4108 vestrum
1943 4049 2419 4120 monasterium,
2466 4049 2513 4106 si
2563 4057 2810 4105 nostras
2855 4056 3068 4124 partes

362 4156 539 4237 Jadre
605 4160 1120 4222 conduxerimus.
1168 4160 1235 4223 Si
1282 4181 1436 4222 uero
1506 4172 1754 4222 nostras
1820 4176 2034 4239 partes
2103 4162 2163 4219 in
2213 4159 2414 4221 insula
2478 4159 3064 4240 gube1·nauerimu5‚

368 4280 510 4333 tunc
575 4286 825 4352 partem
896 4285 1168 4334 vestram
1240 4274 1553 4335 debemus
1620 4276 1850 4334 nostris
1912 4276 2210 4351 expensis
2279 4272 2639 4333 conducere
2686 4274 2748 4331 in
2798 4272 3060 4332 barcam

366 4397 649 4459 vestram,
680 4386 783 4446 uel
816 4387 867 4445 si
900 4387 1080 4446 vobis
1114 4387 1339 4448 melius
1384 4387 1689 4465 placuerit
1735 4387 2098 4447 conducere
2146 4386 2458 4445 debemus
2505 4397 2751 4463 partem
2787 4395 3064 4445 vestram

366 4502 583 4559 nostris
647 4501 949 4578 expensis
1017 4503 1081 4559 in
1154 4500 1366 4560 villam
1436 4502 1624 4560 uestri
1699 4501 2065 4560 monasterii
2128 4502 2190 4559 in
2257 4500 2484 4559 eadem
2559 4499 2759 4559 insula
2807 4512 2870 4559 et
2918 4520 3062 4559 eam

366 4611 603 4673 ibidem·
658 4612 1026 4673 locabimus.
1077 4612 1176 4673 De
1238 4614 1383 4673 oleo
1446 4613 1709 4692 quidem
1757 4623 1819 4673 et
1866 4612 1950 4673 de
1996 4614 2172 4672 omni
2235 4612 2359 4672 alio
2407 4612 2629 4682 fructu,
2678 4614 2912 4673 recenti
2965 4614 3070 4675 uel

368 4725 543 4799 siccO,
574 4746 657 4787 ex
691 4726 935 4787 eisdem
983 4727 1264 4805 presaliis
1311 4725 1547 4799 habito,
1578 4727 1860 4787 similiter
1893 4733 2206 4804 quartam'
2233 4737 2481 4803 partem
2529 4726 2710 4785 vobis
2753 4725 3065 4786 dabimus

364 4836 421 4899 Si
466 4858 617 4901 uero
680 4840 764 4899 de
824 4839 1039 4918 aliquo
1102 4839 1307 4900 fructu
1355 4861 1439 4900 ex
1494 4842 1583 4900 eis
1629 4840 1864 4913 habito,
1912 4850 2044 4898 tam
2093 4839 2176 4898 de
2220 4842 2477 4911 recenti,
2524 4858 2716 4913 quam
2766 4839 2847 4899 de
2895 4842 3065 4899 sicco

364 4952 837 5027 vendiderimuS‚
886 4964 1184 5032 quartum
1232 4954 1563 5015 denarium
1612 4954 1792 5013 vobis
1832 4953 2172 5013 soluemus.
2206 4952 2286 5013 Et
2321 4957 2370 5013 si
2405 4936 2559 5013 ficus
2592 4963 2879 5013 recentes
2911 4952 3061 5012 inde

364 5062 596 5127 habitas
642 5068 910 5127 domum
960 5069 1425 5146 portauerimus
1472 5067 1554 5127 ad
1600 5066 2168 5140 commedendum,
2214 5068 2381 5145 ipsas
2428 5068 2623 5127 libere
2671 5066 3049 5126 habebimus
