3797 5795
1424 368 1503 375 ——-
1560 330 1681 393 115
1754 366 1833 374 ——

312 554 383 612 ibi
420 562 509 612 est
554 562 721 611 meta
770 560 1002 623 terrea;
1048 553 1199 609 item
1250 549 1399 609 inde
1445 548 1793 609 descendet
1859 556 1924 607 et
1971 550 2304 626 perueniet
2358 547 2440 606 ad
2502 547 2800 606 arborem
2847 565 2982 628 gar-

318 665 461 725 tanfa
506 676 566 724 et
610 665 693 723 ibi
742 674 837 723 est
883 675 1055 724 meta
1118 675 1337 723 terrea.
1406 662 1561 721 Item
1626 661 1776 721 inde
1841 659 2193 721 descendet
2261 661 2515 721 inferius
2583 661 2664 720 ad
2734 672 2979 739 partem

317 777 658 838 orientalem
706 776 791 837 ad
838 794 1139 857 magnam
1171 762 1341 836 uiam
1374 774 1725 855 huguria(!),
1748 774 1831 834 ad
1862 784 2108 852 partem
2140 774 2625 834 meridionalem
2673 774 2875 834 tendit
2922 785 2984 834 et

313 891 459 951 cadit
502 892 724 951 iterum
771 890 854 949 ad
901 891 1175 967 priorem
1224 899 1463 948 metam
1496 898 1557 947 et
1591 888 1677 946 ibi
1710 888 2131 947 terminantur
2166 897 2337 947 mete
2368 898 2678 947 terrarum
2711 887 2982 948 filiorum

310 1003 461 1065 s‘elk.
506 1003 662 1063 Item
710 1004 1016 1081 incipiunt
1064 1013 1234 1062 mete
1282 1012 1583 1061 terrarum
1650 999 2003 1060 eorundem
2067 1002 2488 1060 existencium
2553 1002 2613 1059 in
2677 1002 2984 1061 comitatu

315 1115 699 1177 Vorosdiensi
750 1115 855 1175 tali
904 1115 1135 1175 modo:
1199 1116 1401 1192 prima
1462 1114 1648 1193 igitur
1712 1122 1881 1171 meta
1947 1114 2162 1190 incipit
2210 1112 2292 1171 ab
2341 1113 2570 1172 arbore
2621 1132 2746 1190 que
2793 1114 2986 1193 uulgo

304 1230 521 1310 gertian
567 1228 795 1288 dicitur
840 1246 1025 1287 cruce
1070 1228 1317 1307 signata
1364 1236 1427 1285 et
1462 1226 1545 1284 ibi
1592 1236 1687 1284 est
1736 1236 1907 1284 meta
1954 1236 2182 1295 terrea;
2231 1224 2314 1283 ibi
2352 1243 2506 1284 uero
2549 1227 2675 1284 iam
2708 1226 2790 1284 ab
2823 1228 2986 1285 occi-

304 1342 475 1401 dente
518 1351 662 1401 sunt
712 1351 883 1400 mete
929 1351 1091 1400 terre
1136 1339 1241 1400 filii
1294 1340 1485 1411 Isaac,
1538 1340 1620 1398 ab
1683 1340 1928 1398 oriente
1987 1356 2138 1397 uero
2185 1349 2348 1397 terra
2397 1356 2617 1398 eorum
2668 1350 2730 1398 et
2777 1338 2981 1399 tendit

308 1464 457 1514 recte
500 1464 721 1513 contra
767 1455 1267 1532 septentrionem
1314 1462 1377 1511 et
1410 1452 1699 1529 peruenit
1731 1450 1814 1510 ad
1844 1451 2138 1510 arborem
2175 1469 2299 1528 que
2345 1451 2541 1531 uulgo
2576 1468 2730 1531 egur
2761 1452 2987 1511 dicitur

308 1580 359 1627 et
404 1567 481 1626 ibi
524 1562 665 1645 test)
718 1577 889 1625 meta
936 1576 1154 1638 terrea,
1201 1565 1284 1625 de
1330 1564 1479 1624 inde
1527 1566 1741 1624 ueniet
1788 1564 1870 1623 ad
1921 1564 2157 1623 metam
2227 1574 2500 1623 terream
2577 1568 2754 1625 iuxta
2818 1568 2984 1624 uiam

304 1682 557 1757 positam
603 1680 664 1738 in
712 1679 1005 1739 arborem
1078 1696 1348 1757 quercus
1409 1688 1471 1737 et
1534 1677 1619 1736 ibi
1668 1688 1838 1737 meta
1911 1687 2111 1736 terrea
2181 1679 2388 1753 posita
2462 1679 2623 1737 inter
2691 1679 2986 1738 arborem

295 1792 517 1851 dictam
564 1802 629 1851 et
673 1792 970 1851 arborem
1018 1794 1191 1869 pomi
1241 1802 1305 1850 et
1338 1790 1487 1850 inde
1518 1790 1693 1851 uadit
1726 1790 1810 1851 ad
1842 1790 2140 1849 arborem
2187 1788 2388 1849 salicis
2437 1809 2623 1850 cruce
2670 1792 2982 1871 signatam

300 1923 433 1963 cum
478 1915 683 1964 terrea
728 1916 923 1977 meta,
967 1904 1049 1963 de
1110 1904 1259 1963 inde
1324 1904 1501 1963 uadit
1561 1923 1674 1981 per
1736 1905 1902 1963 uiam
1973 1921 2189 1962 uersus
2251 1904 2652 1963 occidentem
2702 1915 2763 1964 et
2813 1906 2988 1964 iuxta

300 2032 381 2077 est
423 2018 613 2077 arbor
659 2036 785 2093 que
832 2017 1025 2098 uulgo
1073 2019 1167 2076 nir
1213 2017 1457 2089 dicitur,
1502 2016 1745 2076 habens
1792 2017 1912 2076 sub
1959 2036 2026 2075 se
2081 2026 2352 2076 terream
2405 2027 2663 2089 metam,
2711 2018 2799 2088 de,
2839 2018 2988 2077 inde

294 2133 414 2190 exit
458 2131 543 2191 de
588 2132 689 2191 uia
737 2141 799 2190 et
848 2129 1052 2191 tendit
1098 2148 1317 2192 uersus
1362 2130 1866 2207 septentrionem
1916 2148 2028 2207 per
2061 2140 2263 2189 metas
2307 2140 2545 2189 terreas
2591 2140 2652 2191 et
2702 2133 2990 2208 peruenit

296 2244 369 2303 ad
410 2247 581 2304 uiam
628 2258 689 2304 et
738 2242 944 2303 tendit
989 2254 1213 2303 contra
1259 2243 1666 2303 occidentem
1714 2253 1778 2302 et
1824 2244 2048 2302 exiens
2096 2242 2176 2302 de
2223 2244 2324 2303 uia
2374 2243 2549 2303 uadit
2596 2242 2679 2303 ad
2726 2243 2982 2304 salicem

291 2376 465 2417 cruce
512 2359 833 2438 signatam
882 2375 1027 2415 cum
1078 2367 1246 2416 meta
1296 2368 1517 2429 terrea,
1564 2355 1647 2415 de
1694 2355 1844 2414 inde
1909 2357 2120 2414 ueniet
2167 2356 2249 2414 ad
2313 2365 2550 2416 metam
2603 2367 2874 2416 terream
2925 2368 2988 2417 et

298 2472 545 2530 uertitur
592 2472 821 2529 iterum
881 2482 1105 2529 contra
1169 2471 1672 2547 septentrionem
1722 2478 1783 2527 et
1834 2469 2011 2529 uadit
2072 2487 2186 2547 per
2247 2488 2550 2547 campum
2612 2488 2726 2548 per
2787 2482 2991 2530 metas

294 2595 349 2641 et
394 2582 542 2642 inde
588 2584 753 2643 inter
798 2600 1099 2662 magnam
1164 2584 1335 2641 uiam
1398 2600 1523 2661 que
1572 2581 1776 2641 tendit
1824 2581 1908 2641 ad
1958 2580 2284 2656 Vor·asd(!)
2333 2600 2447 2659 per
2497 2582 2770 2641 eandem
2819 2585 2991 2643 uiam

290 2696 567 2775 graditur
614 2707 839 2755 contra
884 2694 1290 2755 occidentem
1341 2706 1402 2753 et
1450 2696 1531 2753 ibi
1582 2693 1796 2755 deficit
1844 2705 2008 2754 terra
2057 2694 2159 2753 filii
2223 2695 2399 2753 Isaac
2446 2706 2507 2754 et
2556 2708 2649 2754 est
2695 2715 2808 2773 per
2857 2714 2993 2755 mo-

291 2808 499 2868 dicum
546 2810 836 2886 spacium
882 2820 1369 2867 commetanens
1421 2808 1692 2868 chhuc
1738 2808 2052 2885 prefatus;
2100 2807 2182 2866 de
2245 2807 2394 2866 inde
2442 2810 2574 2867 exit
2638 2808 2719 2868 de
2765 2809 2868 2869 uia
2930 2819 2993 2868 et

296 2921 459 2982 uadit
505 2934 733 2982 contra
780 2923 1283 3000 septentrionem
1330 2941 1445 2999 per
1488 2933 1724 2981 terreas
1772 2931 1978 2981 metas
2024 2941 2138 3001 per
2199 2939 2504 3000 campum
2565 2925 2752 2982 situm
2817 2924 2994 2982 iuxta

296 3035 548 3096 Vorosd
597 3053 799 3112 usque
844 3035 927 3095 ad
976 3034 1309 3095 fundatam
1356 3037 1525 3094 uiam
1590 3045 1655 3094 et
1715 3037 1942 3094 iterum
2005 3035 2088 3094 ibi
2151 3046 2246 3094 est
2307 3046 2794 3096 commetaneus
2856 3055 2995 3114 pre-

294 3147 449 3209 fatus
496 3148 661 3208 filius
710 3147 884 3208 Isaac
930 3159 993 3208 et
1041 3148 1123 3207 ibi
1173 3150 1677 3207 conterminatur
1725 3157 1887 3207 terre
1935 3167 2159 3207 eorum
2203 3158 2367 3208 terra
2437 3149 2707 3210 filiorum
2779 3149 2998 3210 Lodo-

296 3263 461 3322 metii
510 3272 575 3321 ct
622 3281 735 3339 per
774 3261 1009 3321 dictam
1060 3263 1229 3321 uiam
1280 3261 1455 3320 uadit
1500 3271 1723 3320 contra
1771 3263 2102 3334 orientem,
2149 3260 2230 3320 de
2277 3261 2426 3320 inde
2474 3263 2603 3322 exit
2657 3262 2738 3321 de
2786 3264 2886 3322 uia
2934 3273 2996 3323 et

294 3375 463 3435 uadit
509 3384 733 3435 contra
782 3373 1110 3434 meridiem
1158 3392 1268 3452 per
1318 3383 1521 3433 metas
1567 3385 1803 3434 terreas
1844 3383 1908 3433 ct
1939 3375 2442 3434 conterminatur
2487 3385 2650 3434 terre
2696 3378 2997 3435 castrensi

286 3499 353 3547 et
397 3490 589 3548 intrat
635 3489 697 3546 in
745 3487 979 3547 uallem
1025 3498 1087 3546 et
1134 3485 1309 3546 uadit
1356 3505 1469 3564 per
1514 3486 1789 3547 eandem
1836 3498 2059 3547 contra
2106 3488 2436 3560 orientem,
2485 3487 2565 3547 de
2613 3489 2761 3549 inde
2808 3491 2997 3549 intrat

296 3603 353 3660 in
402 3601 735 3680 quoddam
785 3601 1017 3672 lucum,
1085 3599 1263 3678 quod
1330 3599 1521 3680 uulgo
1578 3600 1867 3660 malacha
1932 3600 2158 3659 dicitur
2219 3611 2279 3660 et
2329 3620 2442 3678 per
2486 3620 2629 3661 eam
2701 3601 2872 3662 uadit
2936 3613 3000 3662 et

290 3717 511 3774 exiens
558 3713 731 3774 uadit
778 3713 861 3772 ad
909 3721 1146 3772 metam
1195 3724 1465 3772 terream
1514 3724 1733 3773 contra
1787 3713 2116 3773 meridiem
2159 3716 2434 3790 positam
2469 3726 2531 3774 et
2565 3715 2752 3775 intrat
2800 3735 2999 3795 quan-

298 3827 443 3886 dam
491 3828 663 3886 uiam
713 3837 775 3884 et
822 3825 997 3885 uadit
1044 3844 1156 3902 per
1201 3844 1345 3885 eam
1392 3836 1613 3886 contra
1664 3826 1993 3886 meridiem
2043 3845 2155 3904 per
2188 3845 2457 3904 paruum
2492 3829 2811 3904 spacium;
2850 3829 3000 3889 inde

294 3943 424 3999 exit
469 3939 551 3999 de
598 3941 701 3998 uia
745 3948 808 3997 et
855 3939 1043 3997 intrat
1089 3940 1153 3998 in
1202 3937 1416 3998 lucum
1478 3941 1744 3998 nomino
1792 3939 2034 4018 uulgari
2085 3939 2371 3999 malacha
2435 3950 2497 3998 et
2545 3939 2717 3999 uadit
2782 3953 3002 4001 contra

294 4055 607 4112 orientem
653 4070 767 4128 per
814 4061 1017 4110 metas
1062 4062 1299 4111 terreas
1344 4062 1407 4110 et
1453 4055 1626 4111 uenit
1674 4051 1757 4110 ad
1803 4052 2100 4112 arborem
2149 4071 2420 4131 quercus
2452 4071 2640 4112 cruce
2687 4055 3001 4134 signatam

294 4163 639 4225 habentem
691 4175 929 4224 metam
992 4173 1285 4237 terream,
1356 4165 1435 4225 de
1490 4164 1639 4223 inde
1687 4167 1950 4225 uertitur
1997 4175 2219 4225 contra
2267 4168 2769 4243 septentrionem
2827 4170 3002 4227 iuxta

297 4296 523 4338 nemus
568 4280 631 4337 in
680 4277 975 4338 arborem
1026 4297 1151 4356 que
1197 4279 1391 4358 uulgo
1440 4278 1667 4338 dicitur
1713 4277 2020 4338 tulharast
2053 4297 2238 4338 cruce
2291 4281 2602 4359 signatam
2657 4279 2997 4339 habentem

296 4399 568 4451 terream
618 4401 883 4462 metam,
928 4391 1010 4451 de
1056 4391 1205 4451 inde
1252 4390 1419 4451 cadit
1467 4393 1530 4450 in
1576 4389 1934 4450 malacham
1981 4402 2044 4451 et
2091 4391 2268 4452 uadit
2326 4411 2439 4470 per
2503 4403 2707 4451 metas
2769 4405 3003 4452 terreas

296 4517 359 4564 et
422 4505 739 4564 transiens
800 4503 971 4563 cadit
1016 4505 1079 4563 in
1127 4504 1435 4564 fossatum
1483 4515 1765 4564 ueterem
1830 4525 1867 4564 a
1915 4525 2046 4584 quo
2115 4507 2338 4566 exiens
2406 4507 2624 4565 transit
2687 4507 2874 4577 uiam,
2920 4506 3006 4566 ibi

296 4626 444 4677 sunt
490 4619 698 4695 posite
746 4615 871 4676 due
919 4627 1089 4677 mete
1135 4630 1356 4696 terree‚
1400 4617 1481 4678 de
1542 4617 1693 4678 inde
1761 4619 1937 4679 uadit
1999 4631 2062 4680 et
2125 4621 2312 4680 intrat
2385 4621 2444 4679 in
2509 4618 2706 4679 ualles
2768 4631 2828 4679 et
2895 4638 3008 4697 per

298 4729 533 4790 dumos
594 4731 705 4809 qui
766 4729 961 4810 uulgo
1036 4733 1318 4810 raquetie
1394 4741 1660 4791 uocatur
1739 4733 1914 4793 uadit
1993 4752 2191 4812 usque
2267 4734 2347 4793 ad
2428 4733 2758 4793 fundatam
2839 4733 3006 4791 uiam

299 4843 586 4920 superius
632 4854 1060 4903 memoratam
1106 4855 1169 4903 et
1202 4844 1286 4902 ibi
1318 4856 1463 4904 sunt
1512 4845 1639 4906 due
1686 4856 1855 4907 mete
1903 4858 2122 4915 terreo,
2171 4847 2319 4906 inde
2371 4847 2683 4905 transiens
2729 4845 2896 4906 cadit
2947 4847 3008 4905 in

299 4954 493 5014 aliam
540 4955 711 5014 uiam
760 4956 1078 5016 minorem
1123 4967 1187 5016 et
1233 4975 1347 5036 per
1394 4977 1533 5018 eam
1586 4959 1762 5019 uadit
1832 4969 2057 5020 contra
2119 4960 2518 5020 occidentem
2585 4970 2648 5018 et
2697 4958 2778 5017 ibi
2829 4975 3010 5035 sepa·

298 5079 473 5128 ratur
516 5089 553 5129 a
598 5079 766 5129 terra
811 5071 1113 5130 castrensi
1144 5082 1210 5130 et
1239 5073 1741 5132 conterminatur
1788 5085 1952 5133 terre.
1997 5069 2270 5132 filiorum
2322 5071 2692 5132 'Lodomerii
2737 5084 2801 5132 et
2834 5081 3013 5130 tenet

2891 5197 2925 5232 λ’·
