3797 5795
1929 366 2338 432 -540-

740 564 805 616 et
850 557 1015 618 inter
1057 566 1397 639 utramque
1458 558 1764 620 Halinam
1822 578 1941 638 per
1985 568 2267 620 veterem
2313 558 2483 619 viam
2529 560 2702 620 venit
2745 557 2832 619 ad
2877 567 3120 619 metam
3175 568 3444 618 terream

735 668 925 729 sitam
968 669 1143 749 apud
1186 671 1529 747 fraxinum,
1585 671 1822 733 deinde
1881 675 2056 733 venit
2099 672 2186 733 ad
2231 682 2472 735 metam
2535 674 2726 733 sitam
2783 671 2906 733 sub
2966 671 3200 732 arbore
3261 671 3448 743 nucis,

736 769 917 843 iuxta
982 782 1195 844 villam
1256 803 1384 864 que
1446 796 1543 845 est
1600 803 1795 865 super
1858 784 2134 847 rivulum
2201 784 2513 868 Scegune,
2579 784 2732 846 inde
2797 787 3111 846 transiens
3179 783 3446 844 rivulum

736 890 1028 977 Scegena
1086 895 1173 957 ad
1230 898 1441 975 pirum
1502 916 1691 959 cruce
1750 900 2088 980 signatam,
2149 897 2299 959 inde
2365 916 2482 977 per
2547 897 2826 959 eandem
2893 899 3064 957 viam
3129 894 3310 957 cadit
3373 894 3452 957 ad

735 1016 1001 1069 stratam
1066 1010 1524 1072 exercitualem
1590 1030 1797 1091 prope
1873 1010 2146 1073 domum
2213 1011 2473 1075 Martini
2538 1010 2648 1073 filii
2717 1010 3024 1089 Ladizlay
3092 1020 3156 1071 et
3223 1011 3450 1071 iterum

736 1119 1081 1183 reflectitur
1125 1123 1207 1184 ad
1250 1134 1467 1203 partes
1514 1125 1855 1186 orientales
1901 1124 1985 1185 ad
2035 1124 2456 1187 monticulum
2503 1122 2940 1206 Ozlaguriche,
2982 1123 3094 1184 ubi
3125 1133 3230 1184 εει
3261 1134 3446 1195 meta,

734 1233 885 1296 inde
950 1236 1129 1296 iuxta
1187 1245 1387 1297 terras
1454 1235 1715 1320 Georgii
1780 1238 1958 1299 vadit
2025 1237 2111 1299 ad
2177 1238 2388 1318 pirum
2461 1238 2986 1319 crucesignatam‚
3055 1234 3302 1297 deinde
3367 1234 3448 1296 ad

734 1364 1023 1408 cerasum
1070 1367 1187 1428 per
1230 1352 1398 1410 viam
1445 1352 1511 1411 in
1556 1361 1731 1411 meta
1784 1370 2076 1414 cerasum
2123 1351 2270 1413 dico
2315 1352 2720 1425 existentem,
2764 1349 3002 1412 deinde
3045 1348 3449 1429 protenditur

734 1457 819 1519 ad
865 1470 1105 1521 metam
1173 1463 1363 1523 sitam
1408 1464 1473 1524 in
1517 1465 1658 1543 piro
1704 1483 1894 1525 cruce
1953 1466 2268 1548 signatam
2316 1476 2382 1525 et
2425 1464 2514 1526 ibi
2557 1466 2782 1526 exiens
2842 1463 2925 1525 de
2971 1466 3070 1525 via
3116 1466 3184 1524 in
3231 1461 3448 1523 silvam

733 1570 819 1632 ad
878 1572 1083 1634 ilicem
1153 1574 1391 1655 duplici
1460 1595 1647 1638 cruce
1714 1580 2032 1659 signatam
2095 1588 2160 1639 et
2221 1580 2444 1639 transit
2507 1577 2730 1639 silvam
2792 1576 2878 1638 ad
2939 1576 3150 1638 ilicem
3224 1578 3450 1636 iterum

731 1682 971 1763 duplici
1014 1705 1203 1749 cruce
1244 1690 1582 1771 signatam,
1626 1690 1713 1751 ab
1758 1690 1912 1752 inde
1956 1692 2006 1752 it
2055 1693 2237 1753 iuxta
2281 1690 2497 1753 villam
2543 1690 2807 1773 Georgii
2852 1690 2938 1752 ad
2983 1690 3198 1751 ilicem
3245 1687 3450 1749 adhuc

732 1796 969 1877 duplici
1034 1818 1223 1863 cruce
1288 1804 1625 1885 signatam,
1692 1803 1843 1865 inde
1909 1823 2024 1884 per
2090 1804 2316 1866 silvam
2375 1815 2442 1866 et
2499 1823 2616 1884 per
2675 1814 2884 1866 metas
2943 1792 3212 1865 arbores
3259 1820 3442 1863 cruce

731 1909 1012 1991 signatas
1070 1914 1243 1975 venit
1287 1915 1371 1976 ad
1417 1916 1713 1977 arborem
1762 1918 1914 1993 ianr,
1971 1917 2122 1979 inde
2166 1937 2282 1998 per
2325 1918 2524 1979 altam
2585 1919 2795 1998 pirum
2857 1936 3046 1979 cruce
3107 1919 3444 1998 signatam,

731 2021 967 2086 deinde
1010 2044 1127 2104 per
1172 2027 1339 2088 viam
1370 2027 1545 2090 vadit
1589 2029 1674 2090 ad
1720 2029 1986 2091 fluvium
2016 2026 2356 2113 Budune(i)
2389 2030 2844 2110 supradictum,
2874 2032 2938 2092 in
2970 2032 3150 2091 cuius
3183 2030 3328 2109 ripa
3357 2040 3446 2089 est

730 2145 906 2196 meta
948 2137 1068 2197 sub
1114 2139 1271 2215 ilice,
1330 2142 1773 2222 transiensque
1829 2162 2068 2223 aquam
2115 2143 2201 2205 ad
2245 2154 2489 2204 metam
2537 2161 2664 2222 que
2707 2153 2805 2205 est
2863 2143 2984 2205 sub
3045 2146 3196 2222 piro
3244 2142 3444 2203 tendit

728 2246 815 2309 ad
858 2248 1157 2312 arborem
1204 2270 1360 2334 egur
1404 2272 1593 2316 cruce
1636 2256 1972 2337 signatam,
2018 2255 2254 2318 deinde
2298 2257 2552 2318 rediens
2611 2258 2840 2318 iterum
2886 2255 2970 2318 ad
3016 2256 3166 2318 litus
3217 2254 3443 2317 Drawe

730 2364 1136 2444 contignatur
1178 2368 1371 2445 priori
1417 2376 1590 2429 mete
1621 2378 1687 2429 et
1716 2369 1801 2429 ibi
1848 2370 2238 2430 terminatur.
2287 2368 2360 2430 In
2403 2372 2584 2431 cuius
2613 2369 3023 2443 vendicionis,
3067 2368 3440 2429 tradicionis

728 2474 861 2535 sive
903 2478 1359 2558 assignacionis
1401 2480 1570 2541 facte
1616 2484 1996 2543 memoriam
2042 2491 2106 2543 et
2152 2482 2348 2543 robur
2376 2492 2762 2562 perpetuum
2807 2481 2892 2543 ad
2935 2484 3338 2561 peticionem
3379 2494 3440 2542 et

727 2587 1109 2650 instanciam
1174 2600 1307 2653 tam
1377 2594 1605 2672 prefati
1674 2592 1966 2673 Dyonisii
2035 2597 2361 2674 emptoris,
2429 2614 2630 2676 quam
2693 2593 2906 2675 Curey
2963 2594 3328 2656 venditoris
3381 2603 3441 2654 et

727 2698 1003 2762 filiorum
1048 2721 1309 2765 suorum
1343 2703 1649 2786 Cumpolt
1694 2708 1931 2769 scilicet
1962 2717 2028 2768 et
2057 2706 2298 2770 Leonis
2327 2710 2392 2769 in
2423 2709 2897 2788 presenciarum
2941 2709 3436 2769 constitutorum

724 2824 1055 2891 presentes
1100 2826 1350 2879 nostras
1394 2818 1633 2880 litteras
1678 2820 1743 2880 in
1788 2820 2189 2904 privilegium
2233 2830 2550 2901 perpetuo
2597 2821 2936 2882 valiturum
2980 2820 3119 2881 dari
3169 2821 3434 2882 fecimus

727 2926 1045 3008 dupplicis
1087 2931 1269 3012 sigilli
1330 2935 1529 2994 nostri
1590 2935 1946 2995 munimine
2003 2935 2355 2996 roboratas.
2415 2934 2654 2996 Datum
2703 2953 2818 3015 per
2864 2953 3096 2996 manus
3159 2937 3438 3016 magistri

726 3038 1039 3103 Demetrii
1098 3047 1403 3123 prepositi
1464 3045 1785 3122 AlbensiS,
1844 3047 1990 3108 aule
2035 3058 2254 3109 nostre
2299 3048 2816 3124 vicecancellarii,
2862 3048 3076 3110 dilecti
3123 3057 3198 3110 et
3245 3047 3438 3110 fidelis

724 3155 945 3216 nostri.
977 3153 1175 3217 Anno
1207 3157 1449 3219 domini
1486 3159 1823 3220 millesimo
1870 3160 2314 3222 ducentesimo
2343 3164 2834 3244 septuagesimo,
2881 3163 3092 3225 Renni
3111 3161 3180 3245 (Ι)
3230 3173 3436 3224 autem

731 3269 931 3328 nostri
971 3287 1149 3331 anno
1194 3273 1514 3333 tricesimo
1560 3275 1807 3352 quinto.

913 3479 1213 3554 Ortjginal
1249 3502 1333 3540 na
1379 3485 2040 3559 emeno-auto-modrqj
2091 3487 2269 3542 vrvci
2323 3487 2448 3544 visi
2487 3487 2799 3561 slomljeni
2849 3492 3053 3564 pedat.
3104 3488 3172 3546 [ε
3221 3487 3432 3544 arkiva

720 3583 933 3657 grada
994 3584 1348 3644 Varaidina
1394 3587 1445 3645 I.
1495 3587 1583 3648 br.
1635 3591 1689 3647 6.

904 3687 1279 3765 Kukugjevid
1317 3693 1469 3766 Reg.
1514 3695 1693 3748 1004.
