3797 5795
1606 430 2005 493 —141—

455 636 685 682 terram
733 620 1104 683 Ambrosini
1168 624 1317 700 ipsis
1361 624 1602 683 civibus
1647 623 2002 683 dimisimus
2047 622 2548 683 inrevocabiliter
2593 634 2904 702 perpetuo
2952 625 3153 701 possi-

457 734 756 809 dendam,
805 753 931 794 non
981 735 1382 795 obstantibus
1451 734 1668 795 litteris
1712 754 1824 796 seu
1871 738 2303 796 instrumentis
2350 736 2497 796 dicti
2550 736 2771 813 Peryni
2820 736 3155 813 aliquibus„

451 852 500 910 si
551 867 673 927 que
720 848 912 909 habet
959 867 1148 927 super
1193 860 1358 909 terra
1417 848 1798 927 supradicta,
1860 850 1907 908 si
1975 867 2255 928 unquam
2320 847 2505 909 vellet
2568 848 2885 909 exhibere.
2958 848 3038 909 Et
3086 864 3153 909 ut

453 964 573 1023 hoc
617 974 822 1023 ratum
871 962 1180 1022 habeatur
1239 961 1511 1034 firmum,
1557 971 1884 1040 presentes
1945 973 2193 1021 nostras
2257 962 2493 1021 litteras
2538 962 2925 1022 contulimus
2970 962 3148 1043 sigilli

451 1069 644 1136 nostri
679 1076 1030 1136 munimine
1063 1075 1407 1135 roboratas.
1435 1074 1674 1135 Datum
1707 1093 1881 1135 anno
1913 1073 2158 1134 domini
2187 1072 2368 1137 MCC
2396 1077 2928 1156 quinquagesimo
2954 1094 3149 1134 non0.

629 1268 926 1341 Ortgt'nal
965 1288 1005 1324 u
1052 1267 1480 1343 akademic'kqj
1531 1267 1742 1326 zbt'rci.
1807 1268 2001 1323 Pela!
2056 1267 2327 1343 manjka.
2388 1302 2471 1309 -
2532 1268 2584 1325 Τ
2574 1266 2781 1324 kalc‘ic‘
2820 1268 2986 1325 Alme.
3038 1270 3150 1325 civ.

447 1373 694 1445 zagrab.
747 1374 798 1431 l.
853 1376 1113 1428 :io—31.

1705 1662 1896 1741 649.

447 1796 638 1860 1259.

447 1987 730 2071 Sfjepan
766 1984 1187 2069 mladz'kmlj
1205 1984 1454 2068 podaje
1485 1992 1756 2067 §.upana
1786 1982 2051 2046 Ponic‘u
2078 1983 2261 2067 dvtje
2284 1983 2513 2066 :cmlje
2544 2004 2592 2043 u
2626 1982 3138 2067 Medjumusy'u.

619 2177 982 2257 Stephanus
1026 2178 1129 2238 dei
1175 2179 1382 2259 gracia
1415 2196 1528 2237 rex
1562 2178 2020 2259 primogenitus
2063 2175 2312 2236 illustris
2358 2179 2520 2257 regis
2572 2177 2847 2259 Ungarie
2894 2187 2957 2236 et
3006 2174 3141 2235 dux

444 2294 630 2355 Stirie
691 2292 991 2351 omnibus
1038 2288 1263 2353 Christi
1310 2289 1603 2350 fidelibus
1647 2302 2011 2369 presentem
2080 2292 2382 2371 paginam
2428 2291 2818 2350 intuentibus
2863 2289 3131 2350 salutem

444 2410 502 2466 in
553 2424 703 2466 vero
749 2404 1022 2465 salutari.
1084 2401 1593 2481 Circumspeccio
1665 2422 1886 2484 regum
1957 2403 2220 2482 provida
2291 2402 2625 2483 condignis
2693 2404 2950 2481 premiis
3018 2402 3131 2461 sibi

441 2519 944 2598 obsequentibus
1013 2518 1102 2577 sic
1167 2517 1360 2577 debet
1436 2535 1784 2589 occurrere,
1843 2526 1912 2575 ut
1973 2516 2070 2575 alii
2138 2535 2359 2575 eorum
2423 2515 2728 2594 exemplo
2789 2518 3137 2594 provocati,

439 2632 522 2691 ad
569 2631 888 2692 fidelitatis
932 2629 1138 2690 studia
1185 2629 1414 2689 sorcius
1459 2629 1892 2690 accendantur
1938 2648 2012 2688 ac
2046 2675 2245 2687 .....
2301 2628 2820 2689 consideracione
2868 2626 3123 2688 inducti.

443 2743 551 2805 Ad
621 2747 1056 2805 universorum
1127 2744 1426 2802 noticiam
1488 2741 1711 2802 harum
1777 2744 1935 2802 serie
2002 2742 2292 2801 volumus
2353 2744 2696 2819 pervenire,
2757 2740 2933 2818 quod
2979 2759 3123 2800 cum

440 2857 688 2919 illustris
755 2868 935 2937 pater
997 2865 1210 2916 noster
1259 2855 1408 2916 Bela
1469 2874 1584 2916 rex
1651 2854 1927 2936 Ungarie
1973 2857 2348 2915 comitatum
2396 2854 2834 2916 Zaladiensem
2886 2849 3132 2936 {plleno

441 2973 570 3031 iure
613 2971 910 3048 potencie
965 2969 1149 3030 nobis
1201 2968 1284 3028 de
1335 2987 1448 3030 sua
1502 2971 1712 3050 gracia
1773 2968 2161 3040 contulisset,
2221 2967 2483 3046 quidam
2532 2967 2760 3027 nobilis
2806 2967 2967 3028 Elek
3018 2986 3131 3027 no-

439 3087 626 3154 mine,
672 3086 807 3144 sine
853 3082 1089 3143 solacio
1136 3081 1479 3142 liberorum
1529 3083 1693 3141 viam
1749 3084 2035 3142 universe
2086 3083 2292 3141 carnis
2341 3077 2457 3163 [est
2490 3076 2865 3162 in]gressus;
2916 3098 3133 3140 verum

437 3215 583 3257 cum
631 3196 947 3274 possessio
993 3195 1278 3256 eiusdem
1312 3193 1472 3256 Elek
1503 3195 1564 3254 in
1599 3196 1907 3255 comitatu
1962 3193 2311 3254 Zaladiensi
2359 3196 2699 3254 constituta
2750 3193 3127 3254 Moruhchel

443 3319 806 3388 nuncupata
852 3309 934 3368 de
981 3311 1112 3369 iure
1157 3307 1240 3368 ad
1303 3327 1528 3368 manus
1591 3318 1837 3368 nostras
1895 3307 2113 3367 fuisset
2161 3307 2478 3378 devoluta,
2548 3325 2665 3366 nos
2712 3307 2800 3364 ob
2845 3324 3134 3366 remune-

440 3425 760 3482 racionem
808 3422 1230 3490 serviciorum‚
1277 3440 1403 3499 que
1449 3421 1634 3480 nobis
1664 3419 1868 3481 fidelis
1914 3431 2129 3479 noster
2182 3419 2408 3479 Ponith
2453 3437 2673 3479 comes
2706 3419 3134 3479 indesinenter

438 3536 724 3595 exhibuit
786 3548 848 3594 et
919 3529 1186 3616 costam]
1251 3533 1449 3594 oculis
1515 3547 1726 3593 nostre
1789 3534 2133 3593 maiestatis
2180 3531 2605 3610 multipliciter
2652 3535 2712 3592 in
2762 3551 2935 3592 mera
2984 3546 3136 3591 nota

441 3647 757 3708 fidelitatis
787 3646 1038 3720 effulsit,
1068 3647 1420 3725 predictam
1453 3648 1888 3724 possesionem
1926 3645 2300 3706 Moruchhel
2332 3645 2639 3715 videlicet,
2670 3663 2815 3705 curn
2850 3645 3135 3704 eiusdem

438 3763 855 3838 possessionis
901 3759 1175 3820 donacio
1222 3759 1500 3840 legitime
1546 3770 1608 3820 et
1657 3759 2024 3818 immediate
2069 3758 2152 3818 ad
2188 3777 2306 3818 nos
2337 3760 2696 3836 pertineret,
2742 3759 2857 3835 ipsi
2908 3757 3133 3818 Ponith

438 3876 653 3934 comiti
701 3884 766 3933 et
811 3875 938 3934 suis
984 3872 1324 3932 heredibus
1370 3872 1755 3932 contulimus
1798 3883 2111 3950 perpetuo
2175 3871 2647 3949 possidendam,
2694 3871 2865 3931 salva
2911 3885 3133 3949 quarta

443 3985 707 4046 filiarum
773 3983 933 4046 Elek
993 3986 1170 4045 iuxta
1237 3987 1410 4066 regni
1483 3986 1679 4044 nostri
1746 3985 2271 4045 consvetudinem
2319 3984 2775 4062 approbatam;
2822 4002 2942 4044 nec
3010 3983 3134 4044 hoc

437 4099 973 4176 pretermittimus,
1007 4098 1183 4176 quod
1215 4098 1386 4158 idem
1419 4097 1580 4158 Elek
1611 4096 1821 4158 adhuc
1853 4100 2044 4167 vivus,
2089 4097 2641 4177 quemadmodum
2689 4097 2867 4156 litere
2913 4097 3135 4156 ordine

439 4211 762 4272 iudiciario
810 4221 1107 4272 emanate
1152 4211 1534 4276 iudicabant,
1579 4213 1640 4271 in
1689 4211 1902 4270 multis
1948 4210 2233 4270 devictus
2280 4213 2575 4270 extiterat
2638 4210 2867 4270 Ponith
2916 4211 3131 4270 comiti

437 4327 722 4402 superius
769 4326 1118 4384 nominato.
1157 4323 1226 4382 In
1260 4326 1438 4384 cuius
1469 4325 1555 4382 rei
1589 4326 1963 4383 memoriam
1997 4335 2060 4384 et
2092 4335 2467 4401 perpetuam
2514 4322 2879 4384 firmitatem
2927 4322 3135 4382 literas

437 4448 685 4496 nostras
730 4438 1162 4496 concessimus
1223 4435 1492 4514 duplicis
1553 4436 1732 4516 sigilli
1795 4437 1991 4495 nostri
2054 4438 2406 4496 munimine
2474 4435 2822 4496 roboratas.
2892 4435 3133 4496 Datum

436 4569 549 4626 per
597 4567 826 4609 manus
871 4551 1150 4630 magistri
1198 4548 1524 4610 Benedicti
1569 4550 1714 4610 aule
1759 4560 1975 4609 nostre
2022 4548 2512 4609 vicecancellarii
2558 4547 2766 4609 dilecti
2817 4560 2879 4608 et
2929 4547 3132 4608 fidelis

435 4664 652 4734 nostri,
711 4681 883 4721 anno
935 4661 1255 4722 dominice
1317 4663 1776 4722 incarnacionis
1837 4661 2173 4722 millesimo
2235 4662 2674 4721 ducentesimo
2743 4663 3134 4741 quinquage-

434 4776 600 4834 simo
649 4792 840 4835 non0.

610 4951 676 5008 Iz
722 4953 964 5008 ae'zvorne
1001 4953 1258 5026 potvrde
1303 4950 1508 5026 kralja
1556 4951 1900 5008 Ladislava
1948 4951 1994 5008 I
2000 4952 2055 5008 V.
2093 4951 2177 5006 od
2193 4971 2254 5024 g.
2292 4953 2459 5007 1276.
2494 4971 2532 5007 u
2566 4949 2863 5025 ktq‘e'snici
2906 4951 3133 5006 nat-od-

435 5075 596 5129 noga
641 5057 879 5130 muzeja
927 5075 966 5112 u
1016 5055 1401 5130 Budz‘mpes‘ti
1446 5057 1632 5131 (prise
1676 5055 1888 5111 zbe'rka
1950 5055 2447 5135 Veglzely-gfivaj.

609 5160 764 5215 Zala
813 5163 1142 5232 vdrmegyc
1189 5163 1478 5216 to'rte'nete·
1527 5161 1574 5216 l.
1618 5161 1841 5217 82—3.
1877 5179 1974 5216 no,
2014 5161 2104 5215 59.
2138 5193 2221 5199 ——
2256 5159 2629 5234 Kukuljevic‘
2666 5161 2813 5233 lx'eg.
2868 5159 2954 5215 br.
3002 5163 3132 5217 75²6.
