3797 5795
1863 398 1935 406 —-
2004 362 2272 425 376—

711 556 942 616 luerint
982 555 1344 616 satisfacere
1389 565 1454 615 et
1499 553 1862 633 persoluere
1923 570 2110 631 super
2157 554 2619 613 comunitatem
2668 550 2923 634 Ragusii
2966 553 3128 614 infra
3172 563 3413 614 certum

707 679 964 746 tempus
1009 669 1092 728 ab
1139 670 1230 728 eis
1275 667 1610 746 prefixum.
1662 665 1802 727 Hec
1847 675 2064 727 autem
2112 676 2285 726 carta
2334 665 2509 726 nullo
2556 667 2923 726 testimonio
2969 669 3178 746 rumpi
3220 669 3415 746 possit

708 793 772 843 et
819 791 1030 842 cetera
1075 783 1167 842 uti
1212 783 1275 840 in
1321 800 1398 841 ea
1444 780 1685 862 legitur.
1751 779 2161 840 Manifestum
2226 778 2493 838 facimus
2540 797 2659 838 nos
2704 781 3163 859 suprascriptus
3230 780 3419 841 frater

707 893 1028 956 Aleardus
1094 894 1199 955 dei
1267 905 1329 954 et
1399 893 1568 954 sedis
1637 891 1989 971 apostolice
2062 893 2265 973 gratia
2340 891 2853 970 archiepiscopus
2928 893 3289 974 Ragusinus
3354 905 3415 952 et

710 1008 1037 1086 dompnus
1083 1007 1360 1067 Rosinus
1407 1005 1734 1078 Balislaue,
1780 1023 1856 1064 ac
1904 1005 2229 1082 dompnus
2277 1004 2506 1065 Vitalis
2551 1003 2820 1064 Bodatie
2866 1005 3067 1065 clerici
3118 1014 3183 1065 et
3230 1024 3419 1066 cano-

708 1122 830 1181 nici
879 1120 1180 1200 Ragusini
1229 1129 1292 1180 et
1341 1118 1586 1179 nobiles
1632 1119 1742 1178 uiri
1777 1116 2163 1179 Theodorus
2195 1116 2465 1178 Bodatie
2496 1127 2689 1195 atque
2722 1117 3089 1178 Volcassius
3113 1117 3423 1198 Johannis

708 1235 881 1294 ciues
945 1242 1010 1292 et
1070 1231 1255 1292 simul
1324 1250 1551 1291 omnes
1619 1230 1927 1309 speciales
1986 1249 2097 1290 seu
2158 1228 2550 1308 sollempnes
2618 1230 2830 1290 nuncii
2899 1230 3045 1290 dicti
3118 1233 3415 1291 comunis

707 1346 964 1426 Ragusii
1031 1347 1262 1405 uirtute
1325 1343 1507 1404 huius
1568 1342 1921 1421 subscripte
1983 1343 2385 1402 instrumenti
2446 1352 2618 1402 carte
2685 1342 3017 1419 quomodo
3062 1345 3423 1421 recepimus

707 1461 848 1518 uice
894 1469 957 1518 et
1006 1460 1268 1518 nomine
1314 1457 1602 1517 eiusdem
1649 1457 1943 1516 comunis
1989 1473 2136 1515 cum
2186 1457 2416 1515 nostris
2461 1455 2934 1515 successoribus
2963 1476 2999 1515 a
3032 1468 3099 1517 te
3136 1455 3421 1528 [ohanne

709 1570 912 1632 Minio
959 1570 1042 1630 de
1087 1569 1368 1631 confinio
1437 1569 1639 1630 sancti
1707 1568 2023 1630 Samuelis
2069 1568 2151 1628 de
2200 1568 2483 1629 Venecia
2531 1577 2595 1627 et
2641 1569 2764 1628 tuis
2826 1568 3165 1629 heredibus
3234 1567 3423 1628 libras

707 1684 1112 1744 denariorum
1175 1694 1552 1742 venetorum
1607 1691 1923 1743 trecentas
1968 1693 2031 1741 et
2077 1683 2298 1762 uiginti
2344 1683 2629 1760 quinque
2676 1680 2759 1740 ad
2806 1681 3100 1741 denarios
3144 1699 3423 1763 grossos,

708 1815 867 1874 quas
910 1815 1030 1875 pro
1077 1797 1215 1873 ipso
1262 1805 1482 1855 nostro
1530 1797 1789 1854 comuni
1837 1794 2023 1854 nobis
2071 1794 2298 1854 dedisti
2346 1805 2409 1854 et
2455 1796 2777 1873 prestitisti
2823 1812 3013 1854 causa
3068 1797 3311 1854 amoris
3356 1806 3417 1854 et

707 1908 1064 1970 dilectionis
1124 1911 1185 1969 in
1249 1910 1546 1968 maximis
1629 1907 2003 1968 utilitatibus
2064 1920 2127 1967 et
2190 1907 2556 1967 necessariis
2616 1908 2810 1985 ipsius
2872 1909 3064 1966 nostri
3122 1909 3422 1967 comunis

707 2021 1153 2100 expendendis
1184 2031 1246 2081 et
1279 2020 1667 2093 exercendi5‚
1713 2019 1886 2098 apud
1935 2037 2053 2080 nos
2100 2019 2410 2080 retinendi
2458 2020 2773 2080 ammodo
2819 2038 3020 2098 usque
3066 2019 3149 2080 ad
3185 2020 3419 2080 festum

707 2143 1074 2195 sanctorum
1121 2132 1561 2212 apostolorum
1607 2133 1771 2194 Petri
1821 2142 1884 2193 et
1936 2133 2105 2193 Pauli
2154 2135 2362 2211 primo
2403 2143 2764 2205 uenturum,
2810 2133 2894 2193 ad
2942 2134 3152 2212 ipsum
3204 2145 3421 2193 autem

709 2249 1050 2307 terminum
1118 2247 1218 2307 uel
1288 2258 1478 2306 antea
1546 2246 1906 2324 predictum
1977 2263 2255 2306 comune
2322 2246 2557 2306 debeat
2624 2264 2740 2323 per
2786 2266 2854 2307 se
2902 2247 3000 2307 uel
3044 2266 3156 2325 per
3234 2265 3421 2306 suum

709 2361 970 2419 missum
1041 2359 1192 2420 dare
1237 2368 1301 2419 et
1348 2358 1700 2420 deliberare
1769 2359 1880 2418 tibi
1950 2360 2053 2419 uel
2122 2369 2231 2419 tuo
2300 2361 2492 2418 misso
2555 2359 2656 2418 hic
2716 2361 2781 2419 in
2852 2359 3149 2420 Riuoalto
3216 2369 3421 2420 totam

708 2482 884 2532 tuam
953 2473 1442 2551 suprascriptam
1511 2474 1782 2550 pecunie
1851 2473 2274 2550 quantitatem
2342 2470 2586 2532 saluam
2636 2474 2698 2531 in
2747 2483 2913 2533 terra
2986 2475 3119 2532 sine
3202 2473 3420 2550 aliquo

707 2585 990 2664 periculo
1059 2585 1162 2645 uel
1231 2587 1570 2645 occasione
1637 2596 1748 2645 aut
1813 2584 1955 2645 ullis
2023 2585 2409 2662 interpositis
2470 2584 2777 2662 capitulis,
2830 2584 2967 2646 Hec
3028 2595 3248 2646 autem
3297 2603 3423 2663 que

707 2699 1130 2777 suprascripta
1162 2708 1328 2771 sunt,
1369 2700 1418 2757 si
1451 2697 1624 2757 idem
1657 2709 1945 2757 nostrum
1990 2714 2269 2757 comune
2315 2715 2446 2757 non
2492 2698 2945 2771 obseruauerit,
2990 2708 3144 2759 tunc
3188 2716 3411 2759 ernen-

709 2809 862 2871 dare
923 2810 1156 2878 debeat
1217 2829 1364 2871 cum
1426 2812 1552 2870 suis
1611 2810 2080 2870 successoribus
2140 2811 2251 2870 tibi
2317 2822 2381 2870 et
2444 2811 2565 2870 tuis
2612 2810 2953 2871 heredibus
2998 2829 3229 2871 omnes
3274 2821 3421 2871 tuos

707 2926 1166 3004 suprascriptos
1225 2924 1521 2985 denarios
1566 2927 1628 2983 in
1675 2924 1943 3002 duplum
2008 2924 2091 2984 de
2160 2927 2337 2985 terris
2382 2936 2445 2985 et
2492 2926 2653 2985 casis
2700 2926 2828 2985 suis
2874 2936 2937 2986 et
2984 2925 3065 2985 de
3113 2925 3419 2986 omnibus

709 3054 834 3115 que
881 3037 1114 3097 habere
1159 3040 1366 3098 uisum
1413 3038 1596 3098 fuerit
1643 3037 1726 3097 de
1772 3036 1896 3097 hoc
1941 3037 2176 3111 secu10,
2222 3048 2285 3097 et
2333 3037 2483 3098 inde
2530 3040 2590 3098 in
2640 3048 2828 3099 antea
2876 3041 3081 3117 ipsum
3146 3037 3423 3117 capitale

707 3148 976 3228 duplum
1021 3150 1226 3228 prode
1271 3148 1506 3209 laboris
1553 3150 1634 3210 de
1682 3152 1965 3229 quinque
2012 3168 2129 3211 sex
2175 3170 2289 3229 per
2335 3168 2594 3211 annum.

884 3292 1124 3361 (Razne
1173 3290 1372 3367 ruke).

879 3400 920 3481 ’ἱ-
965 3402 1106 3483 Ego
1174 3401 1364 3463 frater
1430 3400 1746 3462 Aleardus
1813 3402 1917 3463 dei
1986 3412 2047 3461 ct
2119 3402 2285 3463 sedis
2354 3402 2707 3480 apostolice
2774 3404 2973 3484 gratia
3052 3404 3417 3485 Ragusinus

705 3513 1220 3594 archiepiscopus
1267 3527 1328 3576 et
1375 3516 1666 3575 comunis
1711 3515 1998 3576 eiusdem
2046 3517 2303 3575 nuntius
2353 3534 2547 3575 manu
2596 3534 2739 3575 mea
2784 3518 3019 3595 scripsi.

881 3626 921 3707 ἦ·
965 3628 1107 3709 Ego
1153 3628 1415 3689 clericus
1477 3629 1750 3689 Rosinus
1810 3627 2121 3689 Balislaue
2184 3630 2528 3689 canonicus
2594 3630 2949 3709 Ragusinus
3011 3638 3074 3689 et
3120 3633 3419 3690 comunis

705 3738 1008 3820 Ragusini
1056 3744 1313 3801 nuntius
1359 3759 1552 3800 manu
1602 3760 1743 3801 mea
1791 3742 2027 3820 scripsi.

881 3852 920 3935 †
965 3852 1107 3934 Ego
1153 3852 1384 3915 Vitalis
1445 3853 1712 3914 Budatie
1772 3854 2036 3915 clericus
2080 3866 2144 3914 et
2190 3856 2537 3915 canonicus
2600 3856 2952 3936 Ragusinus
3002 3865 3066 3916 et
3110 3857 3413 3915 comunis

705 3962 965 4046 Ragusii
1013 3968 1270 4028 nuntius
1316 3985 1512 4027 manu
1558 3985 1702 4031 mea
1747 3968 1982 4046 scripsi.

880 4077 922 4159 †
965 4078 1107 4159 Ego
1167 4079 1547 4141 Theodorus
1608 4079 1874 4141 Budatie
1932 4090 1993 4139 et
2040 4082 2333 4141 comunis
2393 4080 2647 4161 Ragusii
2696 4081 2962 4141 nuncius
3024 4100 3219 4142 manu
3268 4100 3415 4142 mea

703 4192 940 4269 scripsi.

877 4303 918 4383 †
965 4304 1106 4386 Ego
1154 4304 1486 4365 Volcassio
1551 4304 1856 4384 johannis
1904 4318 1967 4366 et
2014 4308 2307 4366 comunis
2368 4305 2625 4387 Ragusii
2688 4310 2954 4367 nuncius
3019 4326 3214 4367 manu
3260 4328 3409 4368 mea

703 4416 952 4494 scripsit
1001 4415 1082 4499 (1).

879 4528 919 4609 †
964 4530 1106 4611 Ego
1145 4531 1470 4611 Johannes
1517 4530 1794 4593 Benessa
1841 4531 2149 4593 diaconus
2198 4581 2577 4593 .......
2627 4534 2805 4593 testis
2850 4536 3085 4611 scripsi.

879 4640 919 4723 ἢ·
965 4642 1106 4724 Ego
1148 4641 1540 4723 Aliprandus
1586 4644 1668 4705 de
1716 4644 1931 4705 Bruno
1978 4645 2240 4706 clericus
2288 4648 2463 4707 testis
2512 4646 2869 4724 subscripsi.

879 4752 920 4835 †
965 4754 1104 4836 Ego
1151 4756 1448 4818 Stesanus
1496 4756 1861 4818 Manolesso
1909 4760 2047 4819 vice
2093 4758 2359 4819 domino
2406 4761 2583 4819 testis
2622 4758 2979 4838 subscripsi.

881 4870 1288 4945 (Monogram.
1336 4876 1485 4939 not.)
1537 4870 1675 4951 Ego
1726 4871 2169 4932 Bartolomeus
2200 4874 2398 4931 sancti
2432 4870 2751 4933 Simeonis
2796 4872 3044 4951 profete
3076 4872 3413 4951 presbyter

701 4992 767 5041 et
816 4984 1098 5042 notarius
1141 4982 1461 5062 compleui
1505 4999 1568 5045 et
1617 4984 1931 5045 roboraui.

892 5097 1190 5171 Original
1231 5118 1269 5154 u
1317 5098 1761 5157 dubroz'ac‘kom
1808 5098 2054 5159 arkivu.
2108 5098 2345 5159 Zbirka
2390 5119 2550 5157 saec,
2602 5100 2784 5158 XIII.
