3797 5795
1858 401 1938 407 —
2004 365 2268 426 316—-

718 572 864 614 cum
911 552 1205 614 fratribus
1250 555 1377 614 suis
1424 553 1781 614 carnalibus
1843 554 2132 632 Symone
2193 555 2484 616 videlicet
2522 554 2768 635 Jacobo
2813 567 2876 616 et
2924 556 3199 638 Egydyo
3247 557 3418 618 Lan-

717 666 1020 727 ceredum
1068 667 1374 726 comitem
1421 665 1621 727 filium
1684 667 1897 727 Buzad
1958 686 2176 728 coram
2221 667 2490 728 domino
2539 679 2758 728 nostro
2804 668 2956 729 Bela
3003 669 3216 730 illustri
3263 657 3417 751 rege

720 778 1047 861 Hungarie
1107 798 1295 858 super
1358 789 1518 840 terra
1583 780 1885 841 Tornaua
1949 781 2010 840 in
2075 779 2290 841 Draua
2337 780 2636 841 Muracuz
2695 782 2812 841 sita
2855 785 3299 844 conuenissent
3349 802 3416 842 et

720 891 890 968 idem
937 892 1238 953 dominus
1284 912 1398 952 rex
1444 895 1647 971 ipsam
1694 911 1954 953 causam
1985 892 2068 953 ad
2101 903 2384 954 nostram
2431 876 2983 955 examinacionem
3029 898 3161 956 sine
3191 896 3418 957 debito

718 1004 1143 1066 decidendam
1213 1006 1623 1078 transmisset‚
1669 1015 1736 1066 ut
1806 1006 1889 1066 de
1957 1025 2136 1066 more
2205 1017 2268 1066 et
2336 1006 2798 1067 consuetudine
2859 1010 3032 1088 regni
3077 1007 3419 1069 Sclauonie

718 1119 1075 1197 approbata
1120 1118 1327 1178 facere
1373 1118 1669 1192 debebat,
1716 1137 1835 1179 nos
1882 1118 2210 1179 hominem
2257 1129 2543 1180 nostrum
2579 1119 2960 1201 Gregorium
3007 1121 3088 1181 de
3133 1121 3416 1199 zynussa

719 1251 835 1310 pro
904 1232 1214 1310 pristaldo
1282 1231 1491 1292 eidem
1565 1226 1807 1312 Mogtk‘
1863 1233 2082 1293 comiti
2143 1242 2208 1292 et
2269 1235 2396 1292 suis
2462 1231 2757 1293 fratribus
2823 1233 3136 1311 predictis,
3181 1235 3414 1294 scilicet

719 1343 1009 1422 Symoni,
1048 1344 1293 1425 Jacobo
1326 1356 1387 1405 et
1423 1343 1700 1426 Egydyo
1746 1345 1827 1406 ad
1875 1345 2201 1406 citandum
2248 1348 2454 1423 ipsum
2495 1345 2939 1406 Lanceredum
2985 1349 3283 1407 comitem
3330 1347 3416 1407 ad

721 1467 1003 1518 nostram
1050 1460 1443 1537 presenciam
1492 1458 1793 1518 duximus
1839 1458 2415 1519 transmittendum.
2466 1459 2710 1521 Verum
2743 1477 2890 1519 cum
2921 1470 3134 1538 partes
3175 1459 3418 1538 prefate

719 1589 936 1631 coram
969 1571 1154 1630 nobis
1200 1571 1463 1631 fuissent
1507 1573 1866 1645 constitute,
1913 1580 2260 1650 antequam
2309 1573 2372 1632 in
2405 1572 2610 1632 forma
2654 1572 2865 1633 iudicii
2910 1572 3418 1650 procederemu5‚

722 1683 1131 1744 Lanceredus
1197 1703 1417 1744 comes
1484 1683 1843 1745 antedictus
1913 1695 2142 1745 terram
2212 1685 2516 1746 Tornaua
2583 1686 2992 1760 antedictam,
3037 1701 3266 1746 terram
3309 1685 3416 1745 he-

718 1795 1079 1856 reditariam
1128 1794 1359 1877 Mogtk
1404 1798 1657 1857 comitis
1702 1808 1764 1857 et
1812 1815 2072 1857 suorum
2119 1798 2380 1858 fratrum
2427 1798 2894 1860 antedictorum
2956 1797 3280 1860 confessus
3321 1812 3418 1858 est

718 1927 858 1970 esse
904 1921 967 1969 et
1014 1910 1219 1970 fuisse.
1272 1909 1463 1972 Vnde
1511 1928 1629 1970 nos
1673 1910 1907 1970 auditis
1953 1913 2236 1989 parcium
2283 1912 2827 1991 propositionibus
2858 1922 2922 1972 et
2954 1913 3194 1972 meritis
3229 1930 3416 1972 cause

720 2036 1076 2084 memorate
1123 2023 1538 2083 consideratis
1568 2042 1646 2083 ac
1674 2033 1943 2102 pensata
1973 2026 2254 2103 equitate
2286 2024 2564 2084 eundem
2611 2023 2992 2106 Gregorium
3028 2025 3108 2086 de
3141 2024 3420 2102 Zynussa

720 2135 1050 2196 hominem
1115 2147 1403 2197 nostrum
1465 2156 1655 2198 cause
1717 2137 2040 2198 antedicte
2101 2137 2477 2215 pristaldum
2539 2136 2623 2197 ad
2671 2137 3068 2198 limitandam
3117 2147 3179 2198 et
3225 2157 3422 2198 secer-

722 2250 1003 2311 nendam
1069 2260 1299 2311 terram
1361 2249 1662 2310 Tornaua
1722 2253 1848 2310 iam
1913 2260 2204 2310 notatam
2273 2252 2458 2310 certis
2505 2251 2690 2310 metis
2736 2262 2800 2311 et
2847 2253 3133 2311 terminis
3179 2271 3216 2310 a
3265 2263 3424 2310 terra

724 2363 1079 2424 Lanceredi
1143 2365 1396 2424 comitis
1457 2364 1949 2436 transmisimus;
1996 2366 2102 2441 qui
2149 2363 2231 2424 ad
2281 2382 2398 2422 nos
2443 2367 2676 2442 pariter
2721 2383 2870 2424 cum
2917 2365 3206 2442 partibus
3251 2381 3425 2442 sepe-

722 2475 905 2536 dictis
950 2477 1198 2537 rediens
1245 2477 1453 2538 retulit
1497 2486 1731 2538 terram
1776 2478 2080 2540 Tornaua
2127 2479 2371 2537 tociens
2417 2479 2753 2555 repetitam
2799 2478 2895 2538 his
2943 2480 3130 2538 metis
3175 2498 3212 2537 a
3260 2486 3421 2537 terra

722 2587 1075 2649 Lanceredi
1138 2591 1389 2650 comitis
1448 2591 1639 2651 fuisse
1700 2591 2082 2651 distinctam.
2162 2591 2371 2652 Prima
2435 2600 2604 2650 meta
2650 2603 2814 2651 terre
2858 2590 3164 2653 Tornaua
3209 2591 3423 2668 incipit

722 2723 759 2761 a
806 2700 1066 2763 flumine
1128 2701 1397 2763 Zaratka
1442 2713 1505 2764 et
1554 2705 1635 2763 ibi
1684 2714 1830 2765 sunt
1879 2704 2005 2764 due
2068 2714 2238 2765 mete
2299 2714 2520 2777 terree,
2565 2723 2832 2783 quarum
2898 2722 3024 2764 una
3071 2703 3422 2774 Laurencii,

722 2815 917 2876 altera
963 2818 1215 2876 comitis
1262 2814 1491 2897 Mogtk
1523 2829 1583 2876 et
1619 2817 1883 2877 fratrum
1930 2835 2206 2890 suorum,
2239 2817 2384 2877 hinc
2417 2819 2593 2877 uenit
2636 2835 2855 2882 uersus
2899 2818 3424 2895 septemtrionem

721 2930 805 2990 ad
852 2929 1011 2991 duas
1059 2943 1263 2992 metas
1307 2941 1543 3001 terreas
1580 2934 1755 2991 iuxta
1788 2950 2091 3012 magnam
2123 2934 2293 2991 uiam
2325 2932 2581 3010 positaS,
2629 2948 2898 3008 quarum
2932 2949 3058 2990 una
3094 2930 3423 2991 Laurencii

720 3044 918 3104 altera
965 3042 1196 3125 ‚Mogtk
1243 3046 1492 3104 comitis
1539 3056 1603 3104 et
1650 3045 1910 3105 fratrum
1957 3063 2236 3118 suorum,
2283 3044 2427 3105 hinc
2475 3045 2596 3104 itur
2641 3046 2704 3104 in
2751 3047 2884 3122 ipsa
2933 3061 3170 3123 magna
3219 3045 3320 3103 uia
3367 3058 3426 3102 et

721 3157 1111 3218 transeundo
1179 3159 1353 3217 uenit
1400 3157 1484 3217 ad
1530 3158 1683 3217 alias
1751 3157 1910 3218 duas
1977 3168 2182 3218 metas
2250 3169 2502 3231 terreaS,
2563 3176 2833 3237 quarum
2895 3176 3022 3217 una
3094 3155 3428 3217 Laurencii

724 3269 921 3330 altera
970 3269 1199 3351 Mogtk
1244 3272 1496 3329 comitis
1528 3283 1590 3330 et
1623 3270 1883 3331 fratrum
1933 3290 2210 3343 suorum,
2258 3271 2402 3331 hinc
2449 3290 2560 3350 per
2609 3282 2811 3331 metas
2857 3273 2977 3331 itur
3011 3270 3096 3330 ad
3129 3286 3430 3350 magnam

727 3384 895 3442 uiam
962 3382 1168 3455 aliam,
1215 3384 1390 3443 iuxta
1454 3402 1647 3462 quam
1710 3394 1857 3444 sunt
1923 3384 2049 3444 due
2114 3396 2283 3445 mete
2347 3394 2564 3457 terme,
2611 3383 2756 3443 hinc
2825 3383 3002 3444 uadit
3047 3383 3131 3444 ad
3179 3384 3426 3442 tertiam

730 3514 1029 3575 magnam
1101 3498 1270 3555 uiam
1341 3498 1515 3557 iuxta
1584 3516 1777 3577 quam
1850 3506 1998 3557 sunt
2044 3497 2170 3557 due
2217 3507 2386 3557 mete
2431 3508 2634 3557 terreo
2681 3508 2742 3556 et
2789 3496 3180 3557 transeundo
3227 3498 3426 3574 ipsam

731 3626 1028 3689 magnam
1080 3610 1249 3669 uiam
1299 3609 1471 3669 uadit
1518 3608 1757 3669 directe
1803 3628 2022 3670 uersus
2065 3612 2588 3687 septemtrionem
2622 3609 2704 3669 ad
2737 3608 3086 3690 quamdam
3134 3608 3425 3668 arborem

728 3722 1075 3800 populeam
1136 3722 1331 3803 uulgo
1394 3722 1725 3803 ieguenefa
1788 3733 2102 3796 uocatam,
2153 3723 2317 3781 binis
2383 3722 2673 3783 crucibus
2740 3723 3052 3803 signatam
3101 3731 3164 3780 et
3211 3721 3427 3780 subtus

730 3837 946 3894 terreis
1006 3836 1193 3893 metis
1254 3836 1827 3907 circumuallatam;
1888 3836 1972 3895 ab
2032 3834 2178 3895 hinc
2241 3836 2412 3895 uenit
2461 3835 2543 3895 ad
2589 3836 2882 3895 arborem
2947 3834 3200 3915 cgverfa
3247 3851 3426 3893 cruce

730 3951 1043 4028 signatam
1092 3958 1155 4007 et
1202 3949 1283 4007 ab
1330 3948 1559 4008 eadem
1621 3949 1849 4009 arbore
1915 3949 2312 4027 protenditur
2371 3949 2454 4008 ad
2516 3948 2674 4008 duas
2737 3957 2940 4008 metas
2987 3959 3240 4019 terrea3‚
3285 3946 3426 4006 hinc

732 4061 815 4120 ad
862 4060 1019 4121 duas
1068 4074 1269 4121 metas
1315 4072 1549 4121 terreas
1595 4064 1887 4141 antiquas
1932 4064 1994 4121 in
2042 4081 2306 4122 nemore
2351 4064 2606 4140 positaS,
2652 4061 2800 4121 hinc
2847 4060 3018 4121 uenit
3065 4060 3150 4120 ad
3195 4078 3428 4139 aquam

730 4170 1111 4253 Ternauaffl)
1178 4176 1353 4234 iuxta
1416 4193 1607 4249 quam
1671 4187 1765 4234 est
1828 4175 2038 4235 frutex
2104 4174 2256 4234 ilicis
2316 4173 2707 4234 circumdata
2773 4186 2976 4233 terrea
3039 4184 3229 4242 meta,
3289 4171 3431 4233 hinc

733 4288 1067 4364 pertransit
1118 4288 1319 4365 ipsum
1372 4285 1635 4347 fluuium
1683 4287 1984 4349 Tornaua
2018 4288 2255 4348 directe
2286 4306 2505 4348 uersus
2535 4290 3061 4366 septemtrionem
3107 4296 3169 4345 et
3219 4284 3430 4345 eundo

734 4402 797 4458 in
846 4399 1109 4481 longum
1172 4402 1344 4460 uenit
1409 4400 1493 4459 ad
1554 4400 1713 4461 duas
1774 4412 1981 4461 metas
2044 4412 2278 4462 terreas
2337 4402 2662 4479 antiquas;
2725 4400 2870 4459 hinc
2932 4401 3106 4459 uenit
3151 4398 3238 4458 ad
3283 4398 3431 4457 alias

735 4512 893 4572 duas
964 4525 1167 4573 metas
1236 4523 1469 4572 terreas
1536 4515 1829 4591 antiquas
1894 4514 2244 4595 angulares,
2304 4532 2572 4593 quarum
2642 4531 2768 4573 una
2837 4512 3172 4573 Laurencii
3241 4511 3432 4570 altera

741 4623 969 4706 Mogtk
1030 4627 1278 4685 comitis
1340 4638 1403 4685 et
1467 4626 1729 4687 fratrum
1776 4646 2036 4688 suorum
2084 4638 2146 4687 et
2192 4627 2274 4686 ibi
2323 4638 2649 4705 separatur
2694 4646 2731 4685 a
2777 4638 2942 4686 terra
2990 4625 3327 4686 Laurencii
3371 4632 3432 4683 et

738 4740 1240 4799 conterminatur
1299 4750 1501 4799 terree
1563 4742 1812 4800 comitis
1874 4740 2262 4815 Lanceredi;
2306 4740 2452 4800 hinc
2498 4742 2669 4801 uenit
2717 4758 2936 4799 uersus
2994 4740 3308 4798 orientem
3353 4734 3432 4796 ad

738 4851 898 4912 duas
946 4863 1150 4913 metas
1196 4863 1447 4922 terreas,
1495 4872 1763 4932 quarum
1814 4873 1938 4915 una
1975 4852 2324 4913 Lanceredi
2359 4853 2624 4917 ,comitis
2668 4852 2862 4913 altera
2911 4848 3142 4932 Mogtk
3188 4850 3436 4910 comitis

738 4978 802 5025 et
849 4965 1112 5025 fratrum
1177 4985 1456 5038 suorum,
1506 4966 1649 5027 hinc
1710 4967 1883 5027 uenit
1945 4967 2028 5026 ad
2089 4985 2286 5027 unum
2347 4977 2644 5047 stagnum
2709 4964 2963 5029 Churna
3033 4962 3280 5023 malaca
3328 4981 3434 5022 uo-

737 5088 953 5137 catum
987 5090 1047 5137 et
1083 5081 1145 5137 in
1180 5079 1395 5139 medio
1448 5079 1733 5139 eiusdem
1780 5089 1873 5140 cst
1922 5080 2080 5140 salix
2126 5098 2311 5140 cruce
2357 5082 2602 5160 signata
2646 5081 2854 5157 posita
2899 5097 3016 5156 pro
3065 5090 3256 5147 meta,
3291 5074 3435 5135 inde
