3797 5795
1508 390 1867 454 —27-

376 581 651 663 expensis
698 579 941 641 dictum
988 581 1326 642 Herricum
1372 584 1697 657 comitem,
1742 584 1846 662 qui
1898 583 2037 642 uice
2078 601 2192 642 sua
2225 581 2644 661 Pangracium
2691 581 3034 642 officialem

376 715 531 757 suum
570 693 647 754 de
694 691 891 775 Garig
935 694 1018 754 ad
1065 695 1189 755 hoc
1232 695 1565 773 deputauit
1610 705 1674 756 et
1708 697 2080 776 magistrum
2113 693 2530 755 Benedictum
2569 693 3038 774 Quinqueecle-

374 814 627 875 siensem,
686 806 943 867 fidelem
1002 805 1329 868 hominem
1392 819 1698 884 nostrum,
1762 827 1879 886 pro
1943 809 2129 868 metis
2189 806 2568 867 eorumdem
2615 806 3038 888 distiguendis

373 923 637 982 duximus
681 920 1223 989 transmittend05‚
1270 939 1351 981 ne
1397 940 1699 999 processu
1743 931 2108 998 temporum
2156 920 2382 998 prefati
2429 920 2804 1001 iobagiones
2850 922 3034 980 castri

372 1035 445 1095 de
502 1045 647 1093 terra
716 1033 1129 1093 castrensium
1192 1033 1444 1094 ualeant
1514 1052 1827 1112 occupare
1895 1032 1998 1094 uel
2065 1042 2416 1094 castrenses
2479 1042 2702 1093 contra
2771 1033 3035 1093 eosdem

370 1149 741 1208 occasionem
787 1164 900 1206 seu
945 1148 1274 1207 materiam
1322 1146 1603 1207 habeant
1649 1145 2041 1224 querulandi.
2091 1145 2193 1206 Ex
2239 1145 2470 1225 quibus
2521 1144 2814 1206 uidelicet
2861 1146 3038 1206 ioba-

368 1258 631 1339 gionibus
688 1257 990 1335 predictis
1036 1270 1207 1319 mete
1273 1270 1578 1320 terrarum
1641 1260 1825 1333 Petri,
1892 1256 2199 1339 Gregorii,
2263 1259 2535 1333 Martini,
2586 1258 3038 1332 Bartholomei‚

363 1371 635 1451 johannis
680 1381 746 1431 et
792 1370 1129 1444 Dominici‚
1176 1371 1450 1433 filiorum
1498 1371 1796 1450 Berizlay,
1843 1382 2032 1449 prout
2079 1371 2284 1432 dictus
2317 1372 2614 1452 magister
2655 1370 3038 1432 Benedictus

370 1484 533 1544 nobis
572 1483 795 1556 retulit,
840 1487 999 1543 sicut
1031 1495 1095 1544 et
1127 1485 1405 1564 prefatus
1454 1486 1833 1566 Pangracius
1864 1503 1980 1562 per
2010 1503 2154 1544 suas
2201 1485 2408 1544 literas
2454 1485 2786 1553 intimauit‚
2832 1484 3040 1544 taliter

368 1597 777 1677 distinguntur.
850 1597 1057 1658 Prima
1124 1607 1295 1658 meta
1365 1597 1447 1658 de
1520 1597 1815 1658 Palichna
1882 1599 2101 1675 incipit
2171 1617 2255 1658 ex
2321 1609 2500 1674 parte
2546 1607 2711 1657 terre
2760 1599 3034 1678 magistri

366 1709 551 1787 Moy&
592 1709 673 1769 ab
718 1711 962 1771 oriente
1008 1712 1187 1771 iuxta
1232 1710 1497 1772 fluuium
1532 1708 1912 1774 Chernalika
1944 1712 2007 1770 in
2039 1709 2202 1780 loc0‚
2251 1711 2358 1770 ubi
2406 1713 2536 1772 exit
2585 1710 2668 1770 de
2714 1710 2908 1771 fluuio
2955 1709 3038 1769 ad

366 1841 539 1884 unam
581 1823 809 1883 vallem
856 1834 919 1884 et
964 1823 1250 1884 ascendit
1304 1824 1386 1884 ad
1450 1835 1690 1884 metam
1751 1833 2022 1884 terream
2083 1833 2486 1902 separantem
2550 1825 2782 1884 limites
2843 1819 3040 1904 Garig

365 1947 421 1994 ct
464 1935 769 2010 deench,
814 1937 1027 2016 ibique
1058 1938 1247 1997 intrat
1280 1937 1502 1998 siluam
1538 1946 1600 1997 et
1630 1955 1745 2015 per
1790 1936 2015 1997 siluam
2063 1939 2125 1996 in
2173 1937 2504 1997 arboribus
2549 1955 2736 1996 cruce
2780 1937 3041 2016 signatis

364 2049 700 2126 peruenitur
769 2049 851 2109 ad
915 2051 1209 2110 arborem
1280 2049 1498 2130 tulgfa,
1564 2050 1685 2110 sub
1752 2067 1877 2129 qua
1947 2060 2040 2109 est
2095 2060 2268 2110 meta
2313 2060 2534 2123 terrea,
2580 2061 2644 2110 et
2690 2050 2770 2109 ibi
2819 2050 3040 2110 relicto

365 2160 641 2222 deench
688 2164 902 2240 incipit
950 2177 1167 2222 tenere
1199 2173 1440 2222 metam
1472 2181 1617 2222 cum
1651 2160 1946 2224 Otrochk
1977 2181 2090 2240 per
2123 2163 2350 2224 uallem
2388 2161 2672 2235 Subnak‚
2719 2161 3038 2222 ueniendo

363 2293 465 2352 per
526 2293 821 2355 magnum
892 2278 1177 2353 spacium
1246 2275 1416 2336 cadit
1485 2278 1548 2335 in
1616 2274 1974 2354 predictum
2029 2274 2292 2336 fluuium
2343 2274 2756 2348 Chernalika;
2803 2275 3040 2336 deinde

362 2387 665 2447 descendit
713 2405 913 2465 usque
958 2388 1041 2448 ad
1089 2388 1321 2461 locum,
1363 2389 1471 2449 ubi
1534 2388 1769 2448 riuulus
1832 2389 2130 2450 Palichna
2190 2389 2361 2450 cadit
2405 2392 2468 2449 in
2516 2389 2794 2450 eundem
2843 2386 3037 2451 Cher-

362 2498 635 2573 nalikam‚
679 2519 795 2578 per
841 2501 1112 2561 riuulum
1158 2512 1373 2562 autem
1436 2500 1735 2561 Palichna
1796 2502 2118 2562 ueniendo
2179 2504 2464 2580 superius
2532 2504 2665 2562 exit
2709 2501 2793 2562 ad
2841 2519 3032 2561 unam

361 2614 571 2673 siccam
604 2614 835 2674 uallem
867 2625 929 2673 et
960 2633 1075 2692 per
1104 2634 1248 2675 eam
1282 2614 1455 2675 uadit
1488 2616 1773 2694 superius
1803 2614 1886 2674 ad
1919 2615 2212 2674 arborem
2246 2613 2446 2696 tulgfa
2480 2633 2666 2674 cruce
2707 2616 3039 2695 signatam,

362 2725 572 2786 deinde
615 2727 698 2787 ad
746 2729 916 2787 uiam
963 2728 1069 2788 ubi
1133 2738 1281 2788 sunt
1342 2727 1468 2788 due
1530 2737 1717 2800 mete,
1778 2746 1906 2788 una
1965 2726 2240 2788 filiorum
2290 2727 2566 2788 Berizlaii
2616 2729 2678 2788 in
2728 2727 3038 2808 gertansa,

360 2837 536 2899 altera
582 2837 873 2900 Otrochk
918 2841 981 2901 in
1029 2840 1223 2914 narfa‚
1269 2841 1483 2919 ibique
1546 2843 1781 2901 intrant
1844 2859 2145 2922 magnam
2215 2839 2438 2901 siluam
2487 2853 2550 2901 et
2594 2859 2708 2920 per
2754 2840 3036 2901 medium

358 2951 500 3012 silue
542 2953 751 3013 eundo
801 2956 862 3013 in
902 2954 1242 3015 arboribus
1288 2972 1475 3015 cruce
1506 2956 1765 3035 signatis
1812 2956 1943 3014 exit
1991 2954 2073 3014 ad
2121 2957 2287 3015 uiam
2338 2956 2400 3014 in
2447 2954 2716 3033 planicie
2763 2965 2844 3039 et⁴
2872 2964 3040 3014 tran-

357 3065 585 3126 seundo
634 3069 803 3127 uiam
851 3078 946 3127 est
995 3078 1165 3127 meta
1212 3067 1330 3127 sub
1377 3066 1605 3127 arbore
1667 3067 1844 3128 hassa
1909 3087 1992 3127 ex
2053 3077 2234 3145 parte
2297 3078 2462 3128 terre
2506 3070 2710 3139 castri,
2756 3066 2905 3126 inde
2953 3080 3041 3125 te-

359 3180 555 3239 nendo
599 3191 840 3241 metam
888 3199 1034 3241 cum
1082 3181 1505 3242 castrensibus
1565 3181 1739 3241 uadit
1802 3181 1883 3241 ad
1946 3180 2181 3241 uallem
2226 3179 2311 3240 ad
2357 3192 2600 3241 metam
2644 3181 2765 3240 sub
2811 3180 3038 3240 arbore

364 3290 539 3365 bikfa‚
586 3294 731 3354 inde
777 3294 860 3353 ad
907 3304 1099 3372 caput
1144 3294 1311 3355 dicte
1379 3294 1576 3369 ualliS,
1624 3294 1727 3353 ubi
1776 3306 1871 3355 est
1923 3304 2092 3354 meta
2137 3296 2200 3353 in
2250 3294 2476 3353 arbore
2521 3291 2758 3373 tulgsa;
2805 3292 3040 3353 deinde

359 3425 565 3483 parum
614 3408 830 3467 eundo
876 3409 1065 3466 intrat
1112 3406 1337 3467 siluam
1387 3409 1447 3466 in
1494 3408 1720 3467 arbore
1764 3406 2036 3487 kl(e)nsa
2083 3425 2268 3467 cruce
2315 3408 2579 3486 signata,
2628 3404 2773 3465 inde
2820 3406 3036 3465 eundo

359 3538 461 3596 per
503 3520 721 3579 siluam
775 3519 948 3579 uadit
1009 3518 1094 3579 ad
1155 3520 1324 3579 uiam
1388 3531 1450 3579 et
1512 3519 1744 3580 deinde
1806 3522 1938 3579 exit
1999 3518 2082 3579 ad
2141 3521 2436 3579 semitam
2483 3528 2548 3578 et
2595 3520 2654 3577 in
2703 3538 2779 3577 ea
2823 3517 3038 3578 eundo

359 3632 529 3692 intrat
573 3632 761 3692 aliam
809 3631 1051 3705 siluam,
1098 3632 1180 3692 de
1227 3632 1328 3693 illa
1376 3635 1507 3693 exit
1552 3632 1635 3692 ad
1681 3632 1878 3713 tulgsa
1926 3632 2044 3693 sub
2093 3651 2217 3707 qua
2264 3642 2358 3691 est
2406 3642 2577 3691 meta
2624 3641 2843 3704 terrea,
2889 3630 3038 3690 inde

355 3744 577 3805 directe
624 3745 841 3805 eundo
888 3764 1105 3805 uersus
1152 3744 1553 3805 occidentem
1600 3746 1771 3805 cadit
1802 3745 1883 3805 ad
1919 3744 2150 3805 uallem
2199 3755 2263 3805 et
2309 3744 2391 3804 de
2439 3744 2604 3805 ualle
2650 3744 2732 3804 ad
2781 3753 3038 3815 metam,

350 3856 545 3935 ibique
590 3860 780 3918 intrat
827 3858 1012 3918 aliam
1063 3857 1293 3918 uallem
1341 3860 1402 3918 in
1450 3860 1628 3919 cuius
1686 3859 1893 3936 capite
1941 3868 2035 3918 est
2082 3868 2253 3918 meta
2299 3867 2519 3931 terrea,
2586 3858 2798 3936 ibique
2846 3859 3037 3916 intrat

350 3969 556 4030 siluam
606 3981 670 4031 et
718 3971 933 4031 eundo
980 3973 1228 4031 uenitur
1272 3970 1357 4031 ad
1402 3971 1695 4031 arborem
1743 3970 1919 4032 biksa
1981 3989 2165 4032 cruce
2211 3973 2546 4051 signatam,
2591 3990 2704 4050 per
2750 3970 3036 4030 medium

350 4082 489 4143 silue
557 4084 773 4145 eundo
843 4086 906 4144 in
975 4084 1307 4145 arboribus
1374 4092 1560 4145 cruce
1620 4086 1880 4165 signatis
1942 4088 2074 4145 exit
2120 4084 2202 4144 ad
2253 4095 2492 4145 metam
2539 4095 2809 4145 terream
2859 4084 3038 4143 iuxta

351 4197 505 4257 uiam
554 4208 618 4257 et
664 4216 777 4274 per
822 4198 993 4257 uiam
1039 4200 1289 4258 uenitur
1332 4198 1415 4258 ad
1463 4208 1703 4259 metam
1766 4200 1885 4259 sub
1947 4198 2174 4258 arbore
2235 4198 2486 4271 almafa,
2534 4198 2682 4257 inde
2729 4198 2904 4257 uadit
2950 4196 3034 4256 ad

351 4322 572 4370 metam
620 4311 740 4370 sub
787 4312 943 4387 pir0,
988 4310 1203 4389 ibique
1248 4310 1469 4371 relicto
1517 4321 1725 4371 castro
1772 4314 1988 4391 incipit
2036 4323 2251 4372 tenere
2299 4321 2535 4371 metam
2584 4329 2730 4371 cum
2778 4309 3036 4371 Teklisa

350 4422 405 4481 in
447 4422 608 4483 ualle
658 4422 1053 4501 Lypovycha
1100 4434 1165 4483 et
1208 4426 1271 4483 in
1319 4443 1393 4484 ea
1443 4424 1840 4485 descendens
1901 4428 2034 4485 exit
2094 4426 2176 4485 ad
2238 4443 2433 4485 unam
2496 4427 2726 4484 siccam
2777 4422 3030 4493 uallem,

349 4534 482 4595 inde
528 4536 767 4596 directe
812 4536 895 4595 ad
944 4548 1181 4596 metam
1229 4546 1519 4611 terream,
1564 4537 1712 4598 inde
1759 4557 1984 4616 parurn
2030 4558 2098 4599 se
2144 4536 2534 4599 reflectendo
2579 4556 2694 4615 per
2737 4537 3032 4596 arborem

350 4649 639 4727 gertanfa‚
700 4649 821 4709 sub
868 4667 993 4726 qua
1037 4658 1130 4709 est
1178 4658 1347 4709 meta
1394 4660 1457 4709 et
1506 4650 1832 4711 descendit
1896 4653 1959 4711 in
2006 4651 2257 4722 uallem,
2311 4650 2416 4710 ubi
2466 4659 2560 4710 est
2609 4660 2778 4710 meta
2824 4664 3026 4709 terrea

350 4773 407 4819 et
446 4780 555 4839 per
600 4761 877 4821 eandem
912 4761 1309 4821 descendens
1341 4762 1509 4823 cadit
1544 4765 1605 4823 in
1637 4764 1913 4824 riuulum
1957 4764 2271 4836 Palichna,
2316 4764 2465 4824 inde
2513 4762 2728 4823 eundo
2776 4762 3034 4823 inferius

350 4876 467 4933 exit
512 4874 595 4933 ad
641 4874 833 4935 aliam
876 4874 1109 4935 uallem
1158 4873 1572 4935 Zuweruscha
1620 4886 1680 4935 et
1728 4878 1787 4935 in
1838 4880 2046 4955 capite
2078 4876 2362 4937 eiusdem
2413 4875 2591 4937 uallis
2637 4878 2814 4936 iuxta
2859 4878 3033 4937 uiam

350 4996 434 5045 est
477 4997 648 5047 meta
695 4997 917 5059 terrea,
962 4986 1111 5047 inde
1172 4987 1389 5047 eundo
1450 5006 1668 5048 uersus
1728 4992 2254 5068 septemtrionem
2303 4991 2492 5050 intrat
2537 4988 2761 5050 siluam
2811 5003 2876 5050 et
2921 5008 3035 5068 per

350 5116 473 5158 eam
526 5100 703 5160 uadit
735 5118 936 5177 usque
968 5099 1052 5159 ad
1082 5099 1378 5160 arborem
1411 5101 1629 5182 tulgfa‚
1675 5104 1794 5164 sub
1828 5124 1952 5180 qua
1984 5114 2082 5165 est
2113 5116 2286 5165 meta
2335 5116 2535 5164 terrea
2582 5112 2644 5164 et
2691 5104 2754 5161 in
2802 5103 3033 5164 eadem
