3797 5795
1831 381 2097 444 —374
2170 413 2243 424 «-

681 579 896 632 nostra
945 571 1276 632 uoluntate
1337 571 1558 646 factus,
1621 571 1814 633 robur
1873 580 2184 651 perpetue
2251 571 2541 648 optineat
2604 567 2932 642 firmitatis,
3000 587 3121 630 nec
3187 569 3391 646 possit

679 702 794 762 per
839 683 1120 764 aliquem
1167 686 1469 759 reuocari,
1515 696 1844 763 presentes
1891 685 2129 745 litteras
2161 684 2223 744 in
2256 683 2693 743 testimonium
2728 681 2860 742 dari
2892 682 3159 742 fecimus
3202 677 3393 761 sigilli

681 797 878 856 nostri
928 796 1196 875 duplicis
1243 799 1596 858 munimine
1643 796 1992 858 roboratas.
2054 795 2295 858 Datum
2343 815 2457 874 per
2504 813 2733 854 manus
2780 796 3055 875 magistri
3102 793 3383 855 Farcasii

681 907 865 968 electi
912 906 1212 970 Albensis
1255 909 1397 969 aule
1446 919 1660 970 nostre
1707 909 2200 970 vicecancellarii
2246 907 2456 968 dilecti
2502 917 2567 968 et
2614 905 2818 968 fidelis
2880 909 3093 968 nostri.
3189 904 3395 966 Anno

684 1021 928 1081 domini
977 1019 1396 1094 MCCLXVI,
1443 1022 1520 1083 X.
1568 1020 1875 1083 kalendas
1936 1021 2164 1101 aprilis,
2224 1021 2401 1102 regni
2460 1030 2677 1081 autem
2732 1021 2927 1080 nostri
2984 1037 3158 1080 anno
3210 1022 3393 1079 trice-

685 1153 849 1195 simo
892 1153 1118 1214 pr1m0.

865 1327 1054 1384 Liber
1107 1329 1392 1404 privileg.
1453 1336 1726 1405 eppatuS.
1793 1327 2061 1401 Zagrab.
2124 1328 2235 1384 list
2294 1330 2386 1385 52.
2432 1361 2517 1368 —
2572 1309 2823 1384 Tkalc‘ic'
2878 1326 3151 1384 zllonum.
3210 1327 3395 1402 episc.

690 1431 739 1489 l.
794 1433 905 1488 131.
957 1465 1040 1474 —-
1105 1431 1347 1488 lVenzel
1396 1431 1536 1489 Cod.
1588 1432 1736 1507 dipl.
1781 1431 1928 1507 Arp.
1978 1431 2089 1489 XI.
2144 1434 2277 1487 556.
2328 1433 2545 1488 cionosi
2586 1439 2807 1504 regest.

1946 1790 2139 1870 857.

693 1980 895 2062 1266,
943 1985 1000 2048 1.
1049 1983 1309 2067 aprile..
1356 1981 1417 2049 U
1461 1981 1726 2049 Zadru.

698 2173 1015 2257 Jurz‘slav
1067 2173 1446 2237 Prvonorev
1505 2172 1730 2257 prima
1793 2174 1882 2236 od
1938 2178 2333 2236 samos-tana
2394 2193 2489 2235 π’.
2540 2173 2898 2236 Km‘evana
2956 2171 3304 2258 vt'nograd
3348 2194 3394 2234 u

1531 2285 1855 2350 Ceredolu
1908 2309 2001 2348 na
2048 2284 2537 2370 obradjivanje.

867 2479 936 2540 In
984 2477 1212 2542 Christi
1259 2481 1540 2539 nomine.
1581 2477 1779 2540 Anno
1810 2478 1894 2538 ab
1928 2481 2361 2564 incarnatione
2393 2480 2527 2538 eius
2560 2477 2897 2539 millesimo
2943 2478 3397 2540 ducentesimo

692 2593 1092 2675 sexagesimo
1139 2602 1345 2667 sext0,
1391 2610 1611 2652 mense
1657 2592 1886 2670 apriliS,
1932 2591 2035 2652 die
2082 2592 2291 2670 primo
2338 2593 2629 2664 intrante,
2675 2591 3023 2652 indictione
3056 2609 3249 2665 nona,
3290 2590 3391 2670 Ja-

693 2705 862 2780 dere,
909 2705 1303 2784 temporibus
1348 2705 1588 2764 domini
1639 2705 1937 2782 Raynerii
1985 2703 2149 2764 Geni
2199 2703 2393 2764 incliti
2437 2702 2618 2764 ducis
2667 2704 2950 2766 Venecie
2996 2717 3059 2764 et
3106 2706 3393 2786 magistri

691 2818 1032 2882 Laurencii
1091 2817 1466 2878 uenerabilis
1518 2816 1878 2896 Jaderensis
1939 2816 2412 2897 archicpiscopi,
2465 2837 2541 2879 ac
2588 2816 2831 2879 domini
2872 2817 3093 2897 Jacobi
3143 2815 3395 2896 Quirini

692 2934 927 3014 egregii
988 2934 1255 2993 comitis.
1303 2930 1710 2992 Manifestum
1775 2931 1941 2991 facio
1987 2950 2109 3011 ego
2156 2931 2419 3011 quidem
2474 2930 2857 3011 Jurisclauus
2901 2930 3065 2992 filius
3110 2931 3395 2992 condam

693 3044 1074 3106 Paruonossi
1135 3064 1248 3124 per
1307 3045 1430 3105 hoc
1490 3062 1750 3122 presens
1811 3047 2135 3124 scriptum,
2182 3046 2331 3123 quia
2376 3048 2621 3124 suscepi
2670 3064 2707 3105 a
2755 3045 2941 3105 uobis
2986 3043 3284 3125 religioso
3333 3056 3396 3104 et

692 3155 968 3219 honesto
1026 3160 1161 3218 viro
1221 3157 1490 3217 domino
1553 3156 1822 3217 Nicolao
1883 3155 2257 3219 Simiteculo
2310 3159 2545 3219 abbate
2594 3160 2955 3218 monasterii
3006 3159 3207 3217 sancti
3259 3155 3407 3218 Gri—

689 3273 920 3353 sogoni
945 3271 1304 3351 Jaderensis
1333 3282 1396 3330 et
1428 3269 1510 3330 ab
1541 3270 1834 3333 fratribus
1869 3274 2105 3343 uestriS,
2138 3271 2461 3333 videlicet:
2508 3270 2840 3349 Stephano
2872 3270 3098 3348 priore,
3133 3270 3392 3331 Proseta

693 3381 873 3443 Boeo
931 3385 1206 3453 sacrista,
1267 3381 1562 3443 Matheus
1621 3382 1901 3444 condam
1966 3384 2199 3446 abbate
2262 3384 2345 3446 de
2391 3384 2657 3448 Sansico
2718 3396 2784 3445 et
2828 3383 3177 3446 Theodoro
3244 3403 3405 3444 ceco

689 3504 760 3555 et
804 3497 941 3557 aliis
986 3493 1338 3575 quadam(!)
1403 3497 1582 3555 vinea
1631 3506 1839 3556 uestra
1885 3507 1948 3556 et
1994 3497 2259 3575 predicti
2324 3500 2686 3559 monasterii
2751 3516 2877 3577 que
2938 3496 3051 3557 suit
3107 3497 3395 3557 condam

695 3607 948 3689 Radass)
1016 3611 1222 3688 posita
1267 3608 1351 3669 ad
1399 3606 1716 3671 Ceredolo
1762 3609 1845 3669 ad
1893 3610 2316 3672 laborandum
2365 3622 2429 3672 et
2474 3610 2827 3671 tenendum
2891 3609 3159 3671 fideliter
3220 3608 3397 3669 bona

695 3718 827 3782 fide
870 3724 1006 3782 sine
1052 3719 1272 3781 fraude
1331 3720 1684 3781 secundum
1748 3723 2275 3784 consuetudinem
2334 3723 2579 3804 Jadere,
2638 3723 2851 3784 donec
2898 3726 3117 3783 vixero
3164 3722 3229 3783 in
3276 3720 3405 3782 hoc

697 3834 932 3896 seculo,
1005 3834 1084 3895 Et
1132 3834 1213 3895 de
1259 3836 1436 3895 omni
1484 3834 1690 3895 fructu
1739 3836 1915 3914 quod
1962 3836 2237 3917 dictus(!)
2302 3838 2549 3898 dederit
2597 3836 2745 3897 mihi
2793 3837 3030 3898 exinde
3076 3836 3289 3897 debeb
3336 3848 3397 3898 et

699 3958 923 4009 teneor
967 3967 1117 4009 cum
1165 3950 1321 4008 meis
1367 3947 1706 4009 heredibus
1752 3948 1907 4010 dare
1953 3950 2135 4010 uobis
2179 3959 2242 4010 et
2284 3953 2507 4011 uestris
2551 3951 3019 4012 successoribus
3058 3952 3389 4011 annuatim

699 4064 958 4124 terciam
1021 4072 1268 4140 partem
1332 4060 1431 4121 hic
1479 4062 1540 4120 in
1582 4060 1828 4140 Jadera.
1879 4063 2169 4125 Preterea
2213 4066 2264 4124 si
2313 4064 2440 4125 ullo
2501 4076 2793 4141 tempore
2854 4066 3151 4123 inuentus
3212 4064 3394 4123 tuero

699 4176 764 4235 in
810 4175 1032 4235 fraude
1075 4185 1299 4234 contra
1345 4184 1622 4234 uestram
1669 4176 1997 4251 iusticiam,
2026 4188 2180 4237 tunc
2226 4186 2443 4237 tenear
2474 4196 2621 4237 cum
2656 4178 2813 4237 meis
2856 4175 3197 4237 heredibus
3242 4176 3400 4236 dare

699 4297 764 4348 et
807 4288 1054 4349 soluere
1099 4287 1284 4347 uobis
1329 4295 1391 4348 et
1437 4290 1662 4348 uestris
1706 4291 2172 4351 successoribus
2202 4308 2318 4351 sex
2351 4309 2653 4369 perperos
2696 4308 2886 4368 super
2932 4308 3038 4349 me
3084 4300 3145 4349 et
3178 4292 3397 4349 omnia

701 4418 846 4461 mea
891 4402 1064 4461 bona
1109 4400 1324 4461 habita
1370 4409 1432 4461 et
1479 4399 1792 4473 habenda,
1837 4420 1963 4481 que
2010 4405 2191 4463 vinea
2222 4413 2433 4464 estex
2464 4413 2644 4482 parte
2689 4402 2885 4463 borea
2932 4404 3110 4463 iuxta
3142 4404 3393 4463 vineam

701 4512 960 4575 Dimina
1019 4512 1436 4594 Slogodinich
1479 4522 1543 4573 et
1588 4533 1672 4573 ex
1717 4526 1931 4574 austro
1962 4518 2155 4587 ,iuxta
2200 4519 2450 4577 vineam
2500 4515 2831 4597 Radogne.
2880 4514 3127 4576 Verum
3174 4526 3391 4575 tamen

699 4644 823 4707 ego
883 4627 1092 4688 dictus
1144 4625 1544 4706 Juresclauus
1605 4645 1734 4686 non
1799 4626 2009 4688 debeo
2070 4640 2360 4689 extraere
2426 4632 2644 4690 vinum
2692 4627 2776 4689 de
2821 4630 2953 4688 tina
3000 4630 3133 4689 sine
3180 4642 3389 4689 uestra

703 4739 963 4801 licencia
993 4751 1101 4801 aut
1133 4748 1346 4799 uestro
1393 4741 1628 4800 nuncio
1675 4740 1775 4800 uel
1824 4742 2017 4801 misso
2048 4741 2167 4803 sub
2198 4761 2366 4821 pena
2395 4754 2653 4803 centum
2702 4741 2943 4803 solidos
2990 4742 3393 4802 denariorum

701 4871 1064 4932 paruorum,
1110 4862 1202 4913 set
1270 4860 1490 4913 tamen
1557 4870 1705 4914 cum
1771 4852 1852 4913 de
1923 4852 2045 4914 hoc
2112 4855 2326 4915 seculo
2389 4858 2709 4930 transiero,
2756 4854 3041 4935 predicta
3106 4857 3285 4915 vinea
3332 4857 3395 4913 in

701 4966 888 5027 uobis
918 4976 982 5027 et
1013 4965 1481 5026 suecessoribus
1528 4968 1750 5026 uestris
1793 4965 2028 5028 debeat
2074 4970 2299 5028 reuerti
2347 4967 2542 5028 libera
2572 4980 2635 5029 et
2666 4969 2959 5031 absoluta
3006 4970 3143 5028 sine
3181 4967 3395 5047 aliquo

703 5082 1005 5141 interesse
1065 5081 1198 5139 siue
1257 5078 1470 5157 aliqua
1529 5078 2061 5141 contradiccione.
2105 5077 2347 5141 Actum
2394 5092 2489 5141 est
2537 5082 2657 5141 hoc
2702 5093 2766 5142 et
2812 5080 3129 5144 firmatum
3179 5098 3393 5142 coram
