3797 5795
1547 373 1917 436 -59-

380 563 503 642 Qui
553 575 766 625 nostre
813 565 1124 625 uoluntati
1170 567 1232 624 in
1277 567 1602 644 presencia
1649 566 1870 646 populi
1932 569 2251 644 acquieuit
2298 581 2361 629 et
2407 589 2551 630 cum
2602 589 2719 630 suo
2766 589 3083 632 consensu

379 689 704 756 presentes
747 678 984 738 litteras
1049 679 1246 738 nostri
1292 679 1470 760 sigilli
1519 681 1872 740 munimine
1932 680 2265 741 roboratas
2314 685 2426 760 ipsi
2474 684 2739 743 ecclesie
2785 684 3087 744 duximus

383 790 736 865 faciendas;
796 791 1198 852 absoluendo
1244 795 1469 871 ipsum,
1514 793 1692 871 quod
1737 792 1944 854 nullus
2006 793 2280 854 eundem
2331 795 2432 855 uel
2478 796 2753 874 aliquem
2816 798 2921 876 qui
2970 817 3087 874 pro

379 925 459 964 eo
504 917 669 965 esset
717 905 800 965 de
845 916 1057 965 cetero
1126 907 1476 985 inquietare
1535 907 1732 984 possit
1776 906 1879 966 uel
1927 909 2126 966 eciam
2196 908 2520 985 impedire.
2584 907 2824 969 Actum
2873 911 2937 969 in
2985 929 3085 970 ec-

378 1019 568 1079 clesia
637 1021 834 1078 sancti
899 1018 1175 1079 Domnii.
1242 1019 1496 1080 Testes:
1569 1018 1868 1080 dominus
1939 1019 2228 1081 Thomas
2295 1020 2793 1092 archidiaconus,
2863 1023 3085 1083 Petrus

380 1133 784 1211 primiceriuS,
829 1133 1128 1192 dominus
1177 1131 1562 1192 Laurencius
1609 1133 1789 1193 miles
1834 1143 2139 1211 potestas
2203 1133 2424 1193 Petrus
2472 1131 2813 1206 Cerneche,
2860 1133 3083 1195 Dobre

378 1244 651 1320 Dusciqe
711 1245 947 1305 iudices
991 1257 1056 1305 et
1101 1245 1242 1305 allii.
1305 1245 1386 1306 Et
1448 1264 1570 1326 ego
1633 1231 1895 1324 Oprissa
1965 1245 2281 1306 Dabrallis
2349 1249 2751 1307 examinator
2820 1266 3081 1308 manum

379 1377 592 1418 meam
641 1360 795 1418 misi.
844 1357 984 1439 Ego
1030 1356 1298 1419 Amicus
1342 1357 1706 1437 capellanus
1751 1361 2041 1419 comunis
2072 1359 2309 1436 Spalati
2354 1361 2589 1419 iuratus
2636 1361 2915 1420 notarius
2968 1360 3083 1420 hiis

379 1471 626 1530 interfui
691 1483 753 1531 et
813 1474 896 1532 de
953 1472 1258 1531 mandato
1320 1470 1564 1532 domini
1623 1471 2079 1550 archiepiscopi
2130 1483 2193 1532 et
2240 1472 2524 1532 eiusdem
2573 1471 3077 1550 archipresbiteri

382 1584 652 1644 Prodani
702 1594 957 1664 rogatus
1001 1585 1216 1662 scripsi
1262 1595 1324 1644 et
1373 1595 1681 1644 consueto
1728 1587 1911 1665 signo
1966 1585 2279 1644 roboraui.

557 1744 848 1816 (Signum
897 1744 1178 1813 notarii.)

565 1933 862 2008 Original
901 1955 940 1990 u
988 1933 1208 1990 arkivu
1255 1933 1504 2008 kaptola
1539 1955 1578 1990 u
1614 1935 1846 2009 Spljetu
1895 1954 1953 1991 a.
2004 1937 2169 1990 1257.
2223 1936 2425 2004 (XVI.
2479 1937 2531 1991 2.
2584 1937 2709 2002 43.)
2744 1935 2850 1991 Na
2883 1935 3086 1990 listim·

375 2039 514 2094 vidi
555 2058 622 2093 se
667 2045 826 2111 trag,
875 2039 1016 2113 gdje
1041 2039 1118 2112 je
1161 2060 1194 2093 0
1241 2039 1403 2094 uzz'ci
1447 2039 1604 2094 visio
1655 2043 1857 2113 pedat.
1909 2039 2123 2112 Drugi
2173 2037 2513 2113 primjerak
2562 2059 2603 2094 u
2649 2059 2696 2095 c.
2746 2039 2800 2094 k.
2854 2041 3081 2114 tajnom

377 2141 601 2198 arkivu
650 2161 690 2198 u
736 2143 918 2198 Bedu.

571 2247 812 2303 ll'e‘nzel
861 2247 1004 2304 Cod.
1053 2247 1199 2321 dipl.
1251 2247 1394 2322 Arp.
1449 2248 1536 2304 ll.
1589 2249 1723 2302 289.
1771 2281 1856 2286 —
1904 2247 2280 2322 Kukuljevic'
2318 2249 2467 2321 Reg.
2525 2253 2662 2306 7:30.

1627 2539 1822 2616 581.

378 2661 582 2739 1257,
631 2661 739 2725 28.
787 2661 1054 2724 marta..

385 2849 556 2912 Bela
603 2850 794 2934 kralj
833 2847 1124 2935 ugarskz'
1169 2847 1202 2910 z·
1241 2849 1556 2912 hrvatskt'
1613 2849 1855 2933 dajm‘t'
1900 2849 2149 2934 poslz'je
2190 2851 2462 2935 prevale
2509 2852 2811 2914 tatarske
2856 2851 3080 2935 zemlje

376 2961 694 3047 ogledali,
751 2962 1145 3047 polvrdjuje
1198 2962 1476 3046 posjede
1559 2963 1626 3024 Τ
1619 2962 1911 3047 t’burctja
1966 2964 1999 3025 ι’
2048 2964 2331 3047 rq'egova
2394 2965 2583 3026 brata
2663 2964 2978 3027 Gabrz'ela
3029 2986 3073 3025 u

1314 3074 1636 3159 iupanz'jz‘
1664 3082 1915 3160 gamin
1924 3074 2125 3159 z‘c‘koj.

557 3268 704 3329 Bela
751 3268 850 3328 dei
899 3270 1108 3349 gracia
1156 3267 1503 3348 Hungarie,
1550 3266 1896 3341 Dalmacie,
1941 3267 2221 3342 Croacie,
2263 3270 2483 3343 Rame,
2522 3268 2754 3339 Servie,
2795 3268 3075 3335 Gallicie,

382 3381 787 3453 Lodomerie,
850 3378 1288 3459 Cumanieque
1334 3400 1448 3440 rex
1511 3381 1808 3441 omnibus
1867 3401 2129 3459 presens
2190 3385 2493 3461 scriptum
2558 3384 2933 3460 inspecturis
2982 3400 3076 3441 sa-

380 3496 576 3556 lutem
626 3496 684 3553 in
733 3514 884 3554 vero
943 3494 1216 3554 salutari.
1286 3492 1497 3555 Officii
1560 3496 1754 3553 nostri
1816 3493 2104 3554 debitum
2169 3513 2287 3553 nos
2347 3505 2678 3553 ammonet
2752 3494 3075 3575 invigilare

379 3607 677 3668 remediis
721 3608 1170 3681 subiectorum,
1217 3606 1394 3684 quod
1440 3606 1596 3666 dum
1643 3625 1864 3666 eorum
1928 3606 2299 3667 discutimus
2362 3606 2617 3678 honera,
2682 3608 2832 3668 dum
2898 3628 3077 3669 scan-

379 3722 524 3782 dala
569 3739 993 3791 removemuS,
1039 3740 1156 3779 nos
1202 3722 1264 3779 in
1310 3720 1590 3798 ipsorum
1641 3722 1853 3797 quiete
1914 3722 2298 3798 quiescimus
2356 3732 2420 3781 et
2484 3724 2657 3799 pacis
2703 3740 2923 3782 eorum
2974 3741 3079 3781 co-

382 3835 582 3894 modo
626 3834 1032 3916 gratulamur.
1083 3834 1352 3894 Proinde
1397 3833 1481 3893 ad
1527 3837 1963 3895 universorum
1996 3836 2295 3894 noticiam
2332 3833 2556 3893 harum
2588 3836 2747 3893 serie
2779 3834 3071 3894 volumus

381 3950 726 4027 pervenire,
771 3948 946 4026 quod
992 3965 1140 4007 curn
1187 3959 1333 4025 post
1379 3966 1696 4007 recessum
1743 3947 2156 4008 Tartarorum
2213 3947 2296 4006 ad
2358 3946 2677 4026 quoslibet
2738 3950 3079 4007 comitatus

381 4080 500 4139 pro
547 4060 922 4120 revocandis
967 4061 1205 4120 iuribus
1248 4062 1433 4120 castri
1481 4060 1763 4120 indebite
1825 4062 2152 4138 occupatis
2200 4060 2481 4119 diversos
2529 4060 2767 4119 iudices
2814 4062 3081 4121 misisse-

384 4193 542 4246 mus,
588 4176 750 4233 inter
793 4185 1004 4234 cetera
1049 4172 1132 4233 ad
1171 4176 1546 4233 comitatum
1579 4173 1662 4233 de
1694 4170 2063 4233 Gerzenche
2098 4172 2353 4233 fidelem
2388 4185 2675 4233 nostrum
2710 4176 3077 4253 magistrum

386 4284 567 4349 Chak
613 4289 954 4347 ensiferum
1002 4286 1303 4347 duximus
1349 4285 1929 4357 transmittendum,
1960 4285 2187 4347 dantes
2234 4286 2350 4346 sibi
2398 4288 2459 4345 in
2510 4286 2843 4357 mandatiS,
2891 4297 2959 4345 ut
3019 4298 3081 4345 et

385 4411 580 4461 terras
625 4420 700 4461 ac
745 4401 865 4460 alia
911 4404 1042 4461 iura
1089 4403 1272 4461 castri
1323 4400 1656 4460 memorati
1706 4399 1990 4459 indebite
2054 4412 2365 4477 occupata
2426 4410 2751 4459 revocaret
2800 4409 2865 4458 et
2910 4400 3083 4458 ioba-

385 4517 648 4594 gionum
695 4516 875 4573 castri
926 4525 1138 4583 terras,
1185 4532 1375 4591 super
1420 4513 1649 4592 quibus
1698 4531 1825 4572 non
1876 4522 1969 4571 est
2027 4514 2364 4572 contencio
2430 4522 2489 4571 ct
2557 4530 2713 4589 quas
2776 4534 2813 4572 a
2876 4523 3083 4572 castro

387 4627 691 4687 hactenus
737 4625 998 4705 pacifice
1047 4637 1400 4691 tenuerunt.
1447 4645 1483 4685 a
1532 4626 1708 4685 terris
1768 4628 2183 4686 castrensium
2248 4624 2669 4684 reambularet
2734 4638 2795 4684 et
2858 4625 3085 4685 iisdem

386 4740 831 4821 iobagionibus
877 4742 1058 4799 castri
1108 4738 1509 4817 relinqueret,
1555 4758 1754 4798 novas
1803 4749 2006 4799 metas
2055 4741 2230 4798 iuxta
2300 4750 2541 4797 veteres
2610 4738 2941 4811 elevand0‚
3004 4758 3085 4798 ne

384 4853 466 4914 de
534 4864 750 4913 cetero
813 4855 1062 4932 questio
1140 4854 1376 4911 moveri
1441 4863 1657 4930 posset
1726 4851 2124 4930 aliquatenus
2197 4851 2277 4911 de
2346 4850 2606 4910 eisdem.
2672 4849 2865 4932 Igitur
2925 4853 3085 4910 sicut

385 4968 556 5027 idern
603 4968 904 5047 magister
951 4964 1149 5037 Chak,
1195 4976 1342 5044 post
1389 4964 1508 5025 hec
1553 4963 1634 5024 ad
1683 4983 1801 5024 nos
1849 4964 2099 5023 rediens
2163 4974 2396 5023 terram
2452 4961 2785 5024 Girzincha
2848 4982 3085 5024 nuncu-

381 5092 600 5159 patam
650 5081 887 5139 invenit
933 5089 997 5139 et
1040 5079 1432 5157 Tyburcium
1483 5078 1740 5138 fratrem
1791 5074 2105 5137 Gabrielis
2151 5076 2561 5156 iobagionem
2609 5079 2792 5136 castri
2842 5095 3086 5136 memo-
