3797 5795
1495 341 1767 403 —425
1826 375 1908 383 —-—

395 547 511 594 tum
551 532 740 591 eciam
789 549 1064 590 examen
1112 530 1301 590 duelli
1338 550 1373 589 a
1406 532 1593 590 nobis
1624 532 1787 590 inter
1817 550 1885 591 se
1919 529 2050 592 fieri
2093 533 2484 610 petiuissent,
2539 533 2804 595 demum
2837 545 3050 596 tamen

392 665 487 726 per
513 655 779 705 nostram
811 655 874 702 et
908 645 1083 723 regni
1131 643 1437 703 nobilium
1486 646 1878 715 sentenciam
1925 655 2226 725 utrasque
2271 655 2484 723 partes
2516 646 2598 707 de
2632 646 3053 708 altercacione

392 756 733 829 reuocandO,
778 776 895 834 pro
942 756 1116 815 bono
1161 758 1336 834 pacis
1381 767 1443 816 et
1476 757 1827 817 commodo
1875 758 2206 820 vicinitatis
2251 759 2509 820 arbitrio
2555 761 2807 821 comitis
2841 759 3052 840 Hryn-

391 872 564 940 koniS,
626 869 874 930 Porseni
933 868 1035 928 filii
1100 869 1280 943 Rata,
1352 868 1597 929 Nicolai
1659 868 1766 929 filii
1818 868 2040 948 Dapsa
2085 881 2148 930 et
2195 871 2534 932 Mortunus
2601 872 2806 932 fratris
2877 871 3052 934 Atha

388 985 655 1045 duximus
699 981 1211 1055 committendaS,
1242 985 1347 1062 qui
1382 984 1445 1042 in
1477 983 1579 1043 die
1622 983 1855 1043 arbitrii
1887 985 2106 1061 preuia
2149 985 2421 1057 racione,
2469 987 2629 1044 sicut
2676 985 2861 1046 nobis
2907 988 3052 1046 viua

386 1116 523 1158 voce
576 1099 923 1170 recitarunt,
970 1099 1130 1156 inter
1192 1107 1404 1174 partes
1468 1096 1659 1156 talem
1708 1097 1992 1156 fecerunt
2039 1099 2606 1174 composicionem,
2651 1098 2829 1176 quod
2873 1117 3053 1177 sepe-

384 1213 515 1272 dicti
556 1211 916 1291 iobagiones
962 1211 1143 1270 castri
1193 1209 1547 1287 predictam
1592 1220 1825 1269 terram
1874 1205 2200 1282 Conchan,
2232 1229 2350 1287 pro
2384 1229 2510 1288 qua
2543 1213 2632 1270 eis
2665 1211 3048 1285 vertebatur,

387 1327 527 1384 inter
567 1343 672 1384 eos
717 1322 1116 1401 reliquerunt,
1148 1321 1559 1382 reddiderunt
1609 1332 1671 1382 et
1719 1333 1938 1380 nostro
1987 1321 2246 1382 homine
2295 1323 2618 1383 mediante
2649 1325 3052 1384 restituerunt

383 1437 809 1515 prenominatis
854 1435 993 1496 filiis
1040 1434 1238 1495 Endri
1285 1436 1535 1495 comitis
1577 1445 1640 1494 et
1674 1453 1897 1494 eorum
1950 1433 2287 1496 heredibus
2331 1435 2500 1496 nulla
2547 1436 2664 1496 sibi
2711 1438 2774 1496 in
2821 1437 3053 1498 eadem

382 1550 655 1628 porcione
713 1559 1031 1609 reseruata
1078 1547 1341 1626 pacifice
1388 1558 1450 1606 et
1499 1549 1711 1625 quiete
1756 1546 2208 1626 perpetualiter
2268 1548 2746 1625 possidendam,
2791 1551 2902 1628 qui
2945 1548 3052 1609 filii

380 1661 557 1722 Endri
599 1661 775 1722 dictis
822 1661 1265 1742 iobagionibus
1311 1662 1497 1720 castri
1544 1679 1661 1739 pro
1710 1660 2095 1734 vtilitatibuS,
2127 1680 2285 1740 quas
2331 1664 2394 1721 in
2441 1661 2601 1722 facie
2648 1663 2841 1740 ipsius
2887 1672 3056 1722 terre

378 1775 647 1848 fecerant,
694 1777 907 1856 viginti
969 1785 1217 1853 septem
1282 1793 1527 1834 marcas
1590 1776 1649 1833 in
1718 1773 1990 1834 denariis
2057 1774 2498 1852 persoluerunt
2567 1793 2785 1836 coram
2849 1774 3052 1848 nobiS,

376 1889 553 1947 astitit
580 1890 775 1948 eciam
810 1887 1090 1948 Endrich
1124 1899 1275 1947 tunc
1306 1889 1613 1965 temporis
1645 1906 1863 1946 comes
1898 1889 2202 1948 terrestris
2248 1898 2732 1948 commetaneus
2765 1887 3054 1948 eiusdem

376 2013 523 2060 terre
580 2001 678 2080 qui
746 2000 979 2060 dictam
1045 2001 1593 2079 composicionem
1656 2003 1943 2078 parcium
2012 2018 2325 2060 consensu
2386 2019 2502 2060 suo
2566 2001 2881 2062 ratificans
2942 2021 3054 2079 ap-

374 2113 663 2191 probauit‚
710 2115 1076 2192 recipiendo
1124 2115 1185 2173 in
1232 2115 1471 2172 vicinos
1536 2123 1598 2173 et
1653 2123 2138 2173 commetaneos
2185 2115 2246 2173 in
2293 2113 2604 2191 prefatam
2654 2123 2887 2174 terram
2933 2114 3048 2173 sibi

372 2236 426 2285 et
467 2229 588 2286 suis
646 2226 807 2287 filios
870 2226 1065 2287 Endri
1128 2241 1536 2286 memoratos.
1602 2223 1794 2288 Cuius
1854 2236 2019 2286 terre
2079 2229 2283 2305 prima
2333 2237 2502 2287 meta
2551 2227 2767 2304 incipit
2813 2227 2897 2286 ab
2944 2245 3052 2287 oc-

368 2339 603 2399 cidente
645 2361 679 2399 a
728 2337 921 2400 fluuio
984 2339 1163 2402 Odra
1208 2342 1269 2399 in
1320 2351 1492 2399 meta
1555 2350 1757 2399 terrea
1803 2348 1865 2399 et
1913 2338 2202 2417 procedit
2264 2358 2477 2399 versus
2538 2342 2848 2400 orientem
2910 2359 3048 2418 per-

370 2453 664 2512 ueniendo
724 2453 809 2513 ad
870 2453 1202 2532 quoddam
1272 2453 1766 2512 fundamentum
1834 2461 2136 2512 uocatum
2200 2449 2577 2525 Circuische,
2622 2452 2771 2512 inde
2834 2451 3049 2512 eundo

370 2567 529 2624 uenit
584 2565 662 2626 ad
725 2567 1027 2644 paludem
1090 2565 1417 2646 quandam
1481 2563 1769 2628 Calischa
1836 2573 2288 2644 nuncupatam,
2357 2565 2440 2625 ab
2509 2563 2657 2625 inde
2719 2563 3050 2646 pergendo

370 2681 529 2737 uenit
570 2679 649 2738 ad
693 2680 863 2739 viam
908 2698 1022 2758 per
1070 2697 1265 2757 quam
1312 2681 1432 2738 itur
1476 2689 1539 2738 et
1588 2678 1757 2738 cadit
1798 2680 1861 2737 in
1893 2679 2204 2756 piscinam
2237 2677 2582 2757 quandam,
2630 2679 2806 2738 iuxta
2852 2696 3048 2758 quarn

368 2800 453 2850 est
496 2803 657 2851 meta
706 2804 905 2852 terrea
952 2811 1119 2870 aqua
1164 2790 1599 2870 procedendO,
1644 2809 1755 2870 per
1802 2801 2056 2870 pratum
2103 2793 2275 2850 venit
2321 2791 2406 2850 ad
2452 2790 2610 2850 duas
2655 2789 2916 2851 arbores
2960 2792 3049 2850 vi-

374 2904 584 2965 delicet
626 2905 779 2966 tulfa
825 2903 937 2987 e(t)
973 2905 1325 2979 monorofa,
1365 2907 1483 2965 sub
1532 2905 1761 2983 quibus
1807 2914 1902 2964 est
1949 2916 2119 2965 meta
2167 2916 2386 2978 terrea,
2433 2903 2516 2964 ab
2563 2904 2710 2964 hinc
2741 2904 2822 2965 ad
2857 2904 3048 2965 aliam

377 3017 646 3079 arborem
694 3016 1019 3101 haraz(t)fa
1066 3020 1171 3080 ubi
1220 3029 1315 3079 est
1364 3029 1534 3078 meta
1582 3028 1799 3091 terrea,
1846 3015 2079 3078 deinde
2125 3017 2456 3077 tendendo
2502 3018 2792 3095 peruenit
2823 3016 2907 3077 ad
2938 3035 3051 3095 pa-

372 3129 569 3191 ludem
629 3152 752 3211 que
798 3132 1005 3193 Mlaca
1066 3132 1308 3205 dicitur,
1372 3133 1477 3192 ubi
1539 3132 1657 3190 sub
1716 3131 1946 3191 arbore
2009 3129 2420 3207 Gumulchyn
2468 3140 2563 3189 est
2611 3139 2783 3190 meta
2828 3140 3050 3204 terrea,

376 3244 591 3305 exinde
635 3264 749 3323 per
792 3248 991 3325 ipsam
1040 3245 1319 3307 Mlacam
1365 3245 1621 3305 inferius
1666 3244 1926 3304 vertitur
1970 3244 2052 3304 ad
2099 3245 2626 3322 septemtrionem
2666 3254 2727 3303 et
2758 3244 3052 3320 peruenit

384 3356 458 3415 ad
502 3358 785 3418 arborem
824 3356 1167 3439 haraz(t)fa,
1214 3359 1332 3417 sub
1365 3377 1491 3438 qua
1535 3368 1629 3417 est
1676 3368 1849 3416 meta
1881 3367 2101 3429 terrea,
2131 3356 2281 3417 inde
2309 3374 2424 3436 per
2452 3356 2725 3417 eandem
2771 3356 3050 3417 Mlacam

368 3469 563 3529 eundo
628 3470 795 3531 cadit
843 3474 905 3531 in
952 3470 1213 3532 fluuium
1285 3469 1561 3543 Oudina,
1628 3470 1736 3530 ubi
1796 3470 1914 3530 sub
1975 3470 2202 3529 arbore
2262 3471 2378 3548 piri
2425 3486 2520 3529 est
2581 3479 2755 3529 meta
2825 3479 3046 3543 terrea,

370 3580 582 3643 deinde
640 3603 755 3663 per
812 3582 1138 3645 Oudinam
1199 3584 1455 3644 inferius
1516 3582 1731 3643 eundo
1796 3582 1966 3642 cadit
2013 3584 2073 3641 in
2121 3580 2386 3642 fluuium
2435 3580 2630 3655 Odra,
2675 3600 2790 3659 per
2857 3600 3048 3660 quem

369 3691 608 3755 fluuium
673 3697 885 3758 eundo
947 3696 1289 3757 reflectitur
1348 3697 1634 3775 superius
1679 3695 1763 3755 ad
1811 3695 2144 3755 meridiem
2193 3706 2254 3754 et
2305 3696 2593 3773 peruenit
2655 3694 2740 3754 ad
2807 3706 3044 3754 metam

368 3808 423 3865 in
452 3810 750 3888 principio
780 3812 1193 3871 nominatam.
1248 3808 1333 3871 Ut
1378 3811 1563 3890 igitur
1603 3808 1787 3869 huius
1818 3810 1905 3868 rei
1937 3810 2127 3868 series
2161 3807 2651 3867 irreuocabilitei·
2683 3820 3048 3885 perseueret

368 3921 759 3999 inposterum,
824 3932 1149 4001 presentes
1214 3922 1299 3983 ad
1369 3924 1744 3983 instanciam
1811 3924 2096 4000 parcium
2163 3922 2549 3981 contulimus
2613 3920 2793 4001 sigilli
2855 3921 3053 3980 nostri

368 4037 695 4097 munimine
757 4038 1102 4097 roboratas.
1161 4035 1403 4097 Datum
1468 4034 1773 4116 Zagrabie
1832 4035 1986 4096 feria
2034 4045 2258 4112 quarta
2327 4045 2475 4094 ante
2544 4034 3043 4111 carnispriuium,

368 4162 523 4206 anno
566 4149 806 4210 domini
854 4147 1339 4213 M⁰.CC⁰.LX⁰.
1387 4150 1678 4227 septimO.

524 4341 584 4398 It:
629 4344 917 4417 izvornog
960 4342 1268 4419 prijepisa
1317 4336 1348 4399 i
1377 4342 1639 4417 potvrde
1703 4340 1867 4397 bana
1924 4340 2213 4396 ,Rolanda
2259 4340 2344 4394 od
2373 4359 2438 4411 g.
2497 4340 2661 4392 1267.
2713 4342 2787 4392 11.
2840 4337 3048 4412 aprila

370 4462 407 4499 u
449 4444 529 4500 kr.
575 4467 689 4522 ug„
720 4449 849 4505 (ἰνέ.
898 4446 1121 4505 arkivu
1169 4467 1208 4503 u
1254 4447 1650 4526 Budimpes‘tz'
1690 4445 1778 4501 M.
1826 4444 1894 4501 O.
1932 4445 2014 4500 l).
2063 4444 2131 4499 L.
2188 4445 2432 4497 32836.
2485 4444 2673 4499 Stara
2721 4443 3052 4515 signatura

368 4547 443 4603 N.
488 4551 555 4607 R.
599 4552 672 4608 A.
709 4555 878 4629 fase.
931 4554 1025 4606 25.
1076 4571 1169 4608 no.
1225 4553 1315 4606 59.

524 4654 874 4713 Laszowski
920 4656 1269 4732 Spomenici
1319 4655 1643 4731 suropo-lja
1691 4654 1740 4711 J.
1788 4654 2045 4707 21-23.
