3797 5795
1885 393 2289 456 -282—

726 587 1001 664 priorem
1053 595 1294 646 metam
1341 595 1404 644 et
1450 584 1691 646 ibidem
1738 587 2132 645 terminatur.
2181 581 2308 661 Qui
2353 582 2460 642 filii
2509 581 2740 660 Dyane
2804 599 2950 642 cum
2997 580 3230 641 eadem
3279 591 3442 640 terra

725 699 929 758 eciam
994 697 1419 758 vendiderunt
1478 716 1675 758 unam
1742 700 1992 758 vineam
2056 699 2242 758 sitam
2292 699 2355 756 in
2403 707 2566 756 terra
2631 695 2954 763 castrensi,
3003 695 3182 753 iuxta
3245 711 3436 772 quam

724 821 820 871 est
866 811 949 871 ab
995 813 1241 872 oriente
1288 813 1404 884 via,
1450 811 1533 871 ab
1580 810 1918 871 occidente
1979 830 2129 872 vero
2191 811 2376 870 vinea
2424 809 2701 870 Hudine.
2749 809 2912 869 Item
2976 825 3174 867 unum
3224 806 3434 866 locum

728 924 1079 984 molendini
1121 926 1182 984 in
1217 923 1407 984 fluvio
1456 921 1808 1002 Zalatinyk‚
1856 942 2051 1002 quam
2097 927 2349 983 vineam
2382 933 2443 983 et
2477 922 2692 983 locum
2740 919 3090 981 molendini
3142 919 3438 980 dixerunt

724 1037 807 1096 ad
874 1036 1151 1096 eandem
1214 1048 1445 1097 terram
1510 1039 1857 1116 pertinere;
1920 1036 2361 1117 obligaverunt
2425 1055 2494 1095 se
2553 1037 2754 1096 eciam
2822 1034 2971 1094 dicti
3035 1031 3144 1093 filii
3191 1031 3440 1110 Dyane,

724 1149 901 1228 quod
933 1151 985 1208 si
1015 1167 1317 1227 processu
1362 1150 1671 1228 temporis
1716 1161 1942 1209 contra
1989 1151 2193 1227 ipsum
2245 1149 2387 1209 Ruh
2435 1149 2760 1220 comitem,
2791 1157 2898 1207 aut
2934 1165 3085 1207 suos
3123 1155 3432 1224 posteros,

723 1263 854 1322 sive
901 1262 1141 1322 litteras
1204 1271 1467 1331 nostraS,
1529 1263 1659 1322 sive
1712 1261 1957 1322 Herrici
2021 1263 2272 1322 comitis
2317 1260 2604 1321 volentes
2649 1261 2984 1338 requirere,
3029 1259 3232 1319 nullas
3275 1260 3436 1317 vires

722 1374 1028 1445 habiture,
1087 1395 1202 1454 per
1247 1385 1575 1453 presentes
1624 1384 2020 1435 morerentur
2066 1389 2129 1434 et
2177 1376 2227 1434 si
2284 1375 2423 1452 quis
2470 1376 2818 1454 insurgeret
2884 1383 3106 1432 contra
3155 1370 3428 1432 eundem

722 1486 865 1548 Ruh
929 1489 1233 1547 comitem
1296 1507 1413 1566 pro
1476 1487 1705 1548 eadem
1767 1498 1934 1547 terra
1978 1501 2085 1548 aut
2134 1498 2356 1550 contra
2403 1505 2553 1547 suos
2599 1495 2912 1565 posterOS,
2959 1487 3072 1563 ipsi
3126 1484 3432 1564 expedire

722 1608 1101 1660 tenerentur.
1152 1599 1295 1660 Ruh
1358 1620 1577 1662 comes
1637 1611 1851 1661 autem
1916 1600 2221 1682 obligavit
2282 1620 2366 1673 se,
2415 1599 2590 1677 quod
2653 1600 2982 1659 annuatim
3047 1617 3166 1676 pro
3211 1597 3426 1657 debito

719 1714 913 1791 ipsius
957 1725 1119 1772 terre
1168 1713 1448 1774 mediam
1496 1731 1777 1774 marcam
1826 1715 1956 1774 sive
2001 1713 2202 1774 tribus
2247 1713 2639 1793 ponderibus
2685 1711 2930 1772 solvere
2976 1721 3310 1770 teneretur.
3351 1710 3422 1769 ln

720 1827 897 1886 cuius
944 1828 1029 1886 rei
1079 1829 1453 1887 memoriam
1491 1837 1553 1886 et
1587 1827 1780 1887 robur
1825 1837 2076 1887 nostras
2121 1827 2358 1886 litteras
2404 1825 2702 1886 dedimus
2749 1836 2967 1884 nostro
3017 1823 3222 1904 sigillo
3255 1842 3425 1882 com-

719 1941 1011 1998 munitas
1060 1939 1298 2000 Datum
1349 1958 1521 2000 anno
1570 1939 1810 2000 domini
1878 1939 2216 2000 millesimo
2273 1939 2716 2000 ducentesimo
2763 1939 3172 2018 sexagesimo
3218 1939 3424 1996 terci0.

897 2132 961 2189 [Ζ
997 2134 1255 2208 potvrde
1300 2127 1512 2207 kraha
1560 2132 1709 2188 Bele
1754 2132 1801 2189 J
1806 2133 1862 2189 V.
1911 2133 1996 2189 od
2027 2153 2090 2205 g.
2144 2134 2309 2188 1265.
2351 2133 2684 2208 prepisane
2729 2133 3014 2209 ponowaeo
3053 2139 3136 2204 po
3181 2127 3424 2204 kaptolu

718 2235 1141 2294 ffazntanskom
1190 2237 1275 2292 od
1304 2257 1367 2309 g.
1418 2238 1612 2302 1373„
1662 2235 1817 2294 kako
1882 2245 1938 2292 to
2000 2236 2192 2292 mole:
2241 2236 2591 2312 Stephanus
2635 2243 2698 2290 et
2744 2233 3072 2299 Johannes
3098 2233 3246 2307 filii
3289 2233 3424 2288 Ruk

720 2343 797 2398 de
841 2341 1074 2398 Detclce
1136 2341 1457 2397 districtus
1534 2341 1745 2412 Garyg
1812 2373 1885 2382 —
1949 2359 1986 2396 u
2056 2339 2280 2396 arkivu
2343 2343 2614 2416 grosbva
2685 2339 2938 2409 Erdazgy
3010 2357 3048 2393 u
3130 2337 3428 2410 Glogovcu

728 2449 935 2504 61.117.
986 2479 1071 2486 —*
1142 2445 1281 2502 Cocl.
1344 2444 1491 2520 dipl.
1545 2445 1795 2519 patrius
1872 2444 1999 2501 Vll.
2069 2447 2331 2501 89—90.
2395 2465 2487 2501 no.
2556 2447 2651 2499 66.
2699 2475 2780 2484 ——-
2847 2441 3232 2499 Kukulievic'
3286 2443 3428 2514 Reg.

724 2569 815 2606 no,
868 2552 1000 2605 853.

719 3032 922 3102 1263.
990 3032 1049 3097 u
1094 3030 1389 3114 Poffieqi.

726 3222 911 3284 Pred
950 3222 1284 3306 kaptolom
1322 3219 1661 3305 poies‘kz‘m
1698 3221 1991 3305 prodaje
2039 3222 2200 3283 knez
2251 3221 2500 3283 Adarko
2546 3240 2744 3304 svoyu
2794 3220 3038 3304 zemgju
3089 3220 3426 3303 kupljenu

1481 3334 1572 3395 od
1616 3334 1850 3395 Draia.
1905 3317 2085 3396 (fellu
2131 3356 2207 3396 za
2255 3338 2292 3397 5
2343 3334 2642 3397 mamka.

893 3524 1255 3605 Capitulum
1320 3526 1584 3586 ecclesie
1644 3525 1817 3585 beati
1878 3524 2040 3585 Petri
2105 3525 2187 3585 de
2253 3526 2498 3607 Posaga
2561 3526 2862 3585 omnibus
2907 3534 3278 3604 presentem
3324 3544 3430 3603 pa·

716 3641 929 3720 ginam
1001 3641 1373 3717 inspecturis
1446 3639 1715 3698 salutem
1786 3640 1848 3698 in
1921 3640 2210 3698 omnium
2287 3638 2619 3699 saluatore.
2701 3636 2956 3698 Noticie
3031 3635 3424 3719 singulorum

716 3750 1011 3812 volumus
1072 3751 1410 3824 declarare,
1457 3750 1634 3827 quod
1695 3752 2055 3812 constitutis
2114 3769 2331 3811 coram
2395 3751 2582 3811 nobis
2644 3749 2832 3811 Mark
2885 3752 3124 3811 comite
3171 3769 3258 3810 ex
3307 3768 3428 3809 una

716 3875 911 3943 parte,
958 3884 1044 3925 ex
1088 3865 1281 3925 altera
1330 3882 1480 3924 vero
1529 3862 1709 3927 Cheh
1756 3874 1989 3923 terram
2036 3862 2297 3923 t'enente
2366 3863 2629 3923 domine
2674 3865 2905 3945 regine,
2951 3862 3290 3923 confessus
3335 3870 3427 3921 cst

714 3996 783 4037 se
828 3977 1034 4037 dictus
1081 3976 1267 4037 Mark
1313 3996 1533 4037 comes
1578 3996 1795 4037 coram
1846 3977 2048 4042 nobis,
2093 3988 2326 4036 terram
2374 3994 2555 4037 suam
2604 3995 2798 4055 quam
2849 3976 2930 4037 de
2978 3974 3146 4037 Dras
3193 3985 3424 4035 terram

713 4100 974 4149 tenente
1020 4092 1233 4168 precio
1281 4102 1786 4168 comparauerat.
1840 4090 1960 4149 Pro
2008 4107 2104 4161 e0,
2152 4090 2328 4168 quod
2363 4092 2498 4168 ipsa
2527 4100 2691 4150 terra
2739 4102 2870 4149 erat
2917 4091 3222 4169 contigua
3269 4100 3429 4149 terre

712 4201 861 4262 dicti
909 4200 1089 4265 Cheh
1135 4212 1198 4262 et
1246 4205 1447 4283 magis
1492 4204 1608 4280 ipsi
1656 4199 1835 4265 Cheh
1882 4203 2097 4281 precio
2145 4204 2499 4280 comparari
2559 4202 2952 4283 congruebat
3001 4218 3200 4276 quam
3249 4201 3426 4261 alteri

712 4316 913 4388 alicui,
959 4316 1326 4393 supradicto
1388 4312 1567 4378 Cheh
1628 4314 1801 4375 dicto
1854 4314 2020 4375 Dras
2065 4324 2360 4393 presente
2407 4334 2524 4393 pro
2574 4317 2856 4394 quinque
2904 4316 3136 4374 marcis
3183 4315 3428 4396 argenti

710 4427 1096 4509 integraliter
1152 4427 1237 4487 ad
1298 4447 1367 4489 se
1426 4430 1695 4506 receptis
1756 4427 2134 4496 vendidisse,
2180 4428 2301 4488 sub
2361 4426 2603 4487 eisdem
2653 4429 2837 4489 metis
2883 4438 2946 4487 et
2991 4430 3286 4488 terminis
3336 4428 3429 4487 di-

712 4541 1009 4601 stinctam
1055 4551 1117 4599 et
1164 4542 1697 4615 circumcinctam,
1729 4540 1960 4619 quibus
1991 4562 2028 4601 a
2061 4542 2426 4619 supradicto
2475 4540 2639 4601 Dras
2673 4542 2888 4621 precio
2937 4551 3427 4619 comparauerat

712 4656 773 4713 in
804 4664 1187 4732 perpetuum
1217 4652 1481 4733 pacifice
1513 4664 1575 4713 et
1609 4656 1823 4733 quiete
1856 4653 2332 4732 possidendam.
2366 4652 2497 4714 Sed
2531 4655 2678 4731 quia
2699 4651 2880 4716 Cheh
2912 4664 3425 4732 prememoratus

712 4766 830 4826 sub
861 4766 967 4827 tali
1002 4768 1415 4827 estimacione
1461 4785 1587 4846 qua
1635 4764 1823 4827 Mark
1868 4784 2090 4826 comes
2121 4766 2204 4827 de
2235 4765 2398 4827 Dras
2433 4778 2693 4838 emerat,
2734 4765 2936 4827 uoluit
2982 4767 3200 4844 precio
3251 4785 3424 4826 com-

712 4898 949 4958 parare,
995 4898 1113 4957 pro
1145 4880 1400 4939 maioris
1429 4881 1516 4939 rei
1550 4878 1795 4939 cautela
1826 4879 1910 4949 hii
1945 4880 2208 4951 nobiles,
2247 4878 2537 4939 videlicet
2567 4878 2860 4939 Thomas
2905 4878 3070 4939 filius
3119 4876 3426 4958 Chepani,

713 4991 921 5052 Halen
971 5001 1203 5051 terram
1251 5001 1494 5064 tenenS‚
1542 4988 1856 5072 Georgius
1888 5002 1950 5051 et
1989 4989 2208 5051 Helias
2241 4994 2644 5051 vicecomites
2691 4991 2775 5052 de
2821 4992 3066 5072 Posaga
3102 4991 3186 5052 ad
3223 4994 3424 5071 ipsam

713 5117 943 5165 terram
992 5104 1416 5164 estimandam
1450 5114 1595 5164 sunt
1628 5104 1944 5177 destinati,
1977 5106 2082 5182 qui
2117 5103 2536 5182 postmodum
2569 5104 2720 5164 inde
2753 5114 3146 5164 reuertentes
3187 5104 3426 5165 dictam
