3797 5795
627 576 801 635 uenit
846 577 908 635 in
955 585 1135 653 parte
1181 586 1244 636 et
1290 585 1461 634 sorte
1521 574 1669 635 dicti
1733 573 2107 654 Lampredii
2167 595 2290 636 vna
2352 579 2537 636 vinea
2584 595 2711 654 que
2756 587 2848 636 est
2895 578 3012 637 sub
3058 576 3329 637 ecclesia

625 689 823 747 sancti
884 687 1210 748 Benedicti
1257 685 1339 748 de
1383 685 1568 748 Arbo
1615 696 1678 748 et
1723 706 1871 748 cum
1932 691 2115 749 vinea
2182 688 2265 749 de
2327 687 2605 751 Barbato
2652 701 2715 750 et
2762 707 2909 750 cum
2956 708 3079 750 vna
3139 690 3326 748 vinea

624 817 749 879 que
793 809 890 861 est
933 802 998 860 in
1044 800 1244 861 insula
1315 817 1546 881 magna
1614 800 1696 861 de
1743 800 1952 881 Jadra‚
2020 820 2163 862 cum
2234 805 2413 863 terris
2476 802 2557 864 de
2604 803 2815 864 Racca
2860 812 2923 862 et
2970 803 3053 863 de
3097 813 3323 863 sancto

625 910 923 991 Cipriano
969 923 1131 973 terre
1175 913 1258 974 de
1303 912 1584 974 confinio
1628 916 1755 974 arci
1801 913 1884 974 de
1924 912 2117 993 Jadra
2162 924 2226 974 et
2272 934 2419 975 cum
2468 916 2673 976 vaccis
2720 913 2801 976 de
2832 915 3006 998 Pago
3040 927 3102 975 et
3134 915 3318 976 tertia

621 1043 767 1103 pars
810 1025 1150 1086 salinarum
1197 1025 1643 1105 predictarum,
1673 1027 1965 1088 videlicet
2012 1037 2161 1088 octo
2208 1028 2423 1102 saline,
2453 1027 2687 1089 domus
2732 1038 2797 1089 et
2842 1038 3008 1089 terra
3055 1047 3180 1106 que
3225 1039 3323 1090 est

623 1138 984 1218 incipiendo
1030 1159 1115 1199 ex
1160 1138 1369 1200 fusato
1431 1158 1633 1219 usque
1678 1138 1762 1199 ad
1807 1139 2001 1201 alium
2064 1141 2342 1202 fusatum
2391 1139 2473 1200 de
2520 1151 2799 1202 trauersa
2846 1160 2959 1220 per
3006 1140 3179 1202 illum
3228 1141 3321 1202 fu-

618 1262 827 1312 satum
873 1270 986 1330 per
1033 1270 1226 1329 quem
1273 1251 1561 1312 discurrit
1607 1272 1776 1333 aqua
1823 1252 1907 1313 de
1952 1264 2151 1332 puteo
2198 1263 2262 1314 et
2310 1271 2456 1314 cum
2504 1255 2657 1313 ortis
2703 1265 2767 1315 et
2812 1264 2951 1315 tota
2998 1253 3102 1314 illa
3148 1265 3313 1314 terra

619 1364 953 1444 quomodo
1012 1365 1312 1436 continet,
1373 1366 1528 1425 item
1587 1364 1850 1426 aduenit
1897 1368 1959 1426 in
2007 1376 2187 1444 parte
2232 1375 2297 1427 et
2341 1375 2513 1426 sorte
2571 1369 2978 1446 suprascripti
3038 1365 3321 1444 Detayd.

617 1497 740 1538 vna
800 1479 1003 1552 vinea,
1063 1477 1147 1537 de
1209 1477 1584 1539 molendino
1648 1497 1794 1540 cum
1857 1488 2024 1539 terra
2084 1479 2198 1539 sibi
2248 1478 2582 1539 adiacente
2628 1481 2837 1558 posita
2881 1481 2944 1540 in
2992 1481 3307 1540 territorio

615 1589 896 1651 Arbensi
942 1592 1005 1651 in
1052 1589 1212 1651 valle
1256 1591 1455 1650 sancti
1507 1591 1688 1666 Petri,
1731 1594 1886 1652 item
1933 1591 2172 1654 ibidem
2220 1591 2339 1653 alia
2386 1593 2570 1652 vinea
2616 1610 2762 1653 cum
2810 1604 2947 1654 tota
2992 1612 3106 1654 sua
3154 1603 3319 1654 terra

612 1722 738 1779 que
798 1702 914 1763 fuit
975 1703 1306 1782 quondam
1353 1703 1583 1779 Vitaqe
1645 1703 1727 1766 de
1789 1703 2015 1767 Costre
2062 1707 2125 1765 in
2174 1704 2453 1779 Lutidol‚
2500 1724 2660 1766 vnus
2728 1705 2950 1766 derrus
2996 1724 3144 1766 cum
3190 1707 3321 1766 suis

612 1817 889 1878 oliuariis
948 1818 1052 1896 qui
1115 1814 1231 1875 fuit
1293 1817 1394 1876 aui
1441 1835 1664 1878 eorum
1713 1828 1776 1878 et
1824 1836 1971 1880 cum
2019 1817 2311 1890 oliuariis,
2360 1818 2465 1894 qui
2512 1817 2765 1879 fuerunt
2811 1817 3012 1899 Sergii
3062 1828 3124 1878 et
3172 1836 3321 1878 cum

610 1941 777 1991 terra
808 1949 935 2008 que
966 1931 1085 1992 fuit
1115 1929 1469 2015 Gre(n)cini
1503 1943 1568 1992 et
1597 1949 1742 1991 cum
1792 1931 2086 2005 oliuariiS,
2118 1934 2223 2012 qui
2258 1933 2509 1995 fuerunt
2546 1932 2729 1993 Pribe
2776 1933 2991 1992 vxoris
3022 1930 3318 1991 Damiani

609 2042 898 2125 Gipigne,
944 2046 1052 2122 qui
1099 2045 1334 2106 oliuarii
1384 2055 1528 2106 sunt
1575 2044 1694 2105 sub
1742 2043 2071 2106 Bocaluno
2117 2056 2182 2106 et
2230 2065 2379 2107 cum
2425 2064 2550 2107 vna
2594 2047 2779 2105 vinea
2824 2055 2889 2105 et
2934 2043 3123 2105 derro
3170 2062 3319 2104 cum

609 2155 900 2230 oliuariiS,
946 2159 1052 2237 qui
1102 2158 1354 2218 fuerunt
1400 2158 1572 2218 dicte
1620 2157 1802 2218 Pribe
1832 2160 2057 2236 positis
2089 2160 2149 2218 in
2185 2159 2388 2220 insula
2434 2159 2630 2239 Bangi
2666 2167 2906 2218 etcum
2956 2175 3084 2216 vno
3130 2156 3323 2218 derro

607 2288 754 2330 cum
803 2269 1076 2331 oliuariis
1121 2271 1362 2332 ibidem
1407 2271 1629 2350 positis
1675 2281 1738 2330 et
1784 2289 1935 2330 cum
1981 2270 2169 2332 derro
2216 2290 2362 2332 cum
2412 2270 2686 2331 oliuariis
2732 2270 3035 2332 Tollanni
3069 2278 3133 2329 et
3164 2287 3315 2329 cum

609 2394 883 2461 quatuor
944 2383 1216 2444 bouibus
1261 2394 1323 2444 et
1371 2383 1626 2444 duobus
1685 2383 1995 2444 salmariis
2040 2383 2124 2444 de
2169 2383 2352 2445 Arbo
2400 2394 2464 2445 et
2511 2402 2659 2445 cum
2721 2401 2843 2442 vna
2905 2384 3089 2442 tertia
3137 2393 3319 2460 parte

607 2495 1032 2574 predictarum
1080 2496 1438 2569 salinarum,
1470 2495 1762 2557 videlicet
1809 2496 2107 2556 vndecim
2142 2496 2340 2557 saline
2372 2515 2518 2557 cum
2554 2497 2897 2557 medietate
2945 2495 3108 2556 illius
3154 2505 3319 2554 terre

608 2627 733 2688 que
778 2619 873 2669 est
921 2587 1002 2669 de
1047 2621 1325 2669 trauersa
1393 2627 1582 2687 super
1649 2609 1929 2669 fusatum
1978 2621 2171 2687 caput
2218 2609 2301 2670 de
2348 2610 2535 2670 boi-ra
2558 2611 2620 2691 (!)
2668 2620 2733 2669 et
2778 2626 2922 2668 cum
2974 2607 3323 2668 medietate

608 2720 746 2782 llius
791 2733 955 2783 terre
999 2741 1124 2801 que
1175 2733 1274 2782 est
1321 2721 1404 2783 de
1449 2721 1755 2789 laborare,
1802 2732 1998 2801 caput
2048 2723 2130 2782 de
2162 2733 2395 2782 austro,
2443 2721 2557 2784 Set
2602 2720 2939 2782 sciendum
2990 2731 3104 2795 cst,
3134 2719 3317 2800 quod

614 2833 905 2896 debitum
968 2834 1286 2896 Budislaui
1336 2834 1418 2894 de
1465 2835 1680 2894 bestiis
1741 2847 1805 2894 et
1877 2836 2096 2895 omnia
2158 2835 2277 2896 alia
2342 2835 2559 2895 debita
2621 2846 2751 2893 tarn
2818 2843 3081 2913 paterna
3130 2852 3324 2912 quam

605 2960 893 3009 materna
955 2949 1207 3010 debent
1269 2968 1408 3009 esse
1474 2951 1636 3009 inter
1681 2951 1853 3027 ipsos
1901 2958 2027 3009 tres
2074 2951 2391 3022 comunia‚
2440 2968 2657 3009 verum
2706 2958 2925 3008 tamen
2974 2949 3022 3007 si
3066 2947 3330 3027 aliquod

613 3060 904 3122 debitum
966 3060 1207 3122 factum
1271 3062 1668 3142 singulariter
1729 3070 2025 3140 tempore
2087 3081 2217 3142 quo
2280 3064 2392 3140 ipsi
2460 3072 2585 3122 tres
2631 3061 2817 3121 simul
2864 3069 3195 3131 steterunt,
3240 3062 3337 3119 in-

612 3186 896 3255 surgeret
943 3194 1132 3254 super
1179 3175 1458 3255 aliquem
1493 3194 1576 3235 ex
1609 3176 1714 3247 eis„
1757 3174 1858 3235 ille
1908 3177 2013 3253 qui
2062 3176 2269 3253 ipsum
2317 3174 2606 3235 debitum
2658 3175 2923 3243 fecisset,
2970 3174 3071 3234 ille
3121 3176 3328 3252 ipsum

613 3288 1004 3369 integraliter
1065 3288 1313 3349 soluere
1375 3297 1709 3347 teneretur.
1771 3287 1855 3348 Et
1902 3290 2155 3367 insuper
2201 3288 2350 3349 dicti
2399 3287 2656 3363 iudiceS,
2701 3287 3127 3359 arbitratoreS‚
3174 3305 3334 3347 con-

611 3400 984 3460 cordatores
1045 3399 1409 3461 laudatores
1470 3416 1532 3459 et
1594 3398 1969 3460 diffinitores
2032 3401 2367 3461 voluerunt
2412 3410 2475 3461 et
2522 3400 2824 3461 dixerunt
2870 3410 3005 3460 tam
3050 3418 3164 3477 per
3210 3398 3331 3459 dis-

601 3510 914 3574 finitiuam
961 3514 1368 3587 sententiam,
1417 3532 1610 3591 quam
1657 3532 1772 3591 per
1815 3513 2097 3585 laudum,
2144 3513 2559 3574 concordium
2594 3515 2728 3573 siue
2758 3513 3105 3585 arbitrium,
3148 3512 3330 3590 quod

601 3624 686 3686 de
730 3635 949 3687 cetero
1019 3626 1228 3687 nullus
1277 3627 1379 3687 uel
1425 3626 1574 3688 nulli
1623 3646 1708 3685 ex
1752 3627 1903 3704 ipsis
1965 3625 2164 3686 tribus
2224 3627 2423 3704 possit
2470 3626 2569 3686 uel
2618 3628 2863 3703 possint
2910 3624 2993 3686 ad
3038 3626 3315 3685 inuicem

604 3739 793 3799 simul
839 3739 939 3800 uel
988 3739 1256 3813 diuisim,
1305 3757 1463 3799 vnus
1524 3757 1714 3817 super
1759 3739 2030 3799 alterum
2093 3739 2331 3818 aliquid
2393 3758 2657 3816 querere
2727 3740 2861 3799 siue
2906 3747 3125 3816 petere
3167 3756 3317 3798 cum

603 3864 778 3912 carta
825 3851 924 3912 uel
973 3854 1108 3912 sine
1153 3862 1326 3912 carta
1376 3854 1438 3911 in
1485 3854 1655 3912 curia
1717 3852 1818 3912 uel
1883 3863 2065 3912 extra
2122 3854 2361 3912 curiam
2409 3870 2521 3929 per
2566 3850 2846 3926 aliquem
2894 3850 3166 3911 modurn
3214 3850 3316 3911 uel

607 3966 931 4046 ingenium
993 3967 1126 4025 siue
1188 3984 1300 4043 per
1365 3964 1642 4044 aliquam
1707 3967 2019 4024 rationem
2067 3974 2131 4025 et
2178 3967 2583 4024 occasionem
2647 3964 2828 4025 huius
2890 3964 3133 4037 mundi,
3196 3982 3319 4023 nec

607 4076 812 4139 dictus
857 4076 1151 4138 Andreas
1197 4077 1280 4139 de
1325 4090 1540 4138 cetero
1585 4078 1782 4155 possit
1831 4076 2032 4137 modo
2079 4076 2293 4157 aliquo
2342 4078 2802 4156 suprascriptos
2848 4075 3104 4154 fratersl)
3152 4094 3306 4137 suos

606 4189 1010 4269 compellere,
1068 4191 1421 4272 adgrauare
1483 4190 1582 4250 uel
1648 4191 1989 4251 molestare
2050 4190 2132 4250 de
2179 4191 2543 4272 quingentis
2589 4190 2761 4250 libris
2805 4208 3156 4269 paruorum
3205 4188 3322 4249 de-

608 4306 926 4364 nariorum
973 4314 1368 4378 venetorum,
1431 4322 1590 4383 quas
1637 4303 1857 4364 habuit
1906 4322 2051 4364 cum
2098 4322 2300 4363 vxore
2346 4323 2461 4364 sua
2512 4304 2771 4363 nomine
2820 4301 3071 4363 dotium
3122 4312 3184 4363 et
3230 4302 3322 4363 de

607 4418 859 4497 triginta
906 4436 1142 4477 nouem
1191 4417 1362 4478 libris
1407 4436 1533 4496 que
1579 4416 1832 4478 fuerunt
1879 4415 2166 4477 eiusdem
2212 4419 2429 4476 vxoris
2474 4435 2586 4477 sue
2632 4427 2695 4476 et
2742 4416 2823 4476 de
2869 4414 3082 4495 aliqua
3129 4434 3194 4477 re
3220 4414 3306 4475 de

606 4528 726 4588 sub
784 4530 926 4590 celo
987 4550 1178 4608 super
1231 4543 1482 4604 terram,
1529 4548 1722 4607 quam
1771 4528 1969 4590 homo
2018 4530 2227 4589 dicere
2275 4529 2375 4590 uel
2424 4532 2704 4610 cogitare
2749 4539 2985 4606 posset,
3034 4547 3150 4588 nec
3195 4530 3289 4606 ips

606 4642 1030 4721 Lampredius
1106 4654 1169 4703 et
1245 4643 1581 4721 Detaydus
1655 4643 1877 4703 fratres
1955 4641 2231 4703 debeant
2310 4643 2409 4704 uel
2486 4642 2731 4721 possint
2814 4644 3312 4719 suprascriptum

604 4754 936 4816 Andream
999 4756 1252 4816 fratrem
1317 4774 1502 4817 suurn
1566 4756 1667 4817 uel
1713 4775 1781 4816 se
1827 4757 1999 4834 ipsos
2044 4756 2128 4816 ad
2174 4758 2449 4816 inuicem
2513 4756 2593 4815 de
2642 4765 2856 4817 cetero
2904 4753 3291 4833 compellere

603 4868 955 4949 adgrauare
1018 4868 1117 4929 uel
1181 4870 1520 4930 molestare
1583 4869 1664 4930 de
1710 4869 1923 4946 aliqua
1970 4889 2036 4929 re
2080 4869 2164 4930 de
2210 4870 2328 4929 sub
2376 4870 2515 4930 celo
2552 4887 2753 4947 super
2812 4878 3066 4940 terram,
3114 4884 3311 4946 quam

605 4983 803 5044 homo
864 4983 1076 5044 dicere
1122 4981 1220 5043 uel
1270 4984 1576 5063 cogitare·
1614 4992 1845 5060 posset.
1895 4982 2041 5061 Que
2104 4984 2321 5043 omnia
2368 4992 2433 5042 et
2478 4981 2725 5063 singula
2786 4983 3093 5060 premissa
3162 4980 3319 5040 dicti

605 5095 916 5168 Andreas,
965 5096 1386 5174 Lampredius
1433 5106 1496 5155 et
1531 5093 1864 5171 Detaydus
1910 5095 2131 5156 fratres
2177 5115 2293 5175 pro
2326 5114 2393 5155 se
2424 5096 2575 5173 ipsis
2606 5105 2671 5155 et
2703 5110 2924 5155 eorum
2976 5093 3316 5154 heredibus
