3797 5795
1522 399 1739 462 „23
1803 437 1878 444 --

381 603 459 653 28.
506 595 828 675 febr-uara,
888 592 1023 668 koje
1083 593 1173 648 mi
1231 612 1308 648 ne
1354 595 1517 648 c‘cmo
1558 593 1865 670 priopc‘iti,
1909 612 2023 668 jer
2065 612 2141 648 ne
2187 593 2386 667 spada
2435 611 2518 648 na
2566 611 2722 658 nam
2763 611 2837 648 za
2887 601 2941 648 to
2987 611 3040 648 v.

391 700 599 760 Wenzel
645 698 783 756 cod.
832 698 979 773 dipl.
1040 697 1185 772 Arp.
1250 705 1401 753 cont.
1470 697 1581 755 XI.
1652 699 1988 752 427—429
2053 696 2352 753 (izvorm'k
2417 717 2524 754 ove
2577 706 2822 774 potense
2869 717 2909 754 u
2955 697 3043 755 ἐν.

375 808 565 863 komor.
610 802 739 860 ark.
792 822 831 858 u
878 803 1202 868 Budimu).
1252 835 1335 842 —
1383 802 1573 876 Fcfje‘r
1625 801 1764 859 cod.
1827 802 1974 878 dipl.
2025 802 2237 874 llung.
2285 801 2332 859 I
2337 803 2396 859 V.
2449 805 2500 858 2.
2553 804 2908 858 397—3‘99.
2963 835 3042 844 ——-—

374 909 711 985 Kukulykvic‘
762 909 914 980 Reg.
964 927 1060 963 no.
1116 910 1150 960 7
1156 911 1252 976 05,
1305 907 1455 980 gdje
1496 907 1604 982 jqj
1653 905 1859 981 biljez'i
1909 907 2240 979 stgnaturu
2305 925 2344 962 u
2391 907 2769 963 budz'mskom
2815 905 3040 964 komor.

374 1015 563 1073 arkivu
608 1012 685 1068 N.
738 1013 810 1067 R.
861 1011 930 1067 Α.
964 1013 1142 1087 fasc·
1196 1014 1321 1078 516,
1382 1030 1476 1066 no.
1532 1013 1681 1078 712„
1730 1011 2027 1086 spominje
2080 1030 2146 1066 se
2191 1011 2458 1085 sadrsaei‘aj.
2507 1045 2584 1052 —
2643 1011 2734 1068 (il.
2782 1009 3043 1085 biljes'ku

371 1130 457 1194 ap.
518 1117 745 1175 Wenzel
793 1116 937 1174 cod.
985 1115 1132 1190 dipl.
1179 1115 1325 1190 Arp.
1374 1114 1505 1186 XI„
1562 1117 1910 1170 428—429.
1977 1149 2060 1156 ——
2125 1115 2498 1189 Kukuljevic'
2559 1117 2708 1188 Reg.
2782 1135 2875 1171 ne.
2918 1117 3040 1171 712.

1601 1426 1788 1504 556.

366 1635 545 1715 1256,
587 1637 679 1699 11.
729 1633 1061 1701 oktobra.
1107 1635 1221 1700 Na
1266 1633 1495 1699 Rabu.

364 1823 661 1894 Damam,
709 1825 823 1886 kc‘t'
868 1823 1251 1907 Damz'jana
1306 1823 1544 1895 svaran,
1597 1825 1752 1908 daje
1798 1829 2199 1886 samoslanu
2247 1845 2340 1886 sv.
2383 1823 2642 1907 Marz'je
2689 1845 2734 1884 u
2790 1824 3031 1884 Zadru

1232 1939 1429 2021 svoju
1476 1938 1721 2021 zemlja
1771 1959 1817 1999 u
1868 1936 2156 1999 Gz'lanu.

517 2127 701 2190 Anno
748 2129 993 2190 domini
1039 2130 1377 2190 millesimo
1411 2130 1853 2190 ducentesimo
1887 2131 2416 2212 quinquagesimo
2463 2141 2668 2204 sexto,
2715 2129 3036 2189 indicione

357 2242 559 2318 quinta
600 2242 867 2314 decima,
911 2261 1131 2303 mense
1186 2244 1481 2313 octubriS,
1530 2243 1632 2303 die
1679 2243 2019 2303 vndecimo
2067 2246 2358 2316 intrante,
2403 2242 2601 2316 Arbe,
2632 2243 3032 2321 temporibus

361 2355 635 2432 equidem
669 2355 914 2416 domini
948 2359 1143 2416 nostri
1178 2357 1450 2417 Rainerii
1490 2353 1651 2417 Geni
1689 2356 1877 2416 incliti
1929 2355 2107 2417 ducis
2141 2357 2440 2430 Venecie,
2471 2357 2791 2418 Dalmatie
2837 2364 3036 2434 atque

358 2463 587 2529 Croatie
632 2479 697 2528 et
742 2467 1049 2546 Stephani
1112 2469 1485 2529 venerabilis
1545 2467 1857 2530 Arbensis
1907 2470 2208 2548 episcopi,
2255 2488 2330 2530 ac
2374 2468 2604 2551 Angeli
2657 2469 3032 2530 Mauroceni

354 2582 561 2662 egregii
638 2583 907 2649 comitis,
1000 2583 1398 2660 presentibus
1473 2582 1825 2660 presbitero
1896 2579 2196 2660 Cipriano
2264 2582 2598 2660 capellano
2665 2584 3028 2642 monasterii

352 2705 549 2754 sancte
595 2693 793 2754 Marie
840 2693 923 2754 de
962 2693 1209 2773 Jadera‚
1274 2693 1540 2756 Matheo
1570 2777 1573 2780 ἡ
1600 2696 1681 2755 de
1743 2692 2025 2776 Georgio
2087 2709 2151 2754 et
2213 2694 2475 2772 Duymo
2530 2695 2613 2756 de
2663 2694 3031 2755 MatafarrO.

351 2802 479 2886 Ego
520 2806 778 2886 quidem
827 2807 1165 2868 Dumincia
1212 2806 1535 2877 heremita,
1584 2807 1705 2869 filia
1768 2807 2063 2868 Damiani
2116 2807 2302 2869 Surdi
2350 2817 2411 2868 et
2459 2807 2657 2869 Stane
2705 2808 3029 2888 iugalibuS,

350 2934 453 2994 per
494 2919 612 2980 hoc
656 2939 919 2999 presens
964 2924 1263 2999 scriptum
1336 2921 1503 2993 dedi,
1551 2921 1775 2981 tradidi
1841 2932 2034 3001 atque
2080 2921 2163 2981 ad
2211 2923 2536 3006 proprium
2587 2925 2868 2981 concessi
2915 2940 3033 2999 pro

350 3032 542 3094 anima
604 3053 749 3094 mea
812 3044 876 3094 et
938 3052 1228 3094 meorum
1291 3037 1653 3115 genitorum
1720 3036 2108 3095 monasterio
2171 3046 2388 3095 sancte
2437 3034 2636 3094 Marie
2683 3034 2764 3093 de
2807 3033 3032 3112 Jadera

348 3152 531 3205 totam
594 3166 807 3208 meam
870 3156 1115 3225 partem
1162 3148 1343 3207 vnius
1391 3149 1512 3207 mei
1561 3147 1701 3221 loci,
1750 3166 1939 3224 quem
1992 3148 2197 3209 dictus
2243 3158 2424 3226 pater
2471 3165 2649 3207 meus
2697 3147 3029 3207 nobiscum

348 3255 509 3317 dedit
564 3260 649 3320 ad
695 3260 1145 3338 pastinandum
1216 3260 1423 3323 Slauci
1489 3260 1795 3321 Mladossi
1843 3270 1907 3319 et
1951 3260 2264 3321 Drasenni
2336 3260 2581 3320 ciuibus
2626 3258 3028 3333 Farensibu5,

347 3388 499 3432 nunc
545 3372 933 3434 habitatores
951 3370 1015 3455 (Ι)
1058 3373 1285 3453 Jadere
1345 3386 1409 3435 et
1470 3392 1663 3453 quem
1684 3370 1746 3455 (l)
1812 3373 2209 3455 possitum(l)
2275 3384 2369 3434 est
2433 3376 2495 3434 in
2558 3371 2788 3434 Gilano
2855 3376 3031 3434 iuxta

346 3484 575 3546 vineam
630 3486 790 3546 Petri
841 3483 1117 3548 Catarini
1165 3507 1249 3548 ex
1312 3507 1432 3548 vna
1484 3499 1664 3566 parte
1710 3497 1773 3547 et
1820 3506 1905 3546 ex
1950 3486 2146 3546 altera
2193 3496 2372 3564 parte
2423 3489 2598 3546 iuxta
2647 3488 3028 3547 territorium

342 3600 521 3659 sancti
576 3598 779 3672 Helie,
826 3620 909 3659 ex
955 3610 1135 3677 parte
1180 3604 1370 3661 austri
1420 3601 1629 3661 firmat
1690 3604 1749 3659 in
1821 3599 1982 3660 Blasi
2035 3600 2116 3660 de
2161 3600 2401 3679 Soppe,
2453 3599 2742 3660 videlicet
2793 3601 3031 3660 medie-

342 3719 521 3771 tatem
570 3714 775 3772 tocius
838 3712 987 3771 dicti
1052 3712 1190 3786 loci,
1269 3716 1351 3773 ita
1415 3726 1649 3787 tamen,
1710 3714 1861 3774 dum
1930 3714 2135 3774 dictus
2195 3712 2549 3774 Damianus
2610 3724 2788 3791 pater
2848 3731 3028 3773 meus

343 3822 567 3897 vixerit,
613 3824 697 3883 de
743 3824 915 3885 dicta
961 3837 1141 3902 parte
1204 3844 1347 3886 mea
1406 3826 1631 3905 prefati
1681 3826 1797 3887 loci
1848 3829 1908 3887 in
1959 3846 2026 3887 se
2074 3828 2346 3887 fructum
2396 3828 2663 3905 accipiat
2710 3829 3026 3907 integrum

342 3944 399 3994 et
442 3950 581 4015 post
632 3948 905 3997 mortem
954 3937 1103 3997 dicti
1137 3941 1330 4016 patris
1362 3942 1482 3999 mei
1516 3940 1811 4001 Damiani
1863 3944 2105 4022 integre
2151 3952 2286 4001 tota
2334 3941 2644 4001 medietas
2689 3942 3026 4000 memorati

337 4046 450 4108 loci
490 4050 1021 4128 discalumpniate
1069 4053 1129 4110 in
1178 4051 1351 4111 dicto
1415 4056 1799 4113 monasterio
1869 4065 2085 4115 sancte
2149 4054 2349 4115 Marie
2411 4053 2714 4114 deueniat
2775 4064 2839 4113 et
2885 4072 3024 4132 per-

336 4174 517 4236 petuo
586 4172 958 4241 permaneat
1021 4181 1167 4223 cum
1228 4175 1543 4242 potestate
1608 4166 1900 4237 habendi,
1976 4168 2251 4239 tenendi,
2313 4166 2618 4239 donandi,
2686 4165 3021 4239 alienandi,

332 4274 567 4353 pignori
630 4274 884 4336 locandi
947 4285 1010 4336 et
1072 4278 1372 4355 quicquid
1432 4277 1750 4338 abbatisse
1816 4279 1963 4338 dicti
2029 4280 2392 4340 monasterii
2456 4298 2601 4339 cum
2664 4281 2789 4339 suis
2849 4298 3022 4339 soro-

332 4385 491 4448 ribus
538 4408 651 4449 seu
708 4389 1177 4449 successoribus
1224 4390 1305 4449 de
1353 4410 1428 4450 ea
1474 4402 1536 4449 et
1592 4393 1651 4450 in
1716 4411 1789 4450 ea
1837 4391 2005 4451 dicta
2054 4392 2396 4452 medietate
2441 4393 2664 4471 prefati
2715 4393 2832 4452 loci
2883 4411 3022 4469 per·

332 4509 515 4575 petuo
561 4502 868 4579 placuerit
914 4502 1181 4562 faciendi
1231 4503 1473 4583 absque
1522 4506 1697 4563 omni
1746 4504 2239 4565 contradicione.
2429 4486 2440 4495 ’

492 4612 531 4693 -ἰ-
578 4614 719 4695 Ego
767 4614 1079 4675 Martinus
1126 4616 1289 4676 filius
1335 4617 1416 4676 de
1463 4614 1770 4697 Slouigna
1816 4618 2217 4677 examinator
2264 4636 2528 4678 manum
2578 4620 2736 4677 misi.

490 4727 574 4788 Et
636 4746 758 4809 ego
814 4726 1099 4807 Juannus
1160 4727 1470 4790 Arbensis
1532 4731 1813 4790 notarius
1876 4730 1991 4789 hiis
2054 4731 2302 4791 interfui
2359 4741 2632 4811 rogatus,
2694 4740 2759 4790 vt
2805 4732 3018 4793 audiui

329 4842 549 4919 scripsi,
594 4840 913 4919 compleui
962 4852 1024 4901 et
1070 4842 1383 4903 roboraui.

488 4930 785 5004 (Stg-num
833 4932 1109 4989 notarii).

498 5052 799 5127 Ortjginal
838 5072 877 5109 u
925 5052 1147 5110 arkivu
1192 5064 1547 5111 samostana
1593 5064 1757 5110 εἶναι·
1803 5056 2037 5128 [llas-lje
2084 5075 2124 5111 n
2170 5056 2399 5113 Zadru.
