3797 5795
1788 374 2204 438 -638—

630 587 777 629 cum
838 568 1157 641 instantia,
1202 576 1270 627 ut
1315 566 1726 627 collationem
1788 565 2110 625 dictotum
2174 575 2572 625 terrenorum
2637 566 2902 626 ecclesie
2949 584 3062 626 sue
3108 565 3345 625 factam

632 691 836 741 ratam
897 680 1132 741 habere
1176 692 1241 740 et
1287 682 1455 758 ipsas
1516 680 1754 741 litteras
1816 687 2036 738 nostro
2097 679 2507 759 dignaremur
2568 678 2896 759 priuilegio
2944 678 3345 751 confirmare,

643 813 910 875 quarum
959 793 1221 872 quidem
1267 802 1453 853 tenor
1498 793 1639 853 talis
1686 802 1812 853 est:

811 908 1070 983 (Slijedi
1113 908 1330 964 listina
1376 907 1541 964 bana
1589 908 1882 964 Rolanda
1929 908 2015 963 od
2055 910 2142 964 16.
2189 914 2462 980 augusta
2511 908 2719 978 1266.)

814 1019 950 1084 Nos
994 1021 1210 1097 itaque
1254 1029 1391 1079 tum
1440 1029 1701 1097 propter
1746 1019 1945 1079 diuini
1993 1020 2270 1078 nominis
2333 1017 2574 1078 cultum
2621 1027 2760 1078 tum
2808 1020 3001 1078 etiam
3046 1028 3347 1096 pertextu

636 1151 910 1213 persone
941 1131 1223 1193 eiusdem
1259 1130 1604 1192 venerandi
1636 1133 1832 1209 patris
1862 1131 2346 1209 ecclesiamque,
2377 1130 2642 1191 tandem
2689 1131 3019 1209 cupientes
3048 1132 3350 1209 prosequi

639 1248 914 1327 gratiose
973 1264 1121 1305 curn
1181 1246 1401 1307 fauore
1461 1246 1980 1323 prenominatam
2041 1244 2451 1304 collationem
2521 1245 2716 1322 ipsius
2777 1244 3040 1304 ecclesie
3087 1243 3170 1303 de
3217 1246 3340 1304 iam

644 1359 813 1420 dicta
858 1368 1039 1431 terra,
1086 1358 1400 1437 prefatam
1445 1368 1669 1432 ratam,
1714 1366 1965 1439 gratam
1997 1356 2308 1417 habentes
2353 1358 2586 1435 pariter
2615 1366 2680 1417 et
2710 1367 3064 1435 acceptam,
3110 1356 3348 1417 litteras

654 1471 913 1532 easdem
977 1472 1060 1532 de
1123 1471 1320 1531 uerbo
1382 1471 1463 1531 ad
1513 1470 1781 1531 uerbum
1828 1472 2093 1531 insertas
2137 1470 2538 1549 presentibus
2583 1468 3040 1530 confirmamus
3086 1469 3354 1549 duplicis

646 1584 827 1665 sigilli
859 1585 1058 1644 nostri
1092 1586 1443 1644 munimine
1482 1583 1871 1643 roborand0.
1901 1582 2071 1644 Data
2104 1602 2218 1661 per
2250 1600 2477 1643 manus
2514 1585 2795 1663 magistri
2828 1583 3155 1644 Benedicti
3189 1581 3351 1644 Oro-

648 1696 882 1757 diensis
927 1696 1191 1758 ecclesie
1236 1698 1541 1775 prepositi
1588 1695 1731 1757 aule
1762 1706 1980 1756 nostre
2025 1694 2518 1756 vicecancellarii
2565 1695 2775 1756 dilecti
2810 1705 2873 1755 et
2903 1694 3110 1756 fidelis
3137 1698 3352 1770 nostri,

646 1828 819 1869 anno
865 1809 1110 1869 domini
1156 1809 1494 1869 millesimo
1542 1809 1984 1869 ducentesimo
2050 1811 2524 1890 septuagesimo
2571 1807 2874 1883 secundO,
2919 1811 3196 1889 septimo
3241 1808 3352 1869 ka-

644 1921 868 1983 lendas
914 1922 1059 1997 iulii,
1104 1921 1423 1982 indicione
1468 1922 1635 1995 XV.,
1680 1924 1855 2003 regni
1905 1932 2122 1983 autern
2170 1923 2365 1982 nostri
2399 1940 2574 1981 anno
2607 1924 2812 1981 terti0.
2860 1921 3356 1983 Venerabilibus

647 2036 932 2114 patribus
976 2035 1031 2097 F
1034 2036 1231 2114 ilippo
1278 2033 1717 2117 Strigoniensi,
1776 2035 2111 2114 Stephano
2160 2033 2494 2099 Colocensi
2541 2034 2687 2095 aule
2733 2044 2949 2095 nostre
2994 2035 3352 2095 cancellarii

646 2158 710 2208 et
750 2148 999 2229 joanne
1044 2148 1403 2227 Spalatensi
1451 2148 1958 2229 archiepiscopi5‚
2005 2147 2317 2209 Lambert
2346 2146 2660 2229 Agriensi,
2687 2144 3048 2229 Bricogia(!)
3110 2144 3362 2210 Chana-

646 2261 867 2336 diensi,
928 2260 1053 2340 Job
1100 2260 1835 2341 Quinqueecclesiarum‚
1892 2261 1945 2321 F
1951 2261 2150 2340 ilippo
2197 2242 2342 2321 aule
2386 2259 2650 2320 domine
2697 2262 2911 2342 regine
2958 2261 3359 2335 cancellariO,

646 2373 847 2434 Paulo
895 2374 1355 2453 Vesprimiensi
1405 2421 1783 2434 .......
1832 2374 2238 2456 Zagrabiensi
2287 2420 2667 2433 .......
2719 2373 3012 2434 Dionisio
3059 2384 3124 2435 et
3168 2372 3356 2434 Petro

647 2484 1072 2547 Transiluano
1135 2490 1417 2567 episcopi
1479 2487 1777 2547 ecclesias
1838 2486 1939 2547 dei
2003 2486 2264 2547 feliciter
2306 2486 2810 2568 gubernantibus
2857 2534 3358 2551 .........

650 2601 888 2659 comite
933 2597 1140 2678 Supra
1188 2648 1567 2659 .......
1615 2600 1824 2660 iudice
1870 2597 2329 2674 Comanorum,
2377 2598 2650 2661 Nicolao
2699 2600 2908 2660 iudice
2941 2602 3111 2660 curie
3145 2609 3359 2660 nostre

653 2712 890 2771 comite
938 2758 1313 2771 .......
1361 2712 1593 2794 Egidio
1655 2715 1960 2794 magistro
2023 2715 2497 2774 tauarnicorum
2545 2758 2926 2774 .......
2977 2722 3360 2785 nostrorum,

654 2825 891 2884 comite
954 2824 1345 2900 posomensi,
1391 2824 1774 2887 Gioachimo
1835 2826 2008 2887 bano
2071 2829 2267 2888 totius
2327 2826 2688 2901 Sclauonie,
2734 2825 3000 2886 Matheo
3067 2825 3360 2904 vayuoda

653 2936 1077 2999 Transiluano
1128 2941 1373 3012 ‚comite
1431 2940 1515 3000 de
1575 2938 1820 3014 Zonuk,
1881 2939 2185 3001 Lauretio
2233 2941 2404 3001 bano
2450 2940 2534 3000 de
2581 2937 2878 3014 Ceurin0,
2923 2941 3160 3000 comite
3209 2937 3360 3022 de(!)

654 3049 841 3111 Petro
888 3054 1193 3133 magistro
1240 3052 1671 3132 dapiferorum
1718 3055 1955 3114 comite
2001 3053 2151 3136 de(!)
2192 3052 2465 3115 Alberto
2499 3055 2804 3134 magistro
2851 3070 3207 3134 agasonum
3257 3070 3361 3111 co-

656 3165 811 3224 mite
856 3163 938 3224 de
984 3165 1249 3239 Zibini0,
1294 3165 1349 3227 F
1352 3166 1550 3244 ilippo
1598 3170 1903 3248 magistro
1971 3169 2436 3245 pincernarum,
2484 3166 2682 3228 Paulo
2730 3166 2968 3226 comite
3015 3163 3362 3239 Bachiensi,

657 3274 961 3337 Lauretio
1029 3279 1268 3337 comite
1314 3278 1808 3360 Bichoniensio),
1868 3278 2182 3361 Gregorio
2231 3282 2534 3362 magistro
2581 3280 3057 3339 tauarnicorum
3103 3277 3364 3337 domine

654 3391 871 3469 regine
932 3392 1169 3450 comite
1216 3389 1297 3451 de
1344 3388 1795 3466 CastroserreO,
1841 3392 2080 3453 Ponich
2128 3393 2302 3453 bano
2335 3395 2572 3453 comite
2619 3392 2701 3452 de
2734 3387 3131 3473 Gilidiemo),
3176 3391 3365 3450 Petro

658 3503 893 3562 comite
937 3501 1225 3578 Albensi,
1269 3503 1512 3564 Mirach
1558 3506 1796 3564 comite
1835 3503 2140 3587 Intiren(!)
2174 3515 2240 3566 et
2269 3507 2404 3566 aliis
2436 3525 2629 3582 quam
2654 3504 2942 3583 pluribus
2987 3505 3367 3564 comitatum

662 3607 861 3695 [regni
908 3618 1104 3676 nostri
1152 3612 1538 3699 tenentibus]
1589 3627 1654 3678 et
1699 3616 1994 3679 honores,

833 3808 900 3865 Iz
942 3807 1191 3883 kopijal.
1251 3808 1462 3883 knj‘tge
1520 3809 1727 3868 XVII.
1790 3809 1996 3886 vg'jeka
2053 3811 2443 3885 »Privileggi
2498 3812 2570 3868 di
2625 3811 2850 3869 Nona«
2886 3811 3020 3888 fol.
3076 3813 3279 3867 9—11.
3331 3831 3374 3868 u

660 3909 912 3983 gubern.
963 3911 1190 3968 arkivu
1236 3932 1277 3969 u
1322 3913 1555 3971 Zadru.
2374 3939 2376 3942 ’

833 4017 1094 4074 Farlati
1136 4017 1305 4089 Illyr.
1355 4037 1621 4077 sacrum.
1667 4019 1778 4077 IV.
1826 4021 1960 4077 219.
2009 4021 2307 4096 spomz’nje
2351 4039 2470 4077 ovu
2505 4021 2795 4097 potmdu.

1959 4325 2100 4407 83.

663 4451 859 4536 1272,
906 4457 1017 4521 19.
1058 4455 1237 4538 jula.
1285 4458 1343 4522 U
1390 4457 1851 4524 Cittaveohii.

668 4641 899 4730 Grgur
928 4645 1023 4709 Χ.
1054 4654 1235 4731 papa
1253 4647 1658 4733 potvrdjuje
1690 4646 2072 4712 darovm'cu
2103 4647 2536 4734 nadbz'skupa
2573 4650 2987 4736 spljetskoga
3033 4649 3380 4736 ucfinjenu

1704 4759 2345 4825 Dominikancz'ma.

842 4951 1189 5034 Gregorius
1235 4955 1571 5032 episcopus
1630 4973 1848 5014 servus
1907 4973 2234 5014 servorum
2283 4955 2384 5014 dei
2433 4955 2680 5020 dilectis
2715 4956 2866 5023 ,filiis
2910 4959 3100 5036 priori
3149 4969 3216 5018 et
3261 4957 3384 5018 sra-

668 5064 868 5126 tribus
929 5065 1168 5127 ordinis
1229 5068 1700 5148 predicatorum
1760 5049 2234 5146 Spalatensium
2281 5067 2550 5128 salutem
2601 5081 2663 5130 et
2710 5071 3134 5148 apostolicam
3181 5071 3384 5132 bene-
