3797 5795
1838 376 2247 438 —458—

685 563 785 624 uel
831 563 975 624 loco
1020 563 1314 645 religioso
1347 564 1607 638 donare,
1637 584 1755 643 pro
1786 568 2000 624 anima
2033 565 2311 625 indicare
2343 583 2455 625 seu
2486 565 3076 644 quomodocunque
3108 564 3400 624 alienare

684 678 799 736 nisi
846 679 909 737 in
956 686 1168 736 uestro
1235 679 1624 738 monasterio
1685 678 2068 757 supradicto.
2129 679 2196 740 Si
2244 688 2458 738 autem
2522 678 2746 756 aliquis
2808 693 3096 737 nostrum
3145 677 3402 752 absque

682 789 1019 849 heredibus
1088 790 1329 862 obierit,
1399 793 1561 850 uites
1628 810 1787 870 quas
1856 793 1919 850 in
1982 791 2152 850 dicta
2219 790 2485 868 presalia
2529 791 2908 868 plantauerit
2969 791 3054 850 ad
3105 801 3400 850 uestrum

684 905 1142 962 monasterium
1212 902 1655 977 deuoluantur,
1723 922 1918 982 quam
1989 904 2251 982 quidem
2303 903 2640 982 presaliam
2710 905 3051 982 unicuique
3097 917 3398 962 nostrum

684 1033 801 1074 uos
846 1033 993 1075 cum
1041 1017 1263 1076 uestris
1323 1017 1791 1076 successoribus
1835 1027 1896 1076 et
1945 1019 2170 1076 uestris
2234 1017 2572 1076 heredibus
2616 1017 2700 1076 ab
2747 1019 2924 1076 omni
2971 1017 3238 1076 homine
3285 1035 3404 1074 ex-

684 1127 1097 1206 calumpniari
1143 1141 1206 1188 et
1252 1127 1583 1188 defensare
1646 1131 1986 1188 teneamini
2047 1148 2238 1208 super
2297 1132 2512 1189 omnia
2561 1130 2734 1190 bona
2780 1132 2971 1190 uestri
3021 1130 3400 1189 monasterii

683 1239 897 1300 habita
944 1250 1007 1300 et
1054 1241 1351 1301 habenda
1400 1243 1463 1301 in
1511 1241 1634 1301 hoc
1679 1242 1911 1302 secu10.
1959 1240 2201 1303 Actum
2249 1257 2346 1302 est
2393 1243 2515 1302 hoc
2561 1253 2622 1303 et
2671 1242 2992 1303 firmatum
3038 1261 3262 1302 coram
3297 1241 3404 1300 his

684 1356 926 1414 uocatis
957 1364 1019 1414 et
1051 1356 1287 1435 rogatis
1333 1355 1614 1428 testibus,
1646 1353 1882 1415 scilicet
1931 1351 2300 1418 Cranislauo
2334 1354 2462 1415 filio
2495 1355 2825 1434 quondam
2860 1353 3124 1426 Dessici,
3157 1353 3402 1414 Bratco

684 1465 819 1527 filio
866 1467 1195 1545 quondam
1245 1466 1539 1528 Dimince
1584 1479 1646 1527 et
1694 1469 1845 1528 aliis.

857 1608 1101 1682 (Drugi
1146 1608 1437 1684 rukopis).

855 1735 893 1816 †
938 1737 1079 1818 Ego
1130 1737 1317 1798 Vitus
1362 1737 1443 1797 de
1492 1735 1699 1800 Cerna
1745 1735 2028 1798 Galellus
2075 1739 2481 1797 examinator
2527 1756 2790 1797 manum
2841 1755 3054 1798 meam
3103 1735 3266 1794 misi.

860 1849 1001 1930 Ego
1048 1850 1237 1911 Vitus
1283 1862 1501 1911 sancte
1550 1849 1748 1911 Marie
1796 1852 2051 1911 maioris
2083 1850 2346 1910 clericus
2379 1862 2440 1910 et
2466 1850 2786 1929 Jadrensis
2818 1851 3102 1909 notarius
3135 1848 3400 1907 interfui

682 1974 957 2044 rogatuS,
989 1974 1054 2023 ut
1087 1962 1299 2023 audiui
1347 1963 1510 2023 hanc
1554 1973 1798 2024 cartam
1842 1965 2059 2043 scripsi
2108 1964 2404 2023 roboraui
2438 1974 2501 2022 et
2535 1965 2716 2043 signo
2763 1973 3076 2023 consueto
3115 1961 3400 2041 signaui.

856 2115 1149 2188 (Stjgnum
1198 2116 1350 2186 not..)

863 2303 1160 2378 Ortginal
1215 2324 1257 2362 u
1308 2304 1565 2378 gubern.
1632 2305 1854 2362 arkivu
1919 2325 1960 2360 u
2004 2305 2235 2373 Zadru,
2299 2305 2437 2361 odio
2498 2313 2855 2361 samostana
2917 2324 3003 2362 sv.
3057 2303 3400 2360 Krffevana

694 2407 962 2483 Capsula
1013 2408 1060 2464 l.
1112 2408 1323 2465 Masso
1369 2409 1443 2466 K.
1496 2429 1588 2465 n0.
1643 2414 1697 2467 6.

1937 2724 2132 2803 924.

675 2902 877 2981 1268,
922 2900 1031 2966 25.
1076 2900 1441 2966 februara.
1492 2900 1552 2965 U
1596 2900 1896 2966 viterbi.

684 3092 1003 3154 Klement
1045 3091 1093 3152 J
1104 3091 1174 3153 V.
1216 3098 1397 3175 papa
1439 3090 1829 3175 potvrdjuje
1876 3089 2230 3173 izmz'renje
2276 3090 2568 3173 c'zmedju
2617 3088 2902 3173 bc'skupa
2950 3089 3388 3173 trogz'rskoga

1556 3203 1589 3265 ι’
1626 3210 2010 3266 svec‘enstva
2056 3202 2501 3289 §z'benz'c‘koga

852 3396 1151 3461 Clemens
1196 3399 1533 3474 episcopus
1578 3414 1795 3456 seruus
1840 3415 2169 3456 seruorum
2203 3396 2306 3455 dei
2349 3397 2692 3457 venerabili
2720 3397 2890 3458 fratri
2917 3393 3396 3474 (Columbano)

676 3513 982 3589 episcopo
1040 3510 1443 3591 Traguriensi
1506 3508 1777 3569 salutem
1840 3519 1907 3569 et
1965 3509 2390 3587 apostolicam
2456 3508 2990 3569 benedictionem.
3081 3508 3178 3569 Ea
3255 3526 3388 3585 que

674 3623 906 3684 iudicio
953 3622 1050 3682 vel
1096 3622 1439 3682 concordia
1502 3623 1938 3693 terminantur,
2001 3620 2182 3683 firma
2227 3622 2469 3682 debent
2517 3635 2578 3681 ct
2627 3622 2865 3681 illibata
2931 3624 3269 3701 persistere
3319 3633 3383 3680 et

676 3754 757 3797 ne
816 3739 879 3796 in
938 3736 1215 3795 recidiue
1281 3736 1711 3795 contentionis
1777 3735 2142 3813 scrupulum
2213 3734 2592 3805 relabantur,
2651 3734 3009 3813 apostolico
3077 3735 3384 3795 convenit

673 3848 949 3927 presidio
1010 3849 1407 3909 communiri.
1469 3846 1640 3909 Sane
1700 3850 1922 3926 petitio
1983 3859 2091 3908 tua
2152 3848 2337 3907 nobis
2398 3847 2685 3907 exhibita
2746 3849 3133 3919 continebat,
3200 3847 3386 3925 quod

673 3981 821 4023 cum
890 3961 1044 4022 olim
1112 3962 1272 4022 inter
1330 3974 1396 4021 te
1454 3981 1541 4021 ex
1600 3972 1779 4040 parte
1828 3980 1952 4020 una
1999 3974 2062 4020 et
2111 3960 2575 4041 (Stanimirum)
2641 3961 3262 4039 archipresbyterum
3313 3971 3383 4022 et

672 4075 934 4136 clericos
992 4075 1399 4135 ecclesiarum
1459 4073 1542 4133 de
1604 4072 1886 4135 Sibinico
1951 4084 2056 4133 tue
2117 4074 2385 4133 diocesis
2447 4093 2636 4153 super
2695 4094 2795 4145 e0,
2842 4074 3022 4152 quod
3081 4076 3196 4153 ipsi
3263 4076 3380 4134 tibi

672 4190 1049 4248 canonicam
1095 4186 1546 4261 obedientiam,
1591 4188 2012 4247 reverentiam
2063 4186 2346 4247 debitam
2395 4200 2692 4265 prestare,
2737 4206 2814 4247 ac
2847 4186 2929 4247 de
2961 4187 3095 4247 aliis
3141 4188 3384 4247 iuribus

672 4300 1139 4379 episcopalibus
1203 4299 1589 4378 respondere
1650 4312 1873 4360 contra
1937 4301 2236 4360 iustitiam
2282 4300 2707 4381 denegabant,
2755 4320 2840 4360 ex
2883 4300 3080 4360 altera
3128 4302 3387 4378 questio

610 4402 617 4407 ’
674 4424 1046 4486 verteretur;
1115 4459 1368 4472 .....
1430 4412 1696 4472 demum
1768 4412 2194 4473 mediantibus
2254 4412 2703 4474 archidiacono
2767 4426 2832 4474 et
2893 4415 3171 4492 capitulo
3219 4414 3386 4492 Spa-

672 4525 891 4587 latensi
954 4524 1301 4585 amicabilis
1367 4544 1557 4603 super
1623 4525 1719 4585 his
1786 4527 2170 4604 compositio
2238 4530 2402 4587 inter
2466 4538 2679 4605 partes
2748 4530 3101 4595 intervenit,
3177 4546 3382 4607 quarn

670 4638 1025 4716 apostolico
1092 4640 1303 4718 petisti
1376 4640 1725 4698 munimine
1792 4639 2093 4700 roborari.
2165 4637 2302 4699 Nos
2363 4642 2578 4719 itaque
2640 4640 2761 4700 tuis
2807 4640 3388 4718 supplicationibus

669 4751 965 4825 inclinati,
1010 4752 1546 4830 compositionem
1616 4751 1837 4829 ipsam,
1905 4753 2064 4812 sicut
2111 4753 2227 4813 rite
2295 4755 2430 4813 sine
2498 4754 2808 4832 pravitate
2875 4752 3140 4831 provide
3210 4751 3386 4813 sacta

669 4874 764 4924 est
809 4874 873 4923 et
918 4864 1001 4923 ab
1042 4875 1309 4941 utraque
1354 4874 1535 4942 parte
1583 4876 1812 4950 sponte
1858 4877 2114 4943 recepta
2161 4878 2224 4925 et
2270 4865 2577 4927 hactenus
2621 4865 2886 4944 pacifice
2931 4866 3270 4926 observata
3317 4876 3384 4925 et

668 4980 731 5037 in
777 4977 1037 5038 alicuius
1096 4977 1518 5056 preiudicium
1578 4996 1709 5038 non
1774 4977 2106 5049 redundat,
2153 4961 2356 5040 ratam
2419 4992 2482 5041 et
2541 4990 2790 5061 gratam
2851 4979 3179 5051 habentes,
3225 4998 3382 5039 eam

669 5094 1045 5151 auctoritate
1106 5091 1459 5169 apostolica
1524 5090 1980 5152 confirmamus
2027 5103 2088 5152 et
2137 5095 2448 5170 presentis
2507 5094 2721 5171 scripti
2785 5094 3140 5171 patrocinio
3203 5112 3394 5153 com-
