3797 5795
1648 438 1719 445 —
1786 403 2052 466 339—

1746 696 1939 775 830.

495 870 697 946 1265,
746 873 808 936 6.
847 868 1033 952 jula.
1080 869 1140 935 U
1185 869 1447 937 Zadru.

498 1077 655 1141 Sua'
717 1078 1041 1142 zadarskz'
1105 1079 1475 1164 dosudjuje
1541 1079 1853 1165 Andrz‘jt',
1906 1079 2072 1142 sinu
2127 1081 2369 1144 Krestc
2412 1081 2495 1145 de
2546 1083 2949 1168 Cotopagna‚
3016 1085 3192 1146 kuc‘u

624 1193 750 1255 kao
798 1194 1131 1255 naknadu
1178 1215 1253 1255 za
1292 1191 1648 1276 potros‘em’
1687 1213 1897 1256 novae
1945 1215 1990 1254 u
2038 1194 2426 1278 zajedm'c‘ke
2471 1195 2813 1280 obitegjske
2855 1196 3070 1259 svrhe.

670 1384 737 1444 ln
785 1387 1049 1444 nomine
1096 1386 1337 1445 domini
1384 1404 1595 1450 amen.
1644 1383 1842 1448 Anno
1888 1388 2348 1447 incarnacionis
2393 1390 2526 1448 eius
2575 1388 2908 1449 millesimo
2955 1389 3191 1450 ducen-

488 1499 719 1558 tesimo
787 1500 1191 1579 sexagesimo
1262 1501 1505 1576 quint0,
1574 1501 1809 1560 mensis
1880 1499 2028 1572 iulii,
2095 1500 2198 1560 die
2266 1511 2452 1560 sexto
2521 1504 2810 1574 intrante,
2873 1502 3190 1564 indicione

486 1623 737 1685 octaua,
775 1612 981 1693 Jadre.
1041 1611 1473 1690 Temporibus
1532 1612 1831 1692 equidem
1896 1612 2138 1672 domini
2205 1614 2498 1692 Raynerii
2546 1612 2710 1675 Geni
2757 1615 2948 1675 incliti
3012 1615 3190 1676 ducis

490 1724 775 1786 Venecie
820 1737 885 1784 et
931 1726 1208 1805 magistri
1260 1724 1579 1785 Laurentii
1628 1725 2004 1786 venerabilis
2043 1725 2364 1806 jadrensis
2407 1727 2906 1807 archyepiscopi,
2952 1747 3029 1789 ac
3074 1728 3189 1790 do—

488 1841 639 1898 mini
715 1836 980 1899 Antonii
1059 1836 1415 1916 Superantii
1488 1840 1721 1918 egregii
1788 1840 2057 1900 comitis.
2128 1837 2293 1901 Cum
2363 1859 2480 1900 nos
2549 1842 2808 1918 quidem
2887 1841 3188 1903 dominus

484 1951 810 2012 Antonius
855 1949 1271 2030 Superantius
1315 1969 1535 2010 comes
1579 1950 1765 2031 Jadre
1813 1971 1960 2012 cum
2012 1952 2321 2013 iudicibus
2369 1955 2596 2014 nostris
2641 1967 2706 2014 et
2751 1957 2920 2015 curia
2968 1966 3185 2016 nostra

484 2065 567 2124 ad
612 2065 845 2143 placita
904 2063 1203 2138 tenenda,
1248 2063 1567 2126 audienda
1614 2076 1678 2124 et
1722 2064 2096 2126 diffinienda
2159 2068 2535 2126 vnanimiter
2581 2066 2965 2142 sederemu5‚
3013 2071 3184 2130 venit

480 2190 634 2238 ante
702 2192 983 2239 nostram
1049 2181 1433 2257 presentiam
1498 2178 1923 2257 Lampredius
1983 2177 2145 2239 filius
2206 2179 2534 2253 quondam
2592 2177 2812 2242 Creste
2857 2179 2939 2241 de
2987 2179 3182 2244 Coto-

479 2311 689 2373 panga
736 2293 890 2352 ciuis
929 2291 1118 2372 Jadre
1162 2301 1387 2371 petens
1432 2311 1469 2352 a
1517 2292 1701 2352 nobis
1770 2291 2115 2353 diuisorem
2163 2301 2225 2352 et
2271 2293 2643 2370 partitorem
2691 2295 2796 2372 qui
2867 2292 3182 2354 diuideret

476 2416 541 2465 et
590 2408 923 2484 partiretur
970 2406 1187 2466 omnia
1232 2405 1405 2465 bona
1452 2404 1712 2464 mobilia
1746 2415 1809 2465 et
1843 2405 2213 2478 immobilia,
2260 2423 2386 2484 que
2433 2407 2567 2484 ipse
2612 2405 2984 2484 possidebat
3031 2424 3181 2467 cum

476 2517 744 2580 Andrea
791 2531 853 2579 et
900 2518 1203 2597 Detaydo
1248 2519 1542 2580 fratribus
1588 2521 1731 2589 suiS,
1778 2529 1910 2578 tam
1958 2530 2228 2597 paterno
2275 2537 2470 2597 quam
2520 2529 2808 2578 materno
2849 2521 2998 2594 iure,
3043 2521 3180 2580 sine

476 2650 891 2712 quocumque
939 2632 1062 2693 alio
1096 2634 1227 2693 iure
1259 2632 1359 2693 uel
1392 2650 1797 2712 quacumque
1839 2634 2084 2692 ratione
2131 2632 2313 2692 huius
2360 2631 2598 2692 mundi.
2645 2630 2754 2692 Ad
2802 2632 2919 2692 hec
2965 2643 3180 2693 autern

476 2747 685 2806 dictus
732 2745 1029 2806 Andreas
1072 2745 1263 2807 frater
1309 2747 1503 2824 ipsius
1573 2745 1943 2824 Lampredii
1989 2745 2229 2805 surexit
2275 2744 2522 2805 dicens:
2579 2743 2896 2805 »Domine
2943 2763 3182 2818 comeS,

478 2879 601 2941 ego
636 2859 822 2921 habui
858 2878 1007 2921 curn
1040 2877 1239 2921 vxore
1270 2878 1413 2921 mea
1446 2877 1529 2919 ex
1562 2877 1683 2919 vna
1738 2869 1919 2937 parte
1967 2861 2228 2919 nomine
2276 2858 2522 2920 dotium
2573 2857 2764 2919 libras
2802 2869 3180 2920 venetorum

468 2992 812 3052 paruorum
887 2976 1268 3055 quingentas
1335 2984 1399 3033 et
1445 2992 1531 3033 ex
1594 2972 1791 3033 altera
1852 2983 2033 3051 parte
2096 2971 2286 3032 habui
2353 2971 2539 3031 libras
2600 2983 2974 3032 venetorum
3039 2991 3180 3051 par-

474 3106 701 3146 uorum
771 3089 1025 3167 triginta
1091 3105 1325 3147 nouem
1398 3105 1522 3165 que
1577 3086 1828 3146 fuerunt
1890 3083 2269 3146 Gardianise
2329 3085 2542 3144 vxoris
2590 3103 2750 3157 mee,
2821 3084 2902 3145 de
2950 3085 3180 3163 quibus

468 3200 773 3259 omnibus
818 3200 1117 3278 predictis
1163 3198 1332 3259 libris
1379 3218 1499 3279 ego
1563 3198 1843 3277 expendi
1907 3200 1970 3258 in
2033 3198 2295 3258 vtilitate
2342 3199 2634 3258 comunis
2681 3197 2914 3258 domus
2959 3209 3175 3258 nostre

473 3323 789 3373 trecentas
847 3323 911 3373 et
972 3331 1161 3372 vnam
1224 3312 1446 3371 libram
1510 3323 1570 3371 et
1634 3312 1835 3371 dictas
1896 3313 2150 3391 triginta
2211 3330 2448 3371 nouem
2519 3310 2708 3370 libras
2752 3321 2815 3371 et
2861 3310 3172 3371 ducentas

471 3426 663 3487 libras
730 3426 938 3485 minus
983 3444 1104 3485 vna
1153 3424 1307 3486 libra
1370 3426 1646 3504 expendi
1712 3427 1975 3484 nomine
2037 3443 2184 3485 meo
2233 3424 2292 3484 in
2341 3424 2558 3484 bestiis
2603 3424 2684 3484 de
2733 3423 2921 3505 Pago,
2981 3424 3174 3486 Vnde

470 3540 679 3617 primo
724 3537 951 3599 vellem
986 3538 1067 3598 de
1098 3538 1286 3597 bonis
1333 3540 1563 3597 nostris
1607 3538 1991 3598 comunibus
2036 3539 2190 3597 istos
2235 3536 2532 3597 denarios
2579 3555 2806 3597 omnes
2838 3536 3174 3597 extrahere

468 3666 535 3711 et
582 3651 817 3711 habere
862 3662 927 3711 et
972 3650 1236 3711 demum
1278 3653 1494 3711 omnia
1542 3662 1756 3710 nostra
1804 3651 1976 3710 bona
2023 3650 2328 3729 equaliter
2374 3653 2534 3711 inter
2581 3668 2698 3710 nos
2745 3650 3171 3711 diuidamus«.

468 3764 552 3825 Et
598 3776 752 3825 tunc
798 3764 945 3824 dicti
996 3763 1417 3843 Lampredius
1462 3776 1525 3823 et
1573 3763 1907 3841 Detaydus
1967 3762 2296 3823 dicebant:
2375 3762 2648 3835 »Fraten
2695 3764 2947 3836 scimuS,
2994 3764 3170 3843 quod

473 3889 537 3937 tu
584 3878 941 3956 expendisti
991 3880 1053 3936 in
1100 3877 1363 3937 vtilitate
1408 3880 1699 3937 comunis
1744 3877 1978 3937 domus
2027 3887 2241 3937 nostre
2289 3889 2547 3936 centum
2587 3887 2652 3937 et
2683 3885 2930 3955 septem
2980 3876 3168 3936 libras

472 4002 847 4051 venetorum
894 4009 1236 4069 paruorum
1288 4002 1351 4051 et
1399 3990 1706 4051 ducentas
1752 3990 1942 4050 libras
1987 3992 2197 4050 minus
2243 4008 2366 4049 vna
2412 3989 2568 4049 libra
2616 3991 2678 4049 in
2727 3990 2910 4049 dictis
2956 3988 3171 4049 bestiis

465 4114 531 4164 et
580 4104 663 4163 de
708 4103 953 4182 reliquo
1000 4122 1204 4182 usque
1236 4104 1317 4163 ad
1351 4104 1551 4163 dictas
1591 4104 1972 4184 quingentas
2001 4113 2064 4163 et
2098 4104 2352 4184 triginta
2398 4121 2632 4163 nouem
2681 4103 2870 4163 libras
2915 4103 3169 4181 penitus

470 4216 659 4277 nichil
705 4219 959 4295 scimuS,
1006 4227 1101 4277 set
1146 4216 1458 4287 volumus
1504 4217 1766 4276 domine
1826 4234 2064 4289 comes,
2110 4218 2159 4275 si
2208 4216 2418 4294 placet
2477 4216 2673 4284 vobiS,
2722 4215 2898 4294 quod
2964 4216 3170 4276 dictus

467 4329 767 4391 Andreas
812 4333 971 4390 iuret
1004 4330 1085 4389 de
1116 4330 1360 4407 reliquo
1406 4329 1835 4407 predictarum
1883 4330 2202 4404 librarum,
2235 4329 2412 4407 quod
2444 4332 2578 4407 ipse
2609 4326 2836 4406 eumffl
2859 4328 3165 4407 expendit
3265 4330 3295 4353 ·’

468 4446 529 4503 in
578 4442 841 4503 vtilitate
900 4445 1191 4503 comunis
1252 4455 1467 4502 nostre
1528 4442 1761 4503 domus
1806 4454 1870 4502 et
1916 4461 2136 4503 sumus
2181 4444 2526 4503 contenti«.
2589 4476 2672 4484 —
2720 4441 2803 4502 Et
2849 4452 3000 4501 tunc
3048 4460 3164 4501 nos

470 4557 750 4634 prefatus
810 4558 1111 4617 dominus
1171 4574 1390 4616 comes
1450 4574 1595 4616 cum
1658 4555 1972 4615 iudicibus
2018 4566 2079 4615 et
2127 4556 2298 4616 curia
2343 4566 2558 4615 nostra
2613 4556 2829 4614 omnia
2875 4565 2939 4614 et
2985 4553 3164 4632 plura

460 4670 587 4729 alia
634 4668 965 4729 audientes
1011 4678 1075 4729 et
1120 4668 1541 4749 intelligentes
1588 4668 1920 4729 cuiuslibet
1980 4670 2174 4747 partis
2237 4669 2528 4741 rationeS,
2573 4666 3004 4749 allegationes,
3051 4686 3164 4745 op-

466 4784 815 4861 positiones
874 4794 938 4842 et
998 4784 1461 4861 responsiones,
1508 4782 1856 4859 habitoque
1903 4781 2140 4841 exinde
2186 4780 2268 4840 ad
2317 4782 2586 4841 inuicem
2635 4779 2898 4840 consilio
2945 4792 3009 4839 et
3056 4779 3164 4841 de-

464 4896 842 4956 liberatione
903 4895 1207 4976 diligenti,
1268 4895 1549 4955 diximus
1616 4914 1729 4973 per
1798 4891 2198 4954 diffinitiuam
2269 4896 2668 4967 sententiam,
2715 4892 2890 4971 quod
2959 4892 3164 4953 dictus

464 5007 760 5069 Andreas
822 5011 1025 5069 iurare
1087 5006 1337 5082 debeat,
1384 5007 1561 5087 quod
1607 5008 1741 5086 ipse
1788 5007 2008 5067 habuit
2053 5008 2316 5067 nomine
2383 5007 2630 5067 dotium
2679 5007 2761 5065 ab
2807 5025 3005 5067 vxore
3049 5025 3162 5065 sua

456 5120 663 5181 dictas
733 5120 922 5181 libras
990 5122 1371 5201 quingentas
1417 5131 1480 5180 et
1526 5122 1715 5180 etiam
1790 5120 2008 5180 habuit
2077 5120 2280 5181 dictas
2348 5121 2598 5201 triginta
2669 5138 2904 5180 nouem
2975 5118 3164 5179 libras

3041 5267 3073 5302 *
