3797 5795
1766 411 1851 418 -—
1905 378 2034 439 494
2095 413 2172 419 —

614 577 679 625 et
709 564 975 626 aliorum
1010 567 1319 628 nobilium
1364 568 1637 626 virorum
1670 577 1733 626 et
1767 566 2278 628 Predieatoribus
2323 567 2563 627 ibidem
2593 566 3046 637 assistentibuS,
3076 563 3322 625 eisdem

614 678 876 741 donavit
908 682 969 739 in
1004 690 1403 759 perpetuum.
1452 679 1533 740 Et
1566 681 1700 759 ipse
1733 679 2034 740 dominus
2074 679 2398 759 Johannes
2441 678 2764 759 predictus
2806 677 3326 756 archiepiscopus

612 793 1032 873 personaliter
1076 812 1222 854 cum
1271 792 1723 853 archidiacono
1754 812 1871 853 suo
1903 792 2172 853 domino
2217 791 2483 871 Duymo
2513 802 2578 853 et
2609 791 2889 871 capitulo
2935 809 3053 851 suo
3101 788 3328 849 fratres

615 904 1049 967 Predicatores
1102 906 1453 967 introduxit
1499 908 1563 965 in
1608 908 2080 985 possessionem
2129 905 2526 985 corporalem
2588 916 2650 966 et
2700 915 2958 975 metam,
3004 922 3090 964 ex
3137 915 3322 983 parte

615 1021 876 1080 orientis
908 1020 1161 1080 hortum
1196 1038 1382 1079 suum
1415 1029 1479 1078 et
1511 1018 1767 1079 hortum
1802 1018 2235 1099 predictorum
2283 1018 2546 1080 fratrum
2577 1017 3050 1079 Predicatorum
3103 1016 3330 1077 distin-

614 1146 917 1213 guentem
966 1132 1207 1193 eisdem
1254 1134 1596 1213 assignavit
1643 1145 1705 1192 et
1752 1134 2024 1211 primam
2088 1132 2504 1193 donationem
2551 1151 2590 1191 a
2635 1141 2928 1209 tempore
2985 1129 3328 1208 predeces-

618 1263 835 1305 sorum
906 1263 1167 1306 suorum
1228 1244 1529 1305 collatam
1598 1247 1978 1325 approbavit
2023 1256 2088 1305 et
2133 1245 2552 1317 confirmavit,
2595 1263 2712 1324 pro
2760 1244 3106 1305 devotione
3151 1242 3326 1302 beati

615 1356 939 1419 Dominici
1000 1358 1383 1419 confessoris
1426 1369 1489 1418 et
1536 1358 1706 1419 beati
1756 1358 1920 1419 Petri
1985 1360 2278 1436 martyris
2323 1368 2388 1418 et
2432 1376 2551 1436 pro
2595 1356 2886 1417 remedio
2950 1355 3166 1415 anime
3211 1372 3330 1413 sue

616 1481 679 1531 et
747 1482 1063 1549 perpetuo
1134 1472 1505 1545 memoriali,
1586 1472 1870 1532 adiciens
1938 1471 2098 1532 duas
2167 1470 2570 1531 conditiones
2638 1470 2894 1542 scilieet,
2946 1478 3018 1529 ut
3079 1470 3142 1527 in
3211 1486 3332 1527 sua

616 1584 983 1658 donatione,
1043 1604 1169 1663 que
1231 1595 1327 1645 est
1388 1604 1471 1644 ex
1531 1595 1713 1663 parte
1760 1587 1950 1645 maris
2010 1587 2289 1664 privatas
2348 1603 2466 1663 pro
2527 1594 2848 1644 conventu
2915 1582 3125 1643 facere
3193 1598 3328 1639 non

616 1696 913 1769 debeant,
980 1716 1101 1757 nec
1168 1697 1441 1758 eandem
1510 1696 1930 1758 donationem
1997 1697 2279 1757 vendere
2331 1698 2595 1775 possint,
2663 1696 2761 1755 vel
2839 1695 3039 1755 modo
3107 1693 3332 1771 aliquo

614 1820 1031 1883 commutare,
1076 1810 1190 1869 sed
1236 1810 1457 1870 fratres
1502 1811 1685 1891 ipsitl)
1734 1810 1854 1871 loci
1902 1810 2096 1870 libere
2150 1820 2216 1870 et
2259 1809 2522 1889 pacifice
2567 1808 2738 1869 illam
2785 1808 2868 1869 ad
2915 1826 3106 1868 suum
3137 1824 3322 1867 com-

615 1922 883 1983 modum
932 1921 1209 1983 habeant
1241 1933 1305 1983 et
1334 1925 1657 2002 perpetuis
1704 1922 2099 2001 temporibus
2146 1922 2514 2001 possideant
2558 1940 2708 1982 cum
2757 1922 2932 1981 omni
2979 1921 3330 1981 autoritate

614 2044 679 2095 et
710 2045 1045 2113 potestate,
1090 2054 1284 2115 quam
1331 2036 1910 2115 archiepiscopatus
1956 2036 2016 2095 in
2066 2037 2205 2114 ipso
2253 2035 2438 2095 horto
2485 2034 2723 2107 habuit,
2769 2034 3014 2113 absque
3058 2031 3330 2093 alicuius

613 2148 1138 2209 contradictione.
1186 2148 1268 2209 Et
1316 2160 1382 2209 ut
1428 2150 1713 2227 predicta
1760 2148 2028 2209 donatio
2071 2148 2268 2209 robur
2306 2159 2616 2227 perpetue
2661 2148 2946 2207 obtineat
2993 2145 3330 2211 firmitatis,

614 2260 897 2339 prefatus
956 2260 1259 2322 dominus
1324 2262 1837 2340 archiepiscopus
1904 2281 2020 2342 per
2085 2280 2269 2323 suum
2340 2260 2735 2342 privilegium
2806 2260 3012 2341 sigillo
3081 2277 3198 2319 suo
3261 2267 3330 2317 et

614 2373 819 2453 sigillo
851 2376 944 2434 sui
978 2375 1237 2453 capituli
1283 2377 1752 2436 communitum
1786 2385 1848 2435 et
1880 2374 1965 2434 ad
1999 2376 2308 2435 maiorem
2355 2385 2418 2434 et
2465 2374 2782 2435 cautelam
2815 2384 2876 2433 et
2909 2372 3326 2433 securitatem

614 2504 731 2565 per
774 2504 1037 2546 manum
1085 2486 1429 2566 publicam,
1488 2486 1780 2547 videlicet
1839 2487 2086 2548 domini
2133 2486 2310 2547 Luce
2369 2488 2657 2547 canonici
2707 2495 2772 2546 et
2817 2486 2998 2545 iurati
3059 2484 3334 2544 civitatis

616 2598 849 2677 publici
898 2600 1123 2661 notarii
1171 2601 1371 2679 ipsam
1421 2600 1840 2661 donationem
1888 2600 2192 2679 publicari
2240 2600 2388 2661 fecit
2433 2609 2498 2660 et
2543 2599 2926 2659 communiri
2975 2594 3328 2658 mandavit.

620 2709 859 2772 Actum
922 2723 1018 2773 est
1080 2712 1204 2774 hoc
1266 2715 1328 2773 in
1412 2714 1629 2795 aringa
1695 2712 1976 2794 generali
2043 2715 2107 2773 in
2175 2715 2345 2773 curia
2415 2712 2662 2773 domini
2730 2711 3184 2789 archiepiscopi
3257 2711 3322 2768 in

618 2826 935 2903 presentia
982 2835 1045 2886 et
1092 2828 1460 2885 testimonio
1505 2826 1767 2906 predicti
1818 2825 2244 2887 archidiaconi
2291 2836 2354 2885 et
2395 2826 2592 2886 totius
2636 2824 2910 2904 capituli,
2955 2842 3034 2884 ac
3078 2823 3328 2884 domini

619 2940 954 3016 potestatis
992 2938 1301 3019 Johannis
1333 2939 1580 3012 vitalis,
1628 2939 1789 3000 Petri
1849 2938 2194 3012 Cerneche,
2241 2939 2492 3001 Alberti
2532 2939 2751 3019 Jancii,
2794 2938 2998 3000 Dobri
3046 2936 3333 2998 Dusizze

619 3046 797 3111 Gaus
843 3099 855 3110 .
904 3099 917 3110 .
965 3099 977 3110 .
1025 3053 1159 3112 eius
1204 3051 1425 3125 fratriS,
1472 3051 1785 3112 Kamurtii
1838 3053 2022 3126 Petri,
2067 3052 2298 3114 Marini
2330 3053 2582 3127 (Jaudii,
2628 3051 2830 3113 Dobri
2881 3050 3098 3123 Mada,
3149 3049 3332 3110 Luce

622 3161 832 3236 lancii,
871 3163 1061 3243 Josev
1109 3166 1269 3225 Petri
1320 3164 1661 3226 Vulcinine
1707 3175 1770 3225 et
1814 3166 2089 3244 plurium
2137 3165 2424 3226 aliorum.

796 3275 937 3357 Ego
982 3276 1232 3355 Symon
1280 3277 1533 3338 Martini
1581 3289 1888 3357 precepto
1934 3279 2084 3339 dicti
2131 3278 2376 3339 domini
2425 3279 2883 3357 archicpiscopi
2916 3277 3330 3338 examinator

620 3392 985 3449 communis
1030 3391 1295 3451 confeci.
1343 3392 1573 3464 (Locus
1616 3394 1835 3466 stssgni.)

795 3501 936 3584 Ego
984 3522 1135 3563 vero
1180 3503 1482 3565 dominus
1552 3503 1759 3565 Lucas
1804 3505 2150 3565 canonicus
2195 3514 2258 3564 et
2304 3507 2542 3565 iuratus
2589 3505 2874 3564 notarius
2933 3501 3336 3581 Spalatensis

618 3614 713 3675 his
760 3616 1009 3677 interfui
1054 3626 1119 3676 et
1164 3617 1247 3676 de
1294 3617 1603 3677 mandato
1649 3617 1891 3677 domini
1940 3616 2414 3696 archiepiscopi,
2461 3615 2888 3677 archidiaconi
2935 3626 2998 3675 et
3043 3613 3334 3692 capituli,

616 3739 879 3810 rogatus
924 3749 961 3788 a
1008 3730 1296 3807 predicta
1342 3740 1663 3808 potestate
1708 3744 1772 3790 et
1818 3729 2195 3808 supradictis
2241 3729 2562 3790 nobilibus
2608 3741 2674 3789 et
2721 3728 3007 3807 pluribus
3049 3727 3204 3796 aliis,
3252 3741 3326 3786 ut

614 3840 827 3901 audivi
874 3851 937 3901 et
988 3842 1130 3915 vidi,
1176 3841 1259 3902 dc
1305 3843 1607 3903 omnibus
1650 3842 1952 3920 predictis
1997 3845 2292 3903 conscius
2338 3843 2558 3920 scripsi
2605 3853 2668 3901 et
2717 3843 3030 3900 roboravi.

794 4009 818 4070 ζ
825 4001 981 4072 Sejgn
988 4019 1026 4055 u
1031 4020 1089 4056 m
1137 4002 1415 4072 notarii.)

794 4207 1051 4263 Farlati
1093 4207 1267 4279 Illt'r.
1316 4229 1475 4266 sacr.
1525 4209 1643 4266 [ll.
1694 4211 1831 4265 284.
1870 4245 1954 4250 --—
1991 4207 2367 4281 Kukulser'ic‘
2412 4209 2586 4274 Jura
2637 4213 2818 4282 reg-m
2846 4208 2897 4265 I.
2941 4211 3034 4266 ἴε).
3085 4209 3347 4280 (danosi

609 4309 823 4386 nrvd).
874 4345 961 4354 -—
1008 4312 1383 4388 Kukuljew'c‘
1428 4315 1571 4386 ch.
1625 4334 1717 4371 m).
1772 4317 1909 4371 979.
