3797 5795
1815 421 1900 428 —
1957 387 2087 450 470
2151 422 2230 430 -·

672 603 966 664 Vulcana
1025 604 1239 664 relicta
1301 603 1514 665 Desco
1576 603 1874 678 Osinacii,
1938 604 2236 666 Matheus
2283 623 2484 683 nepos
2529 604 2721 682 ipsius
2764 601 3046 663 Desconi
3090 620 3207 680 per
3253 599 3388 660 hoc

669 735 929 795 presens
996 718 1488 777 instrumentum
1557 727 1703 778 sunt
1773 719 2048 779 confessi
2115 728 2179 778 et
2248 717 2581 790 manifesti,
2641 717 2992 794 suscepisse
3051 725 3116 775 et
3178 715 3244 775 in
3309 731 3388 772 se

669 829 962 889 habuisse
1006 849 1043 890 a
1090 829 1473 890 Peruoslauo
1522 829 1811 891 Dabralis
1872 832 2093 912 uiginti
2149 831 2337 891 libras
2383 830 2784 890 denariorum
2833 846 3197 907 paruorum,
3243 845 3372 905 pro

672 942 901 1020 quibus
932 942 1463 1012 librisdederunt,
1509 942 1912 1004 contulerunt
1960 962 2038 1004 ac
2084 945 2324 1022 precise
2372 942 2793 1004 uendiderunt
2825 938 3086 1024 (ei)dem
3135 953 3382 1001 terram

670 1072 869 1126 suam,
915 1073 1042 1133 que
1100 1055 1217 1114 fuit
1276 1056 1469 1134 ipsius
1517 1103 1770 1115 .....
1818 1057 2100 1116 benitem
2163 1075 2276 1135 per
2334 1073 2680 1135 preconem
2727 1053 2980 1134 publica
3026 1056 3090 1114 in
3135 1054 3382 1132 platea,

670 1184 795 1246 que
840 1177 1003 1227 terra
1053 1177 1147 1227 est
1196 1169 1256 1227 in
1306 1167 1487 1228 Boda
1533 1169 1706 1247 apud
1757 1217 2134 1233 .......
2196 1179 2410 1247 potoc,
2457 1169 2562 1230 ubi
2610 1168 2838 1229 dicitur
2881 1186 2955 1228 ac
3002 1165 3384 1228 Gomillizze

672 1282 849 1340 iuxta
896 1291 1129 1340 terram
1176 1281 1502 1342 Michaelis
1564 1281 1883 1342 Leonardi
1937 1325 2441 1342 .........
2489 1300 2682 1361 quam
2729 1280 3032 1341 incultam
3079 1280 3186 1340 uel
3236 1327 3249 1339 .
3299 1327 3312 1337 .
3369 1328 3380 1337 .

672 1461 685 1473 ⁸
734 1441 988 1452 .....
1038 1391 1446 1476 (l)aboratam
1508 1407 1741 1454 terram
1801 1395 1979 1456 dono
2041 1395 2177 1469 sibi,
2239 1394 2496 1474 plenam
2544 1403 2928 1474 potestatem
2976 1396 3180 1472 ipsam
3229 1411 3388 1472 pos-

668 1506 934 1581 sidendi,
996 1506 1334 1580 uendendi,
1396 1508 1681 1568 donandi
1730 1555 2235 1568 .........
2307 1528 2391 1568 ex
2437 1527 2511 1568 ea
2558 1507 2862 1586 placuerit
2909 1506 3182 1567 faciendi
3230 1524 3386 1584 pro-

673 1620 965 1680 mitentes
1026 1630 1221 1699 atque
1266 1640 1334 1681 se
1380 1620 1739 1702 obligantes
1800 1623 2004 1700 ipsam
2067 1631 2300 1682 terram
2373 1621 2582 1681 eidem
2631 1619 3017 1681 Peruoslauo
3061 1620 3146 1678 ab
3195 1618 3382 1678 omni

670 1752 943 1810 persona
1003 1733 1334 1794 defensare
1396 1734 1918 1813 excalumpniare
1966 1753 2112 1795 cum
2159 1753 2420 1796 suorum
2474 1734 2792 1794 bonorum
2839 1733 3252 1813 obligatione.
3305 1730 3382 1790 ln

670 1847 921 1926 signum
967 1865 1121 1907 uero
1167 1846 1407 1907 stabilis
1452 1857 1514 1908 et
1560 1849 1802 1926 precise
1852 1895 2230 1907 .......
2279 1849 2480 1908 cionis
2527 1865 2725 1907 unum
2771 1864 3028 1924 passum
3077 1844 3160 1906 de
3208 1854 3386 1904 terra

675 1977 788 2037 per
833 1959 1100 2040 longum
1132 1971 1194 2020 et
1226 1958 1513 2038 amplum
1562 1961 1801 2021 ibidem
1857 1964 1920 2021 in
1977 1961 2150 2021 Bade
2170 1958 2232 2043 (Ι)
2303 1961 2386 2020 ab
2431 1962 2570 2040 ipso
2630 1979 2748 2038 pro
2808 1956 3136 2040 gambio(!)
3185 1975 3376 2018 acce-

672 2083 918 2150 perunt.
989 2070 1228 2133 Actum
1302 2074 1362 2133 in
1433 2073 1687 2152 placato
1758 2077 1820 2133 in
1866 2077 2194 2152 presencia
2241 2083 2304 2134 et
2351 2075 2717 2133 testimonio
2765 2071 2967 2132 Dobri
3016 2069 3392 2152 (Duscsssci,

661 2185 905 2266 Juanici
956 2184 1213 2265 Dragali
1262 2195 1325 2246 et
1372 2186 1645 2264 plurium
1696 2187 1984 2247 aliorum.

848 2297 985 2378 Ego
1036 2297 1255 2358 Petrus
1301 2297 1611 2360 Slouinne
1658 2301 2063 2360 examinator
2110 2317 2372 2360 manum
2423 2317 2632 2359 meam
2683 2299 2841 2358 misi.

840 2409 981 2490 Ego
1027 2429 1179 2470 uero
1228 2410 1523 2472 Domnus
1589 2411 1799 2473 Lucas
1868 2414 2214 2473 canonicus
2261 2423 2324 2473 et
2370 2414 2606 2472 iuratus
2653 2413 2936 2472 notarius
2981 2410 3076 2469 his
3125 2407 3390 2468 interfui

731 2570 1046 2582 ......
1094 2526 1312 2602 scripsi
1359 2535 1422 2584 et
1471 2526 1789 2585 roboraui.

849 2673 1141 2746 (Stjgnum
1190 2677 1345 2747 not.)

856 2861 1151 2936 Original
1192 2882 1230 2920 n
1279 2862 1499 2921 arkivn
1548 2865 1790 2940 epatica
1836 2883 1922 2923 sv.
1973 2865 2206 2940 Marise
2254 2885 2292 2922 u
2341 2866 2569 2923 Zadru.
2652 2899 2731 2907 —
2795 2864 3044 2922 Lz'stina
3091 2869 3316 2921 troffna
3370 2863 3400 2918 i

668 2970 966 3025 Offte'c'ena.

1925 3261 2119 3339 936.

668 3391 867 3470 1268,
914 3390 1023 3454 30.
1067 3390 1269 3471 juna.
1316 3389 1375 3454 U
1423 3388 1729 3474 Spljetu.

668 3578 843 3643 Ivem
903 3578 1286 3663 nadbz'skup
1348 3580 1667 3665 spljetskt'
1728 3580 2136 3666 zapovijeda,
2202 3581 2293 3644 da
2336 3602 2406 3644 se
2451 3586 2648 3645 vrala
2694 3580 2927 3662 tor-aja
2972 3584 3384 3641 samos-lana

664 3714 760 3756 sv.
810 3692 1197 3755 Benedz'kta
1258 3694 1409 3756 dria
1467 3700 1841 3772 gatvorena,
1894 3696 2026 3757 dok
2089 3696 2266 3778 traje
2323 3695 2584 3779 pravda
2629 3691 2922 3776 izmedju
2969 3696 3379 3754 samos-tana

1496 3806 1529 3869 ι’
1570 3807 1765 3879 Prve,
1815 3809 2030 3871 udove
2076 3807 2532 3870 Leonardove.

841 3998 912 4057 In
958 3999 1219 4059 nomine
1264 3998 1365 4059 dei
1412 4002 1609 4059 eterni
1656 4019 1863 4060 amen.
1911 4000 2109 4063 Anno
2157 4002 2616 4060 incarnacionis
2675 3997 2962 4059 eiusdem
3028 3996 3382 4058 millesimo

666 4111 1107 4171 ducentesimo
1166 4114 1568 4191 sexagesimo
1630 4124 1880 4187 octauo,
1944 4114 2264 4174 indicione
2309 4113 2662 4187 vndecima,
2707 4111 2931 4171 vltimo
2977 4110 3082 4171 die
3130 4112 3380 4171 mensis

667 4226 833 4297 iunii,
878 4234 1183 4304 regnante
1227 4223 1493 4283 domino
1540 4238 1760 4285 nostro
1808 4226 1960 4287 Bela
2007 4229 2406 4287 serenissimo
2455 4244 2602 4307 rege
2635 4226 2935 4306 Vngarie,
2967 4222 3380 4302 temporibus

666 4337 909 4397 domini
974 4330 1319 4419 [Johannis]
1382 4338 1757 4398 venerabilis
1818 4338 2212 4418 Spalatensis
2273 4340 2746 4417 archiepiscopi,
2793 4337 3040 4397 domini
3085 4336 3376 4397 Rolandi

664 4450 856 4510 incliti
902 4451 1168 4522 comitiS,
1213 4447 1417 4510 Dobri
1466 4448 1788 4527 Duscicce,
1838 4448 2027 4534 [Petri
2080 4448 2428 4534 Cerneche]
2478 4462 2540 4511 et
2587 4449 2780 4529 Josep
2837 4450 3002 4511 Petri
3056 4449 3368 4509 iudicum.

668 4560 983 4621 Dominus
1036 4561 1360 4642 Johannes
1422 4563 1743 4641 predictus
1804 4564 2178 4625 venerabilis
2245 4565 2756 4643 archiepiscopus
2801 4571 3167 4641 presentem
3217 4562 3372 4622 fecit

662 4668 1117 4757 [securi]tatem
1181 4674 1443 4736 domine
1505 4673 1791 4738 Chatene
1851 4678 2173 4739 abbatisse
2219 4688 2282 4738 et
2328 4678 2673 4738 conuentui
2747 4676 3112 4737 monasterii
3161 4678 3372 4735 sancti

669 4781 1044 4870 Benedic[ti]
1095 4835 1471 4848 .......
1518 4808 1636 4868 pro
1682 4789 2018 4851 honestate
2063 4802 2126 4851 et
2173 4792 2438 4851 vtilitate
2484 4792 2675 4869 ipsius
2719 4789 3087 4849 monasterii
3131 4791 3374 4849 murari

648 4909 730 4971 ⁸et
797 4898 1005 4960 claudi
1076 4901 1310 4963 fecerat
1381 4898 1649 4986 uo[ltam
1724 4898 1932 4985 turri]s
2000 4905 2192 4982 ipsius
2256 4905 2618 4964 monasterii
2681 4913 2744 4963 et
2807 4904 3012 4963 eciam
3076 4900 3374 4984 bugne(!)

666 5012 923 5086 ibidem,
990 5014 1213 5074 uolens
1258 5026 1321 5075 et
1366 5015 1654 5075 consulte
1719 5015 2085 5089 decernenS,
2154 5016 2332 5096 quod
2398 5017 2684 5077 clausura
2752 5016 2856 5076 illa
2926 5015 3174 5076 nullum
3221 5035 3371 5095 pre-

670 5125 966 5187 iudicium
1015 5126 1201 5186 faciat
1247 5129 1629 5187 monasterio
1676 5129 2060 5207 supradictO,
2093 5149 2292 5206 usque
2323 5131 2476 5191 dum
2516 5132 2676 5190 inter
2721 5132 2926 5208 ipsam
2973 5129 3374 5191 abbatissam
