3797 5795
1539 379 1953 442 —315—

390 587 514 629 nos
559 580 940 648 nostrosque
985 588 1381 630 successores
1428 571 1689 631 nomine
1734 570 2056 632 dictorum
2102 570 2431 652 guardiani
2479 580 2541 631 et
2588 571 2850 632 fratrum
2885 580 2950 631 et
2974 570 3098 630 loci

392 680 549 741 dicti
595 692 905 760 perpetuo
950 692 1085 743 rata
1132 682 1367 744 habere
1398 693 1461 743 et
1493 682 1851 758 obseruare,
1902 703 2021 744 nec
2068 685 2284 745 uenire
2329 693 2552 744 contra
2598 683 2808 762 aliqua
2854 685 3100 744 ratione

388 795 497 854 uel
544 795 899 868 occasione,
930 813 1064 866 ¹nec
1110 797 1389 874 ipsarum
1435 799 1773 857 occasione
1818 797 1993 857 litem
2041 796 2342 876 aliquam,
2385 796 2490 858 uel
2523 796 2882 857 molestiam
2919 797 3102 856 uobis

388 925 677 981 mouere,
723 927 841 968 nec
886 908 1061 969 alteri
1110 929 1227 988 pro
1274 909 1475 984 uobiS‚
1522 909 1623 970 uel
1668 909 1877 970 facere
1926 910 2007 970 de
2053 910 2238 970 dictis
2285 909 2584 970 omnibus
2631 909 2841 980 rebuS,
2891 927 3101 988 neque

386 1020 480 1080 de
527 1019 737 1098 aliqua
784 1039 1005 1081 eorum
1070 1022 1255 1082 uobis
1300 1021 1487 1082 dictis
1532 1022 1929 1101 emptoribus
1977 1042 2094 1101 pro
2142 1023 2326 1083 uobis
2382 1023 2734 1102 uestrisque
2781 1022 2992 1082 liberis
3037 1036 3100 1082 et

384 1149 734 1212 heredibus
778 1152 1243 1230 recipientibus,
1287 1151 1725 1230 promittendo
1757 1163 1819 1213 et
1852 1155 1901 1212 si
1938 1153 2092 1231 quid
2137 1153 2281 1231 plus
2327 1153 2500 1213 dicto
2547 1159 2764 1231 precio
2798 1173 2896 1213 res
2931 1153 3100 1213 dicte

386 1263 613 1324 ualent
658 1265 761 1325 uel
810 1265 1021 1325 ualere
1064 1277 1344 1344 possent,
1390 1265 1576 1326 uobis
1621 1269 1783 1326 inter
1820 1269 2004 1326 uiuos
2035 1277 2098 1325 et
2131 1267 2638 1326 inreuocabiliter
2685 1266 3102 1327 concedimus

385 1387 461 1436 et
506 1376 839 1447 donamuS,
899 1377 1068 1438 facta
1128 1378 1570 1439 subastacione
1630 1397 1743 1456 per
1803 1379 2126 1439 ciuitatem
2175 1398 2288 1456 per
2333 1397 2680 1458 preconem
2739 1380 3103 1439 communis

385 1489 481 1548 de
549 1489 729 1550 dictis
796 1491 983 1550 bonis
1049 1501 1115 1551 et
1181 1491 1687 1570 possessionibus
1752 1491 1900 1552 dicti
1961 1491 2131 1552 Dese
2192 1491 2563 1552 uendendiS.
2631 1493 3098 1553 Verumtamen

384 1611 611 1662 actum
643 1612 739 1662 est
771 1605 933 1663 inter
963 1603 1205 1664 dictum
1237 1604 1570 1665 dominum
1604 1606 1979 1684 episcopum
2013 1615 2076 1664 et
2107 1605 2313 1665 dictos
2337 1617 2662 1683 emptores
2687 1615 2749 1665 et
2775 1605 3096 1665 adiectum

388 1725 493 1774 est
538 1715 682 1775 huic
728 1715 1075 1777 uenditioni
1111 1715 1193 1776 de
1222 1720 1549 1777 communi
1598 1719 1884 1777 omnium
1936 1727 2301 1796 emptorum
2351 1718 2681 1779 uoluntate
2728 1735 2946 1778 coram
2997 1737 3102 1778 me

391 1830 649 1887 notario
695 1837 760 1888 et
804 1829 1087 1904 testibus,
1134 1831 1238 1907 qui
1286 1829 1547 1908 quidem
1594 1829 1893 1891 dominus
1938 1833 2293 1910 episcopUS,
2325 1842 2435 1891 aut
2480 1830 2706 1910 aliquis
2751 1851 2868 1910 pro
2917 1830 3102 1890 dictis

390 1941 748 2021 guardiano
794 1950 859 2001 et
902 1941 1213 2014 fratribuS,
1258 1945 1392 2002 siue
1454 1945 1646 2003 etiam
1708 1946 1823 2022 ipsi
1892 1943 2278 2024 guardianus
2324 1954 2386 2004 et
2433 1942 2654 2005 fratres
2703 1946 2964 2004 minime
3012 1955 3100 2004 te-

390 2064 683 2126 neantur,
730 2072 847 2114 nec
892 2053 1172 2115 debeant
1206 2056 1267 2115 in
1300 2055 1513 2134 aliquo
1558 2057 1706 2133 ipsis
1751 2058 2150 2135 emptoribus
2191 2057 2394 2117 dictas
2439 2077 2537 2118 res
2571 2068 2634 2118 et
2664 2060 3101 2136 possessiones

386 2166 478 2226 ab
523 2167 738 2244 aliquo
786 2166 1129 2228 defendere
1174 2168 1276 2228 uel
1323 2168 1853 2247 discaiumpniari,
1908 2173 2109 2230 immo
2157 2171 2304 2231 dicti
2357 2181 2682 2249 emptores
2725 2173 3099 2232 remiserunt

392 2281 511 2357 ipsi
582 2279 826 2341 domini
897 2283 1203 2360 episcopo
1272 2300 1466 2342 omne
1534 2283 1629 2342 ius
1696 2293 2074 2361 competens
2143 2285 2233 2343 eis
2294 2285 2355 2344 in
2419 2283 2590 2344 dicta
2655 2295 2718 2343 et
2764 2303 2882 2362 pro
2929 2283 3098 2344 dicta

390 2393 727 2466 evictione,
772 2411 883 2453 seu
945 2393 1335 2456 defensione.
1380 2393 1621 2456 Actum
1682 2395 1970 2477 Tragurii
2035 2399 2096 2456 in
2160 2396 2360 2456 domo
2421 2397 2571 2456 dicti
2633 2396 2916 2475 episcopi
2963 2415 3103 2476 pre-

392 2505 679 2565 sentibus
710 2505 805 2565 his
836 2507 1101 2566 testibus
1129 2507 1212 2567 ad
1245 2506 1363 2567 hec
1396 2505 1703 2588 (vocatis),
1736 2508 2030 2568 uidelicet
2070 2509 2338 2569 domino
2356 2509 2604 2589 Jacobo
2635 2509 3106 2580 archidiacon0‚

394 2617 667 2677 domino
712 2615 1021 2679 Gervasio
1084 2621 1439 2697 primicerio
1499 2620 1805 2702 Tragurii,
1853 2621 2098 2682 domini
2140 2620 2448 2701 Jannicha
2497 2619 2789 2696 Casiocti,
2837 2621 3104 2683 domino

393 2729 638 2790 Duimo
685 2731 766 2791 de
815 2728 1052 2812 Cegha‚
1097 2731 1357 2793 Donato
1403 2731 1701 2806 saladini,
1748 2733 1977 2794 Nicola
2018 2732 2241 2812 Jacobi
2287 2744 2350 2794 et
2401 2734 2723 2795 Bertanno
2771 2733 3019 2795 Marini.

576 2860 594 2918 ζ
606 2846 818 2921 Drugi
862 2845 1155 2923 rukopis).

573 2957 715 3038 Ego
761 2956 1065 3020 Siluester
1108 2958 1191 3019 de
1242 2959 1407 3022 Urso
1455 2961 1857 3021 examinator
1907 2979 2167 3021 manum
2219 2980 2430 3022 meam
2479 2965 2682 3023 mitto.

570 3070 733 3151 (Sag.
782 3075 931 3145 not.)
964 3071 1047 3132 Et
1080 3090 1202 3153 ego
1236 3072 1683 3133 Bonauentura
1731 3073 1894 3134 Petri
1930 3076 2083 3134 ciuis
2113 3072 2389 3135 Ancone
2435 3077 2810 3136 auctoritate
2858 3074 3103 3134 domini

392 3203 563 3263 pape
610 3184 894 3245 notarius
938 3197 999 3245 et
1048 3203 1217 3245 nunc
1263 3187 1545 3246 notarius
1589 3189 1950 3247 communis
1995 3186 2302 3269 Tragurii,
2359 3187 2454 3248 his
2502 3187 2804 3249 omnibus
2849 3186 3102 3247 interfui

394 3308 460 3357 et
522 3308 783 3379 rogatus
827 3318 865 3357 a
911 3297 1083 3358 dicto
1145 3297 1411 3359 domino
1476 3301 1781 3377 episcopo
1827 3309 1891 3360 et
1937 3320 1974 3359 a
2022 3300 2203 3361 dictis
2263 3301 2618 3381 guardiano
2683 3310 2748 3361 et
2810 3318 3107 3379 procura-

396 3411 645 3471 toribus
692 3413 910 3489 scripsi
956 3422 1021 3471 et
1065 3410 1397 3490 publicavi.

588 3632 886 3704 Orzgz'nal
927 3650 966 3688 u
1013 3629 1237 3689 arkivu
1280 3630 1526 3707 kaptola
1574 3652 1615 3688 u
1668 3633 1931 3706 Trogiru
1977 3653 2034 3690 a.
2085 3636 2262 3691 1264.
2313 3653 2407 3690 no.
2462 3636 2550 3691 16.

570 3735 829 3793 Far-lati
870 3735 1188 3807 Illyricum
1255 3754 1503 3791 sacrum
1553 3735 1663 3795 IV.
1719 3738 2078 3793 347—-349.
2129 3772 2212 3779 —
2277 3738 2520 3794 Wenzel
2570 3738 2711 3795 Cod.
2758 3737 2904 3812 dipl.
2955 3736 3103 3812 Arp.

388 3842 554 3899 conl.
605 3840 717 3897 XI.
772 3841 1120 3895 538—542.
1173 3872 1251 3881 —
1301 3838 1675 3914 Kukuljevic‘
1712 3842 1865 3915 Reg.
1918 3860 2012 3897 no.
2069 3845 2194 3897 871.

1662 4130 1858 4209 805.

402 4288 605 4367 1264,
653 4288 716 4352 6.
764 4286 1163 4353 decembr-a.
1210 4288 1271 4353 U
1313 4286 1648 4372 Proloqu.

402 4476 726 4538 Rolando
772 4477 903 4539 ban
948 4476 1123 4561 §alja
1162 4476 1469 4563 pris-lava
1519 4478 1747 4562 Gjuru
1795 4478 2093 4555 Zinuru,
2161 4480 2251 4542 da
2315 4477 2557 4541 edredi
2612 4477 2828 4562 medje
2876 4478 3106 4562 medju-

411 4588 773 4661 Trnavom,
822 4590 1123 4673 zemgjom
1168 4597 1436 4674 {upana
1484 4592 1809 4675 Adogotka
1859 4590 1893 4654 τ’
1931 4592 2120 4655 brac‘e
2167 4592 2460 4677 njegove,
2527 4596 2591 4653 te
2651 4590 2951 4675 zemljom
2998 4598 3104 4651 ξη-

1102 4710 1289 4787 pana
1337 4702 1733 4766 Lancereda
1778 4724 1827 4765 u
1876 4704 2392 4789 Medjumurju.

578 4889 958 4976 R[olandus]
996 4895 1199 4955 banus
1230 4898 1433 4956 tocius
1465 4894 1803 4957 Sclauonie
1835 4897 2135 4955 omnibus
2167 4898 2398 4974 quibus
2429 4907 2756 4975 presentes
2788 4900 3105 4976 patuerint

399 5006 673 5067 salutem
719 5018 781 5067 et
829 5026 1027 5068 omne
1070 5007 1333 5068 bonum.
1374 5009 1783 5071 Vniuersitati
1832 5017 2038 5069 vestre
2086 5018 2311 5069 tenore
2357 5012 2757 5088 presencium
2804 5010 3106 5070 duximus

404 5118 913 5201 significandum,
960 5120 1138 5199 quod
1182 5139 1329 5181 cum
1375 5140 1594 5182 comes
1633 5119 1863 5203 Mogtk
1903 5122 2156 5203 iobagio
2188 5125 2368 5183 castri
2405 5118 2844 5206 Z(a)ladiensis
2874 5126 3106 5203 pariter
