3797 5795
1958 326 2375 387 ..542-

811 518 1088 591 stitisset,
1133 517 1295 578 sicut
1341 528 1406 577 et
1451 534 1592 577 esse
1637 515 1862 577 debet:
1920 516 2036 594 ipsi
2088 514 2396 577 Lorando
2442 517 2617 577 bano
2662 526 2729 577 et
2771 536 2887 596 per
2930 534 3345 593 consequens
3384 536 3503 578 om-

813 628 1000 690 nibus
1060 629 1288 710 quibus
1333 630 1562 709 quovis
1607 639 1903 707 tempore
1947 629 2085 706 ipsa
2144 627 2415 690 collecta
2479 629 2631 690 lucri
2692 648 2945 691 camere
3003 649 3091 691 ex
3150 628 3504 692 liberalitate

812 744 984 826 regia
1029 742 1393 817 donaretur,
1423 760 1652 803 vocem
1686 740 2211 803 contradictionis
2256 740 2476 822 quoad
2518 742 2907 803 solutionem
2953 742 3215 805 decime
3260 742 3504 805 collecte

811 862 1150 937 prenotate
1195 855 1573 917 abstulimus
1634 864 1699 916 et
1743 854 2066 915 silentium
2126 864 2511 933 perpetuum
2580 856 3017 933 imposuimus,
3074 854 3504 919 adiudioentae

811 968 1268 1032 sententialiter
1313 970 1481 1047 ipsas
1525 967 1811 1029 decimas
1857 967 2011 1028 lucri
2058 985 2313 1029 camere
2358 967 2519 1028 ultra
2564 965 2863 1028 Drawam
2924 968 3413 1047 archiepiscopo
3450 982 3504 1032 et

811 1082 1379 1161 archiepiscopatui
1441 1079 1860 1164 Strigoniensi
1922 1100 2007 1141 ex
2068 1079 2290 1140 debito
2350 1079 2821 1159 persolvendas,
2882 1080 2983 1143 Ne
3030 1084 3229 1163 igitur
3274 1082 3337 1142 in
3378 1102 3501 1161 pos-

811 1204 1022 1257 terum
1105 1213 1296 1273 super
1383 1196 1515 1255 iure
1582 1193 1978 1273 percipiendi
2046 1193 2334 1255 decimas
2398 1193 2551 1254 lucri
2628 1212 2883 1255 camere
2972 1194 3142 1255 ultra
3224 1192 3501 1257 Drawam

813 1309 1064 1388 questio
1111 1306 1329 1368 similis
1376 1308 1522 1367 oriri
1567 1306 1792 1381 valeat,
1835 1306 1939 1368 vel
1983 1309 2249 1382 renasci,
2306 1305 2789 1386 archiepiscopo
2835 1317 2899 1369 et
2943 1306 3501 1387 archiepiscopatui

811 1420 1230 1503 strigoniensi
1276 1420 1361 1480 ad
1419 1422 1506 1481 rei
1571 1421 1954 1481 memoriam
2020 1421 2478 1498 sempiternam
2547 1429 2611 1479 et
2658 1420 2723 1479 in
2766 1418 2964 1481 robur
3008 1431 3071 1480 et
3118 1420 3497 1502 privilegium

809 1543 1192 1615 perpetuum
1239 1552 1323 1595 ex
1369 1542 1542 1595 certa
1586 1535 1864 1607 scientia;
1911 1542 2240 1611 presentes
2286 1543 2537 1593 nostras
2574 1534 3009 1595 concessimus
3051 1533 3321 1607 litteraS,
3360 1532 3498 1613 dup—

808 1648 990 1727 plicis
1032 1647 1216 1729 sigilli
1262 1648 1462 1708 nostri
1507 1648 1862 1707 munimine
1908 1645 2257 1707 roboratas
2333 1644 2577 1707 Datum
2637 1664 2751 1725 per
2796 1664 3027 1707 manus
3070 1648 3359 1728 magistri
3400 1646 3496 1709 Be-

810 1760 1046 1822 nedicti
1107 1762 1414 1840 prepositi
1475 1759 1851 1823 Orodiensis
1920 1759 2064 1820 aule
2130 1770 2349 1820 nostre
2414 1760 2927 1821 vicecancellarii.
3000 1757 3210 1820 Anno
3280 1759 3493 1821 domini

805 1873 1148 1935 millesimo
1195 1874 1638 1936 ducentesimo
1683 1875 2163 1954 septuagesimo
2208 1871 2515 1933 secundo,

973 2093 1167 2168 Fey'e'r
1209 2092 1488 2167 navata-'ja
1533 2092 1834 2167 slijedec'u
1894 2092 2232 2165 seg-natura
2252 2113 2272 2149 .·
2352 2093 2417 2149 E
2456 2092 2649 2150 MSS.
2698 2092 3014 2149 Hevenesi
3078 2092 3141 2150 T
3130 2112 3247 2150 om.
3292 2094 3359 2149 B.
3402 2112 3481 2149 no.

805 2199 897 2254 52.
943 2196 1114 2254 alias
1158 2198 1238 2255 R.
1285 2216 1384 2253 no.
1439 2201 1522 2253 61.
1565 2206 1716 2273 pag.
1783 2198 1968 2251 3—4.
2050 2197 2290 2253 Existit
2344 2197 2655 2271 originale
2714 2198 2778 2253 in
2840 2195 3095 2255 archivo
3152 2197 3486 2273 primatiali

802 2302 936 2361 FF.
980 2306 1030 2357 1.
1079 2302 1150 2359 A.
1203 2306 1260 2358 8.
1309 2336 1394 2343 --
1439 2300 1597 2378 lpak
1642 2320 1710 2359 se
1753 2301 1975 2358 listina
2021 2301 2150 2375 nije
2194 2301 2399 2375 mogla
2436 2301 2708 2377 pronac'i
2748 2302 2823 2358 ni
2853 2301 2988 2377 pod
3026 2318 3227 2371 avom,
3274 2303 3343 2357 ni
3381 2302 3487 2378 pod

804 2404 1000 2481 kojom
1045 2407 1307 2480 drugom
1346 2406 1794 2482 paginacg'jom.

979 2512 1171 2585 che'r
1221 2510 1365 2569 Cod.
1411 2510 1560 2587 dipl.
1612 2510 1826 2584 Hung.
1892 2510 1951 2567 V.
2002 2516 2045 2565 1.
2098 2512 2437 2566 251-253.
2502 2544 2589 2551 -—-
2643 2508 2852 2567 Teleki
2906 2508 3301 2579 Hunyadiak
3360 2508 3479 2567 kora

806 2616 921 2674 XI.
969 2618 1260 2671 111—113
1304 2617 1393 2687 (iz
1411 2617 1674 2693 potvrde
1705 2616 1933 2690 Alatz'je
1966 2614 2245 2672 Korvina
2278 2612 2709 2691 nadbiskupiji
2749 2613 3176 2690 ostrogonskoj
3202 2634 3257 2688 ξ.
3290 2616 3475 2686 14622).
