3797 5795
55 5405 65 5481 τ...-

1830 379 1914 387 -
1975 345 2102 409 616
2163 328 2245 388 L-

685 544 1033 609 revocetur,
1064 534 1360 596 dedimus
1392 546 1639 596 nostras
1670 534 1910 596 litteras
1942 538 2293 596 munimine
2327 538 2521 596 nostri
2555 534 2734 617 sigilli
2769 537 3116 597 roboratas,
3151 536 3404 597 Datum

687 664 861 708 anno
906 646 1152 709 domini
1200 647 1538 709 millesimo
1581 646 1725 712 CC⁰
1768 650 2244 729 septuagesimo
2290 649 2514 728 primo.

874 840 1171 914 Ortginal
1228 860 1269 898 u
1328 840 1553 898 arkivu
1614 840 1878 899 knezova
1941 842 2204 899 Bac'ana
2253 862 2292 898 u
2339 842 2714 899 Kb'rmendu.
2761 843 2869 900 Na
2914 848 3071 918 auto]
3118 842 3416 916 koinatoj

684 945 861 1002 vrvci
901 944 1095 1002 nekoc'
1128 945 1286 1002 visio
1320 950 1519 1021 pedat.
1570 946 1767 1003 Peeat
1804 954 2001 1022 otpa0.
2049 945 2120 1004 A.
2186 947 2244 1005 V.
2293 946 2364 1007 L.
2428 946 2563 1005 Vll.
2611 967 2707 1004 no,
2762 951 2883 1004 188.

871 1046 1014 1108 Cod.
1061 1050 1208 1125 dipl.
1246 1051 1517 1126 patriuS.
1583 1050 1748 1109 VIII.
1794 1052 1926 1109 143.
1974 1070 2069 1107 no·
2119 1055 2228 1106 111.

1979 1342 2113 1421 63.

699 1471 901 1536 1271.

1122 1609 1383 1693 Kaptol
1424 1610 1821 1673 &azmanskz‘
1856 1611 2181 1695 uredjuje
2226 1611 2457 1693 zemlje
2505 1634 2548 1672 u
2601 1608 2978 1674 Gares‘m'cz'.

869 1767 1009 1829 Nos
1040 1768 1387 1848 capitulum
1424 1766 1829 1833 Chasmensis
1876 1770 2142 1831 ecclesie
2187 1768 2618 1852 significamus
2663 1769 2962 1830 omnibus
2999 1769 3416 1849 presencium

697 1899 810 1958 per
840 1890 1149 1956 tenorem,
1181 1882 1359 1960 quod
1387 1884 1746 1944 constitutis
1776 1902 1994 1945 coram
2028 1884 2216 1944 nobis
2246 1884 2660 1963 personaliter
2690 1883 2774 1943 ab
2805 1900 2932 1943 una
2962 1894 3144 1961 parte
3181 1881 3412 1959 Voysa

702 2004 766 2053 et
813 1992 1119 2055 Marislou
1165 1993 1305 2055 filiis
1351 1970 1665 2074 Beryvoy,
1711 1998 1793 2057 ab
1839 1997 2038 2058 altera
2078 2006 2297 2058 autem
2329 1996 2591 2074 Endrey
2634 2014 2878 2075 parvuo
2901 1992 2966 2077 (1)
3016 1993 3414 2074 predialibus

700 2104 784 2166 de
831 2104 1213 2168 Gresenche.
1260 2108 1461 2170 Iidem
1507 2108 1613 2169 filii
1662 2109 1954 2189 Beryvoy
2017 2129 2213 2171 unam
2271 2109 2648 2189 particulam
2709 2110 2792 2170 de
2851 2119 3018 2169 terra
3063 2126 3296 2169 eorum
3349 2110 3412 2167 in

703 2220 893 2280 metis
938 2220 1347 2300 infrascriptis
1390 2240 1509 2300 pro
1556 2224 1838 2301 quinque
1886 2226 2114 2286 marcis
2155 2242 2374 2285 coram
2407 2223 2594 2284 nobis
2637 2222 2826 2302 plene
2870 2224 3150 2300 acceptis
3199 2219 3412 2281 eidem

703 2332 970 2411 Endrey
1032 2344 1096 2395 et
1155 2336 1283 2395 suis
1340 2354 1457 2413 per
1522 2354 1670 2397 eum
1743 2335 2085 2397 heredibus
2154 2335 2592 2416 heredumque
2653 2335 3125 2396 successoribus
3195 2333 3416 2394 vendi-

703 2442 937 2506 derunt
986 2448 1117 2508 iure
1162 2458 1474 2527 perpetuo
1536 2448 2015 2528 possidendam.
2085 2446 2279 2513 Cuius
2339 2459 2502 2510 terre
2562 2458 2734 2509 mete
2793 2450 2954 2508 sicut
3017 2446 3208 2506 nobis
3255 2445 3416 2505 dixit

704 2554 907 2618 homo
954 2569 1187 2635 noster,
1234 2579 1427 2640 quem
1474 2563 1849 2623 miseramus
1894 2581 2085 2641 super
2130 2562 2357 2623 faciem
2403 2563 2538 2624 eius
2582 2579 2802 2624 coram
2862 2560 3080 2620 vicinis
3124 2569 3189 2619 et
3241 2576 3416 2619 com-

706 2672 1018 2732 metaneis
1061 2671 1323 2752 pacifice
1367 2686 1429 2735 et
1477 2677 1689 2755 quiete
1734 2686 1944 2736 erecte
1989 2675 2149 2736 tales
2193 2686 2356 2736 sunt.
2406 2675 2615 2735 Prima
2661 2684 2835 2735 meta
2881 2674 3100 2752 incipit
3132 2670 3220 2733 de
3253 2683 3415 2732 terra

705 2780 982 2845 filiorum
1031 2770 1375 2847 Kuchk'in
1420 2789 1553 2848 rivo
1600 2790 1706 2849 ubi
1740 2799 1836 2849 est
1866 2789 2057 2849 arbor
2102 2786 2236 2867 byk
2279 2806 2466 2849 cruce
2497 2790 2760 2870 signata.
2809 2787 2966 2849 Inde
3013 2806 3126 2866 per
3171 2785 3414 2847 vallem

708 2899 840 2958 exit
886 2899 971 2960 ad
1015 2901 1184 2960 viam
1229 2900 1335 2960 ubi
1382 2910 1479 2962 est
1518 2912 1689 2964 meta
1720 2913 1941 2963 terrea.
1989 2901 2147 2963 Inde
2177 2921 2292 2981 per
2321 2904 2488 2962 viam
2520 2901 2793 2962 tendens
2831 2901 2914 2962 ad
2946 2911 3195 2981 partem
3231 2901 3412 2961 meri-

708 3009 1057 3089 dyonalem
1103 3015 1273 3074 venit
1304 3013 1389 3074 ad
1420 3024 1660 3076 metam
1700 3026 1990 3077 terream.
2039 3015 2196 3077 Inde
2241 3015 2326 3077 ad
2357 3033 2660 3098 magnam
2707 3016 2894 3090 viam,
2937 3015 3044 3076 ubi
3093 3024 3189 3075 est
3240 3023 3408 3074 meta

710 3132 928 3186 terrea.
1000 3126 1156 3187 Inde
1204 3129 1512 3189 transiens
1558 3131 1761 3208 ipsam
1810 3131 1976 3190 viam
2025 3130 2194 3190 venit
2224 3128 2309 3190 ad
2339 3129 2634 3190 arborem
2678 3130 2798 3207 piri
2843 3146 3032 3189 cruce
3063 3131 3412 3208 signatam;

711 3236 947 3299 deinde
1007 3239 1091 3299 ad
1150 3238 1390 3315 silvam,
1434 3242 1540 3302 ubi
1604 3251 1699 3302 est
1746 3252 1920 3303 meta
1963 3253 2166 3303 terrea
2211 3252 2276 3302 et
2342 3245 2407 3303 in
2469 3241 2622 3302 silva
2682 3240 2956 3302 tendens
3019 3239 3105 3301 ad
3165 3249 3410 3320 partem

712 3350 1244 3430 merydyonalem
1308 3357 1479 3414 venit
1538 3354 1622 3415 ad
1681 3354 1897 3416 harazt
1940 3372 2127 3416 cruce
2187 3357 2519 3436 signatam.
2583 3353 2740 3415 Inde
2807 3353 2890 3414 ad
2936 3353 3234 3414 arborem
3283 3350 3414 3430 scyl

712 3480 899 3524 cruce
943 3466 1276 3546 signatam.
1350 3465 1603 3528 Deinde
1662 3467 1940 3529 declinat
2003 3468 2087 3529 ad
2147 3477 2396 3547 partem
2457 3466 2921 3529 occidentalem
2982 3477 3048 3528 et
3109 3467 3282 3527 venit
3330 3465 3412 3525 ad

710 3576 1008 3638 arborem
1057 3577 1238 3640 iohor
1297 3599 1482 3641 cruce
1541 3583 1875 3663 signatam,
1935 3582 2043 3642 ubi
2102 3581 2466 3660 relinquens
2525 3590 2759 3641 terram
2805 3579 3212 3642 venditorum
3275 3580 3416 3638 vici-

713 3699 903 3752 natur
955 3701 1117 3752 terre
1173 3689 1446 3753 filiorum
1502 3692 1739 3755 Kuchk
1783 3695 2235 3773 predictorum.
2305 3693 2462 3755 Inde
2507 3694 2793 3772 superius
2837 3691 3056 3755 eundo
3103 3693 3276 3754 venit
3335 3690 3414 3751 ad

710 3803 1015 3866 arborem
1075 3807 1355 3886 gerteani
1403 3825 1591 3868 cruce
1635 3810 1970 3889 signatam.
2047 3807 2206 3869 Inde
2260 3810 2545 3886 superius
2590 3805 2816 3867 eundo·
2852 3805 2936 3867 ad
2983 3814 3236 3884 partem
3280 3821 3418 3882 sep-

710 3918 1191 3980 temtrionalem
1236 3921 1411 3981 venit
1455 3919 1540 3981 ad
1599 3921 1896 3982 arborem
1958 3921 2093 4000 scyl
2153 3939 2340 3982 cruce
2399 3922 2734 4002 signatam.
2817 3918 2976 3980 Inde
3019 3918 3104 3980 ad
3151 3918 3414 3979 rivulum

708 4029 825 4090 ubi
871 4042 967 4094 est
1010 4032 1202 4092 arbor
1260 4031 1493 4095 keurus
1538 4052 1725 4095 cruce
1769 4035 2017 4115 signata
2063 4043 2127 4095 et
2175 4044 2346 4095 meta
2393 4043 2596 4095 terrea
2655 4033 3066 4106 circumfusa;
3111 4032 3262 4092 inde
3306 4049 3415 4110 per

710 4145 998 4206 eundem
1059 4145 1332 4208 rivulum
1392 4149 1681 4226 superius
1724 4147 1941 4208 eundo
2002 4149 2174 4208 venit
2235 4146 2320 4208 ad
2366 4147 2660 4208 arborem
2709 4147 2924 4207 harazt
2983 4156 3158 4207 meta
3220 4155 3417 4206 terrea

708 4257 1184 4332 circumfusam,
1252 4277 1378 4337 que
1436 4269 1535 4320 est
1608 4263 1723 4321 sita
1785 4262 1964 4321 iuxta
2031 4259 2313 4322 eundem
2387 4259 2674 4321 rivulum.
2754 4258 2911 4320 Inde
2987 4257 3074 4319 ad
3149 4261 3415 4338 primam

706 4379 961 4432 metam
1021 4381 1084 4432 et
1146 4372 1386 4434 ibidem
1455 4376 1843 4435 terminatur.
1923 4373 1994 4435 In
2055 4376 2232 4435 cuius
2294 4377 2380 4434 rei
2451 4375 2887 4435 testimonium
2933 4382 2997 4433 et
3041 4371 3237 4433 robur
3281 4389 3416 4450 pre·

706 4494 929 4546 sentes
975 4485 1361 4548 contulimus
1406 4489 1605 4548 nostri
1649 4486 1831 4569 sigilli
1876 4490 2232 4548 munimine
2277 4488 2624 4548 roboratas
2667 4485 2908 4548 Datum
2953 4503 3127 4546 anno
3174 4484 3411 4546 domini

710 4595 1062 4659 millesimo
1109 4597 1254 4663 CC⁰
1296 4601 1771 4683 septuagesimo
1817 4603 2046 4680 primo.

898 4741 987 4798 Po
1032 4741 1351 4815 originalu
1399 4761 1439 4799 u
1486 4741 1709 4799 arkivu
1754 4740 1994 4817 obitelji
2025 4745 2297 4818 grofova
2343 4741 2408 4797 E
2405 4742 2638 4813 rdo'dya
2688 4760 2728 4798 u
2783 4739 3107 4814 Glogovcu.
3138 4772 3215 4781 —
3235 4738 3422 4795 Pec'at

708 4849 913 4918 otpao‚
962 4866 1003 4904 a
1048 4847 1283 4904 svilene
1341 4846 1523 4922 bijele
1569 4848 1597 4902 i
1636 4847 1841 4904 zelene
1901 4866 2083 4905 vrvce
2143 4846 2352 4903 ostale.
2418 4879 2504 4888 —-
2557 4843 2699 4904 cod.
2765 4844 2914 4920 dipl.
2964 4843 3218 4920 patrius
3290 4843 3341 4898 V
3339 4839 3413 4898 ll.

716 4950 857 5020 133,
906 4973 999 5010 no,
1046 4956 1170 5013 101,

897 5056 1273 5132 Kukuljevic'
1308 5060 1459 5131 Reg.
1508 5077 1604 5114 no.
1655 5059 1829 5112 1049.
