3797 5795
1539 404 1889 467 —43-

397 613 549 654 mera
605 594 763 654 ultra
808 593 1091 654 Dravam
1121 595 1217 654 ius
1260 594 1523 674 aliquod
1554 596 1619 654 in
1649 603 1980 674 posterum
2031 596 2148 656 sibi
2196 582 2405 656 valeat
2451 595 2807 666 vendicare,
2854 592 3062 653 eidem

394 706 705 768 venerabili
774 709 933 786 patri
984 705 1385 788 B(enedicto)
1447 707 1931 787 archiepiscopo
1994 707 2417 789 Strigoniensi
2463 726 2538 768 ac
2584 709 2718 768 eius
2764 705 3070 766 ecclesiae

390 832 688 899 presentes
749 819 1045 880 dedimus
1106 821 1345 880 litteras
1406 819 1723 899 dupplicis
1780 820 1965 903 sigilli
2035 823 2228 882 nostri
2297 823 2648 882 munimine
2717 820 3066 880 roboratas:

389 934 607 994 Datum
655 953 831 994 anno
877 933 1123 994 domini
1165 931 1545 1006 MCCLVI.,
1578 932 1835 994 decimo
1883 937 2159 1013 septimo
2207 933 2518 994 kalendas
2565 935 2842 1005 ianuarii,
2889 932 3064 1012 regni

388 1057 583 1107 autern
629 1049 823 1106 nostri
871 1065 1045 1108 anno
1091 1046 1295 1108 XXII.

544 1239 721 1310 Pray.
772 1240 947 1295 llier.
998 1241 1069 1295 P.
1121 1239 1160 1295 l.
1210 1241 1341 1296 139.
1403 1274 1473 1280 —-
1520 1239 1768 1296 Katona
1816 1239 1981 1294 Hz'st.
2031 1258 2114 1294 cr.
2167 1241 2306 1293 249.
2360 1271 2442 1280 -—
2483 1239 2674 1313 Fey'e'r
2726 1240 2866 1296 cod.
2913 1239 3062 1314 dipl.

398 1343 597 1415 llung.
642 1343 747 1400 [Γ.
794 1347 851 1411 2,
904 1345 1240 1399 393—394
1288 1345 1315 1400 i
1360 1347 1499 1400 370.
1554 1377 1629 1384 ——-
1690 1342 1897 1400 Teleki
1935 1341 2321 1414 Humadiak
2367 1341 2518 1398 kora
2569 1343 2677 1399 XI.
2733 1349 2841 1396 108
2864 1344 3065 1400 -109.

384 1456 435 1510 iz
466 1457 715 1530 potvrde
759 1455 966 1532 kralja
1015 1453 1253 1532 Alata-'je
1298 1456 1726 1532 nadbiskupiji
1782 1453 2203 1530 ostrogonskoj
2245 1457 2328 1511 od
2358 1475 2424 1528 g.
2477 1459 2651 1512 1462.
2722 1489 2792 1494 —
2841 1454 3064 1511 Knauz

382 1559 537 1616 Mon.
582 1561 871 1617 ecclesiae
920 1561 1110 1634 Strtg.
1160 1563 1211 1620 l.
1266 1563 1403 1618 439.
1440 1595 1515 1602 —-
1568 1557 1952 1640 Kukuljevic'
1989 1561 2142 1632 Reg.
2193 1579 2286 1616 no.
2345 1561 2472 1618 713.
2519 1560 2545 1615 ι’
2594 1563 2720 1614 714.

1620 1851 1817 1932 δεῗῖ.

377 2043 569 2122 1256,
615 2043 719 2108 28.
768 2041 1174 2108 decembre..

904 2234 1155 2297 lzabz're
1199 2257 1271 2297 se
1316 2241 1474 2318 opat
1517 2256 1566 2297 u
1611 2230 2010 2298 samosta'nu
2061 2235 2536 2299 lokrumskom.

542 2423 731 2486 Anno
798 2429 1246 2487 incarnationis
1314 2427 1556 2488 domini
1621 2427 1958 2489 millesimo
2029 2428 2469 2488 ducentesimo
2533 2427 3065 2506 quinquagesimo

374 2553 570 2610 sexto,
618 2541 847 2598 mensis
894 2539 1268 2613 decembris
1332 2551 1561 2620 quarto
1624 2541 1727 2602 die
1788 2553 2054 2614 astante,
2098 2551 2366 2600 vacante
2414 2540 2802 2599 monasterio
2847 2549 3098 2633 sancte·

380 2649 567 2710 Marie
612 2665 671 2711 et
718 2655 915 2713 sancti
966 2652 1292 2714 Benedicti
1342 2653 1424 2714 de
1468 2653 1669 2714 insula
1718 2653 2222 2714 Lacromonensi
2271 2653 2353 2713 de
2387 2653 2666 2734 Ragusio
2713 2665 2830 2713 etc.
2878 2663 3063 2730 prout

378 2765 433 2823 in
490 2768 619 2844 ipsa
680 2779 853 2826 carta
913 2765 1241 2827 electionis
1303 2767 1679 2826 continetur.
1757 2765 1881 2845 Qui
1953 2776 2326 2846 prenotatus
2387 2765 2689 2826 dominus
2744 2763 3068 2844 Johannes

378 2925 1345 2940 .................
1378 2888 1782 2958 prenotatam
1848 2879 2230 2941 electionem
2295 2878 2540 2939 dicens:
2606 2878 2691 2939 ad
2751 2877 3060 2937 honorem

377 2990 469 3049 dei
514 2994 969 3069 omnipotentis
1014 3003 1076 3052 et
1130 2991 1318 3053 beate
1365 2992 1565 3053 Marie
1612 3011 1864 3072 semper
1915 2994 2166 3073 virginis
2222 3002 2284 3051 et
2339 2992 2505 3051 beati
2560 2990 2885 3051 Benedicti
2966 3008 3062 3049 se-

376 3104 641 3164 cundum
690 3105 1025 3165 dominum
1074 3116 1139 3165 et
1184 3106 1537 3167 secundum
1586 3105 1867 3187 regulam
1929 3106 2098 3166 beati
2161 3104 2486 3165 Benedicti
2547 3116 2878 3182 tamquam
2930 3120 3064 3160 mo-

376 3216 626 3298 nachtus
671 3216 761 3287 in)
825 3217 1058 3278 eodem
1130 3221 1518 3279 monasterio
1584 3217 2026 3292 Cromonensi‚
2086 3218 2257 3278 sacto
2319 3220 2503 3299 signo
2567 3226 2785 3276 sancte
2849 3216 3066 3287 crucis

375 3331 602 3409 accipio
633 3331 987 3410 predictam
1021 3330 1420 3392 electionem.
1478 3332 1565 3393 Ut
1595 3340 1809 3391 autem
1858 3330 1982 3391 hoc
2014 3332 2508 3391 instrumentum
2545 3329 2741 3390 robur
2774 3328 3064 3387 obtineat

378 3444 653 3517 veritatiS,
721 3448 1040 3524 prenotati
1096 3444 1391 3505 monachi
1454 3454 1517 3504 et
1577 3445 1749 3523 prior
1810 3462 1957 3504 cum
2023 3444 2150 3503 suis
2217 3442 2432 3524 sigillis
2497 3441 2931 3521 pendentibus
2978 3440 3068 3500 fe-

376 3568 581 3617 cerunt
626 3560 1043 3618 communire.

534 3750 785 3807 Farlati
832 3750 1149 3821 Illyricum
1181 3770 1445 3807 sacrum.
1507 3751 1603 3810 VJ.
1656 3753 1785 3806 109.
1836 3783 1922 3792 ——
1973 3748 2350 3824 lt'ukugjew'c‘
2391 3750 2539 3822 leeg.
2593 3768 2688 3805 no,
2749 3750 2880 3803 726.

1613 4040 1807 4121 54u3.

369 4208 556 4273 1256.

896 4398 1133 4462 Osuda
1178 4421 1255 4462 za
1298 4406 1439 4462 §est
1482 4401 1733 4463 rodova
1780 4421 1827 4462 u
1874 4397 2200 4483 Zupamjz'
2229 4397 2528 4484 gorskoj.

528 4591 947 4673 privilegiales
991 4591 1558 4653 readiudicatoriae
1625 4594 1790 4673 regis
1852 4592 2042 4653 Belae
2088 4611 2203 4670 pro
2251 4609 2366 4651 sex
2413 4588 2930 4670 generationibus
2976 4587 3059 4649 de

366 4706 662 4765 comitatu
730 4704 813 4766 de
882 4705 1073 4781 Gora,
1140 4724 1330 4785 super
1397 4708 1578 4767 terris
1644 4707 1925 4784 ipsorum
1996 4723 2108 4783 per
2177 4703 2444 4763 eosdem
2492 4710 2638 4780 post
2707 4700 3056 4761 discessum

368 4834 613 4897 quoque
657 4818 1067 4879 Tartarorum
1119 4839 1205 4880 ex
1250 4819 1374 4879 hoc
1419 4838 1620 4901 regno
1666 4820 1857 4878 tentis
1903 4828 1968 4879 et
2013 4817 2321 4896 possessis
2368 4816 2448 4877 de
2495 4832 2668 4875 anno
2721 4814 2907 4877 1256.

526 5011 711 5086 Feje'r
762 5012 905 5069 Cod.
956 5008 1107 5088 dipl.
1172 5014 1383 5086 Hung.
1450 5014 1495 5069 I
1500 5014 1561 5071 V.
1626 5014 1680 5069 2.
1746 5012 1876 5069 413.
1945 5012 2064 5081 (Po
2125 5008 2447 5079 orzjqinalu
2506 5028 2546 5063 u
2606 5006 3059 5077 ostrogonskom

369 5114 626 5175 arkizw).
674 5148 759 5157 —
808 5110 1197 5193 Kukuljevic'
1236 5118 1386 5191 Reg.
1436 5137 1533 5175 no,
1588 5118 1727 5175 722.
