3797 5795
1894 405 2262 468 „24—

1984 661 2176 741 557.

723 816 924 894 1256,
969 814 1159 898 prije
1207 816 1313 879 13.
1364 812 1695 880 oktobra.

724 1005 895 1067 Bela
964 1003 1155 1088 kralj
1218 1001 1507 1088 ugarski
1562 1001 1597 1064 z·
1653 1000 1970 1064 krvatski
2032 998 2330 1062 z'znovz‘ce
2391 998 2790 1083 potvrdjuje
2857 1000 3068 1061 knezu
3142 999 3226 1060 H
3225 997 3423 1060 adim

1195 1114 1537 1180 darovam'
1578 1137 1693 1178 mu
1733 1114 1979 1198 possed
2039 1111 2285 1175 Vz'skuz
2334 1133 2380 1174 u
2435 1111 2942 1196 Adedjumurju.

897 1309 1048 1370 Bela
1094 1309 1193 1369 dei
1242 1310 1451 1390 gracie
1501 1308 1800 1388 Vngarie,
1846 1305 2196 1380 Dalmacie,
2246 1303 2528 1378 Croacie,
2589 1306 2812 1378 Kame,
2857 1305 3095 1377 Serme,
3143 1303 3428 1372 Gallicie‚

725 1422 1134 1496 Lodomerie‚
1202 1419 1643 1500 Cumanieque
1705 1439 1817 1480 rex
1864 1420 2166 1480 omnibus
2213 1417 2440 1481 Christi
2494 1417 2788 1478 fidelibus
2851 1429 2980 1478 tam
3029 1417 3430 1496 presentibus

726 1555 919 1614 quam
965 1535 1186 1595 futuris
1230 1543 1595 1614 presentem
1644 1535 1946 1614 paginam
2016 1534 2392 1610 inspecturis
2461 1529 2731 1591 salutem
2780 1533 2842 1590 in
2890 1533 3182 1590 omnium
3227 1529 3431 1590 salua-

724 1660 877 1709 tore.
947 1647 1156 1710 Officii
1220 1650 1416 1708 nostri
1481 1647 1768 1707 debitum
1831 1644 2128 1706 remediis
2196 1644 2479 1726 inuigilat
2543 1645 2993 1717 subiectorum,
3062 1647 3207 1724 quia
3270 1643 3426 1704 dum

723 1761 1139 1821 concedimus
1186 1760 1364 1839 quod
1397 1759 1741 1838 postulant,
1788 1759 1944 1819 dum
1979 1758 2436 1819 confirmamus
2469 1757 2646 1836 quod
2687 1757 2982 1816 obtinent
3013 1768 3076 1817 et
3109 1759 3430 1816 tramitem

723 1892 1049 1936 seruamus
1096 1875 1407 1952 equitatiS‚
1452 1884 1515 1933 et
1562 1875 1626 1932 in
1672 1874 2204 1954 augmentacione
2251 1890 2364 1930 seu
2397 1872 2895 1930 conseruacione
2942 1871 3163 1930 iurium
3223 1871 3433 1949 quies-

723 1990 924 2047 cimus
969 1986 1341 2046 eorundem.
1394 1985 1665 2046 Proinde
1726 1986 1809 2045 ad
1854 1987 2294 2046 vniuersorum
2358 1985 2660 2044 noticiam
2718 1983 3018 2043 uolumus
3081 1985 3434 2062 peruenire,

724 2099 901 2176 quod
949 2117 1097 2159 cum
1144 2099 1227 2158 de
1276 2099 1541 2158 consilio
1604 2099 1921 2158 baronum
1987 2108 2370 2167 nostrorum,
2437 2105 2583 2174 post
2645 2115 2962 2156 recessum
3011 2096 3430 2157 Tartarorurn

722 2220 917 2272 terras
964 2230 1076 2271 seu
1122 2212 1243 2272 alia
1290 2213 1421 2272 iura
1468 2231 1505 2272 a
1550 2222 1759 2272 castro
1822 2230 1937 2289 per
1998 2212 2369 2290 quempiam
2431 2209 2714 2269 indebite
2780 2220 3090 2287 occupata
3155 2210 3258 2270 uel
3321 2209 3436 2270 de-

724 2335 919 2398 tenta,
962 2344 1076 2404 per
1122 2334 1330 2385 totum
1377 2343 1646 2406 regnum
1693 2334 1982 2385 nostrum
2015 2322 2302 2384 diuersos
2343 2323 2583 2383 iudices
2629 2322 3099 2396 constituend0‚
3147 2341 3440 2382 reuocari

724 2448 789 2497 et
835 2447 1043 2498 castro
1091 2439 1332 2498 restitui
1395 2437 1764 2498 faceremus
1835 2437 2004 2496 Inter
2072 2445 2284 2497 cetera
2344 2435 2580 2496 factum
2639 2445 2948 2495 terrarum
2994 2436 3275 2495 totaliter
3319 2455 3440 2514 per

724 2551 1033 2611 banatum
1096 2551 1257 2610 ultra
1321 2550 1623 2610 Drawam
1700 2552 2144 2620 existencium⁴
2183 2560 2246 2609 et
2325 2549 2680 2626 specialiter
2741 2547 3050 2608 factorum
3119 2558 3431 2608 terrarum

726 2666 907 2724 castri
966 2663 1359 2745 Simigiensis
1425 2662 1665 2724 ibidem
1726 2664 1888 2724 ultra
1957 2662 2258 2724 Drawam
2322 2663 2760 2734 existencium,
2826 2661 3060 2721 dilecto
3132 2671 3194 2722 et
3263 2660 3436 2722 fideli

727 2788 945 2837 nostro
1015 2775 1345 2855 Stephano
1415 2777 1588 2838 bano
1657 2779 1860 2838 tocius
1929 2774 2270 2837 Sclauonie
2340 2785 2404 2835 et
2471 2777 2809 2852 capitaneo
2877 2775 3064 2836 Stirie
3134 2775 3443 2834 duximus

724 2879 1282 2951 committendum.
1331 2888 1453 2969 Qui
1504 2889 1811 2951 mandato
1844 2910 1881 2950 a
1915 2889 2101 2950 nobis
2147 2889 2261 2949 sibi
2309 2888 2544 2949 tradito
2591 2888 2846 2967 speciali
2892 2886 3006 2948 hiis
3052 2887 3224 2966 apud
3272 2907 3442 2966 quos

722 3006 893 3081 ipsas
938 3016 1135 3064 terras
1180 3006 1365 3064 castri
1413 3024 1498 3064 ex
1543 3013 1759 3063 nostra
1806 3003 2160 3064 collacione
2205 3005 2435 3081 reperit
2481 3001 2807 3080 possideri,
2853 3003 3196 3061 terminum
3243 3003 3442 3082 assig-

722 3119 898 3177 nauit
949 3128 1429 3195 competentem
1479 3135 1697 3176 coram
1745 3117 1933 3177 nobis
1979 3116 2394 3194 comparendi
2443 3126 2507 3175 et
2561 3134 2674 3176 sua
2719 3114 3047 3196 priuilegia
3095 3115 3438 3175 statuendi.

725 3226 875 3306 Quo
938 3231 1341 3304 adueniente‚
1402 3232 1564 3290 inter
1625 3230 1782 3290 alios
1844 3248 2065 3290 comes
2129 3229 2390 3289 Hudina
2451 3227 2654 3289 fidelis
2724 3237 2940 3287 noster
2997 3227 3081 3287 ad
3145 3237 3432 3288 nostram

722 3344 1097 3403 accedendo
1144 3345 1541 3421 presenciam
1590 3362 1777 3421 super
1810 3341 2092 3414 Wizkuz‚
2133 3361 2326 3421 quem
2359 3362 2396 3401 a
2429 3354 2637 3401 castro
2669 3340 3028 3421 Simigiensi
3064 3341 3438 3416 eximendO,

721 3454 842 3514 sibi
888 3476 1003 3534 pro
1050 3458 1327 3518 seruiciis
1373 3458 1500 3516 suis
1546 3455 2037 3524 contuleramus
2085 3466 2374 3515 nostrum
2407 3456 2806 3535 priuilegium
2854 3454 2975 3513 sub
3022 3472 3212 3514 aurea
3259 3453 3436 3514 bulla

718 3572 1129 3643 presentauit‚
1196 3570 1535 3630 continens
1582 3569 1750 3629 hunc
1797 3579 2120 3628 tenorem:
2179 3570 2303 3639 (Gl.
2351 3570 2570 3625 listz‘nu
2616 3570 2702 3626 oa'
2741 3572 2839 3623 26.
2891 3588 2930 3623 α,
2975 3589 3023 3625 r.
3073 3570 3242 3623 1245.
3307 3570 3431 3626 Vol.

721 3680 834 3741 [Γ.
870 3695 977 3760 pg.
1018 3688 1167 3739 274.
1218 3704 1409 3758 ovoga
1453 3683 1773 3749 zborm'kas
1840 3681 2136 3759 Inspecto
2200 3682 2384 3761 igitur
2436 3680 2767 3761 priuilegio
2837 3690 3075 3752 nostre,
3123 3679 3300 3757 quod
3349 3680 3434 3739 de

719 3796 925 3855 uerbo
972 3796 1055 3855 ad
1103 3798 1371 3857 uerbum
1418 3795 1818 3874 presentibus
1852 3796 2035 3855 inseri
2070 3795 2353 3866 fecimuS,
2400 3792 2767 3853 collacionis
2799 3802 3015 3853 nostre
3049 3793 3132 3852 ad
3165 3791 3429 3871 plenum

720 3924 1063 3983 memoreS,
1093 3927 1167 3969 ac
1198 3910 1531 3969 seruicium
1583 3928 1707 3987 que
1754 3910 1940 3968 nobis
1987 3908 2160 3969 idem
2201 3926 2422 3969 comes
2457 3906 2716 3967 Hudina
2749 3905 3036 3967 exhibuit
3068 3905 3151 3965 ad
3184 3925 3432 3966 memo-

718 4020 879 4081 riam
928 4032 1316 4095 revocanteS‚
1362 4020 1637 4082 eandem
1686 4033 1918 4081 terram
1973 4020 2258 4099 Wyzkuz
2321 4022 2496 4079 iuxta
2553 4020 3094 4099 supplicacionem
3141 4017 3428 4079 eiusdem

718 4132 839 4193 sibi
888 4147 952 4195 et
999 4154 1112 4213 per
1157 4153 1306 4195 eum
1353 4136 1481 4194 suis
1526 4133 1864 4195 heredibus
1911 4134 2348 4213 heredumque
2411 4134 2879 4193 successoribus
2940 4141 3252 4211 perpetuo
3315 4131 3431 4192 du-

716 4246 935 4307 ximus
973 4248 1477 4327 relinquendam,
1524 4249 1901 4307 innovantes
1940 4246 2341 4327 priuilegium
2374 4257 2659 4307 nostrum
2695 4258 2757 4306 et
2789 4248 2990 4306 eciam
3025 4246 3430 4324 presentibus

715 4358 1195 4421 confirmantes.
1246 4361 1315 4420 In
1363 4364 1539 4421 cuius
1584 4362 1670 4421 rei
1718 4363 2093 4421 memoriam
2145 4371 2208 4419 et
2260 4374 2635 4438 perpetuam
2684 4358 3050 4418 firmitatem
3097 4369 3429 4436 presentes

714 4468 1021 4538 dedimus
1083 4476 1292 4536 literas
1355 4475 1669 4553 dupplicis
1712 4473 1890 4555 sigilli
1940 4474 2136 4534 nostri
2193 4474 2544 4533 munimine
2597 4473 2944 4532 roboratas.
3008 4470 3248 4531 Datum
3313 4490 3429 4549 per

713 4601 951 4650 manus
999 4590 1209 4650 dilecti
1256 4598 1321 4649 et
1368 4587 1570 4649 fidelis
1617 4588 1811 4646 nostri
1858 4588 2140 4668 magistri
2186 4585 2517 4666 Smaragdi
2566 4584 2869 4645 Albensis
2914 4584 3235 4662 prepositi,
3281 4584 3427 4644 aule

712 4714 938 4764 nostre
1000 4701 1510 4763 vicecancellarii.
1588 4697 1784 4760 Anno
1864 4700 2108 4760 domini
2187 4698 2524 4758 millesimo
2600 4697 3039 4757 ducentesimo
3117 4699 3429 4776 quinqua-

712 4815 965 4891 gesimo
1013 4828 1217 4884 sexto,
1264 4817 1433 4895 regni
1484 4824 1700 4873 autem
1748 4816 1940 4873 nostri
1991 4832 2164 4872 anno
2213 4814 2512 4871 vicesimo
2559 4812 2784 4888 primo,

896 5006 1087 5063 Liber
1122 5007 1408 5083 privileg.
1461 5007 1715 5081 episcop.
1767 5004 2031 5079 Zagrab.
2085 5004 2209 5060 list.
2262 5008 2353 5062 57.
2407 5038 2480 5044 —
2544 5002 2795 5060 Tkalc'z'c'
2835 5004 3108 5060 sllonum.
3161 5003 3420 5078 episcop.

721 5108 986 5182 Zagrab.
1041 5112 1088 5168 I.
1140 5114 1471 5166 11:2.—113.
1522 5145 1607 5151 —
1654 5110 2030 5183 Kukuljevic‘
2067 5109 2217 5180 Reg.
2265 5107 2352 5163 br.
2410 5110 2545 5163 723.
