3797 5795
1805 384 2219 447 —152—

655 575 983 648 iusticiam‚
1054 593 1178 653 que
1247 574 1416 635 sedis
1484 574 1618 635 eius
1685 586 1780 634 est
1847 576 2187 648 correcci0,
2257 594 2338 634 ne
2400 574 2657 655 regibus
2718 576 2781 633 in
2830 574 2961 633 iure
3014 582 3079 633 et
3127 574 3374 634 iusticia

656 685 1096 747 deficientibus
1141 686 1324 748 facile
1373 688 1655 748 trahatur
1699 688 1784 747 ab
1829 688 1967 748 aliis
2012 689 2441 766 perniciosum
2498 687 2891 766 exemplum.
2962 687 3234 747 Proinde
3278 684 3370 745 ad

656 800 1094 861 universorum
1159 802 1460 860 noticiam
1529 800 1750 861 harum
1813 802 1974 861 serie
2034 800 2450 875 declaramuS,
2514 800 2693 881 quod
2740 800 3007 861 dilectus
3054 810 3119 859 et
3158 798 3373 859 fidelis

657 921 874 973 noster
919 912 1264 973 Hoholdus
1309 932 1422 973 sua
1469 914 1655 973 nobis
1700 916 2164 992 conquestione
2195 914 2676 987 demonstravit,
2708 924 2776 973 ut
2808 912 3116 993 quasdam
3166 922 3371 972 terras

658 1043 803 1085 suas
849 1027 1152 1103 empticio
1199 1036 1602 1105 comparatas
1669 1037 1852 1105 pater
1906 1037 2123 1087 noster
2170 1026 2422 1087 illustris
2462 1026 2615 1088 Bela
2678 1046 2793 1087 rex
2844 1024 3375 1087 oblocucionibus

657 1139 1054 1199 inimicorum
1103 1156 1364 1199 suorum
1411 1138 1662 1199 fecisset
1709 1139 1957 1213 auferri,
2004 1139 2177 1200 nullo
2224 1158 2485 1219 prorsus
2531 1140 2678 1200 iuris
2724 1139 2948 1199 ordine
2994 1140 3369 1208 observatoi,

655 1269 845 1329 super
905 1252 1134 1330 quibus
1195 1254 1398 1312 eciam
1463 1253 1634 1312 idem
1697 1253 1883 1313 nobis
1948 1253 2237 1313 exhibuit
2283 1253 2677 1334 privilegium
2728 1250 2999 1313 Andree'
3048 1254 3211 1333 regis
3264 1253 3364 1311 avi

659 1365 853 1423 nostri
917 1364 1128 1424 inclite
1190 1365 1660 1426 recordacionis
1721 1378 1784 1425 et
1850 1368 2078 1426 iterum
2144 1365 2316 1426 aliud
2378 1365 2773 1447 privilegium
2823 1366 3120 1426 carissimi
3166 1366 3371 1443 patris

657 1478 855 1537 nostri
899 1496 1089 1556 super
1131 1477 1629 1539 confirmacione
1674 1480 1898 1558 prioris
1943 1479 2246 1560 privilegii
2300 1479 2687 1553 confectum,
2731 1481 2794 1538 in
2844 1477 3071 1555 quibus
3110 1477 3366 1556 plenius

658 1590 1120 1665 continebatur,
1151 1591 1328 1671 quod
1361 1592 1680 1671 predictas
1711 1606 1909 1653 terras
1939 1612 2161 1662 comes
2202 1592 2549 1653 Hoholdus
2596 1593 2765 1652 bone
2810 1592 3134 1665 memorie,
3176 1602 3369 1670 pater

657 1702 920 1780 predicti
971 1706 1252 1785 magistri
1303 1704 1613 1783 Hoholdy
1660 1707 1827 1766 iusto
1874 1705 2059 1766 titulo
2105 1707 2463 1784 empcionis
2528 1716 2922 1784 conpararat.
2998 1704 3131 1764 Nos
3177 1706 3371 1785 igitur

655 1825 878 1875 tenore
925 1817 1356 1894 predictorum
1405 1817 1877 1899 privilegiorum
1926 1818 2303 1899 diligencius
2356 1820 2647 1897 inspecto
2695 1830 2760 1879 et
2807 1819 2953 1896 quia
3000 1837 3115 1896 per
3160 1816 3371 1877 solici-

656 1928 944 1989 tudinem
995 1941 1209 1991 nostre
1240 1932 1630 1992 excellencie
1662 1933 2005 2011 unicuique
2038 1934 2132 1992 ius
2162 1950 2347 1993 suum
2390 1942 2722 1993 teneamur
2768 1932 3120 2003 observare,
3166 1940 3371 1989 terras

659 2040 903 2102 ablatas
951 2062 1077 2122 que
1131 2044 1226 2105 his
1255 2046 1702 2123 exprimuntur
1759 2045 2115 2106 vocabulis:
2162 2044 2452 2123 Radych,
2496 2044 2709 2105 villam
2758 2042 2898 2107 Cun
2946 2043 3119 2123 apud
3164 2042 3373 2102 eccle-

657 2158 814 2216 siam
877 2160 1076 2218 sancti
1129 2157 1472 2236 Lamperti,
1535 2156 1748 2218 villam
1813 2156 2059 2236 Wlkoy
2121 2158 2329 2219 eidem
2396 2160 2699 2239 magistro
2774 2156 3083 2218 Hoholdo
3130 2166 3193 2215 et
3238 2158 3373 2215 suis

657 2268 998 2330 heredibus
1043 2270 1440 2331 decrevimus
1488 2270 1941 2349 perpetualiter
1972 2270 2396 2331 restituendas
2441 2270 2865 2343 attendente5‚
2898 2268 3073 2348 quod
3104 2278 3373 2348 propter

657 2384 850 2460 ipsius
895 2385 1154 2444 servicia
1202 2385 1458 2457 eximia,
1505 2402 1630 2461 que
1691 2386 1754 2443 in
1817 2384 2064 2444 fervore
2124 2383 2447 2445 fidelitatis
2506 2386 2832 2443 carissimo
2876 2384 3159 2461 primum
3204 2382 3370 2460 patri

658 2504 879 2554 nostro
941 2507 1003 2555 ct
1066 2506 1290 2574 postea
1352 2498 1538 2557 nobis
1599 2497 2031 2557 indesinenter
2094 2497 2403 2571 exhibuit,
2464 2498 2901 2575 possessiones
2962 2497 3185 2574 pocius
3220 2490 3363 2553 'sibi

657 2609 781 2667 sint
843 2609 1250 2683 conferende‚
1312 2628 1506 2688 quam
1568 2611 1651 2669 ab
1723 2611 1862 2688 ipso
1924 2609 2301 2683 auferende3
2369 2609 2873 2669 transmittentes
2935 2626 3081 2668 cum
3133 2606 3367 2667 eodem

657 2723 1030 2803 magistrum
1081 2722 1494 2783 Benedictum
1563 2723 1706 2783 aule
1767 2718 1985 2783 nostre
2032 2723 2643 2784 vice-cancellarium
2694 2700 3235 2800 archydiaconum
3284 2719 3369 2779 de

665 2834 878 2910 Wlko,
946 2837 1052 2911 qui
1123 2855 1405 2896 reversus
1475 2837 1662 2896 nobis
1730 2834 1959 2908 retulit,
2019 2836 2198 2916 quod
2256 2837 2739 2915 prenominatas
2807 2834 2986 2894 villas
3046 2846 3107 2894 et
3156 2842 3365 2892 totam

658 2958 890 3009 terram
938 2949 1020 3009 de
1071 2952 1254 3009 metis
1299 2951 1382 3009 ad
1431 2960 1637 3010 metas
1701 2951 1876 3010 iuxta
1926 2961 2219 3010 tenorem
2268 2949 2585 3010 dictorum
2635 2948 3108 3029 privilegiorum
3156 2945 3367 3006 eidem

660 3064 996 3122 statuisset.
1049 3063 1134 3124 Ut
1165 3064 1349 3143 igitur
1383 3062 1748 3122 huiusmodi
1795 3067 1986 3123 series
2018 3071 2083 3123 et
2126 3081 2461 3142 processus
2507 3073 2715 3123 ratum
2764 3080 2840 3121 ac
2886 3059 3112 3120 stabile
3158 3077 3369 3137 perse-

657 3185 848 3245 veret,
895 3194 1012 3235 nec
1058 3194 1360 3253 processu
1394 3185 1760 3254 temporum
1801 3195 1917 3254 per
1962 3178 2331 3256 quempiam
2366 3178 2429 3234 in
2462 3177 2703 3235 irritum
2736 3176 2939 3253 possit
2983 3172 3084 3233 vel
3134 3172 3367 3232 debeat

655 3290 993 3360 retractari,
1041 3297 1368 3366 presentes
1415 3288 1626 3348 eidem
1672 3289 2109 3349 concessimus
2155 3289 2395 3349 litteras
2443 3287 2711 3367 duplicis
2756 3287 2938 3367 sigilli
2984 3287 3185 3345 nostri
3234 3305 3367 3345 mu-

662 3401 900 3460 nimine
945 3400 1370 3461 confirmatas
1435 3401 1678 3463 Datum
1740 3422 1853 3481 per
1919 3421 2147 3462 manus
2209 3404 2487 3482 magistri
2554 3400 2899 3474 Benedicti,
2946 3398 3089 3459 aule
3152 3409 3367 3459 nostre

657 3513 1175 3573 vice-cancellarii
1209 3514 1656 3591 archydiaconi
1691 3516 1774 3575 de
1807 3513 2025 3588 W‘1k0‚
2060 3515 2269 3575 dilecti
2304 3525 2367 3574 et
2399 3513 2604 3574 fidelis
2636 3515 2851 3581 nostri,
2899 3531 3071 3571 anno
3122 3511 3364 3572 domini

661 3622 764 3684 ΜΟ
809 3625 1250 3686 ducentesimo
1301 3629 1834 3708 quinquagesimo
1883 3647 2081 3690 nono,

836 3836 902 3893 [ε
954 3839 1211 3912 potz’rde
1254 3837 1463 3913 kralja
1509 3838 1716 3895 Karla
1761 3837 2031 3894 Robcrta
2078 3839 2164 3894 od
2204 3838 2336 3910 god.
2388 3839 2554 3891 1335.
2613 3841 2664 3892 6.
2697 3835 2849 3910 jula
2890 3835 3252 3910 potvrafficne
3288 3843 3367 3909 po

659 3939 867 4015 kralju
913 3941 1246 4015 lfjudevitu
1293 3945 1466 3999 1347.
1520 3946 1572 4000 6.
1598 3943 1768 4018 jula.
1831 3942 2129 4016 Orzginal
2156 3943 2407 4018 potonje
2450 3943 2704 4016 potvrde
2751 3960 2791 3998 u
2836 3939 2926 3996 kr.
2993 3959 3172 4012 ugar.
3239 3939 3362 3994 dra.

661 4043 884 4100 arkivu
953 4065 993 4100 u
1063 4045 1372 4102 Budimu:
1439 4047 1526 4103 M,
1589 4047 1656 4104 O.
1703 4047 1783 4103 D.
1835 4045 1905 4102 L.
1955 4067 2052 4105 no,
2105 4049 2244 4103 497.
2312 4043 2540 4124 (Stara
2610 4047 2773 4119 sign.
2824 4045 2907 4102 N.
2958 4045 3032 4100 R.
3085 4044 3157 4100 Α.
3188 4046 3367 4120 fasc.

667 4151 787 4204 581.
838 4169 932 4206 no.
988 4151 1112 4214 28).

853 4255 1096 4311 {Venzel
1143 4255 1284 4312 Cod.
1337 4255 1482 4330 dipl.
1529 4255 1760 4330 Arpad.
1807 4257 1920 4312 vol.
1988 4255 2116 4313 VII.
2157 4257 2510 4310 506—507.
