3797 5795
1516 423 1577 430 -.-
1629 386 1705 450 61
1778 424 1851 431 -,

1568 697 1761 777 582.

338 873 537 951 1257,
581 872 687 936 28.
731 873 997 935 marta..

336 1061 511 1123 Bela
542 1060 719 1144 kralj
758 1060 1048 1144 ugarski
1087 1059 1120 1122 ι’
1156 1060 1474 1123 hrvalskz'
1498 1060 1744 1145 dajuc‘i
1771 1060 2164 1147 pregledatz‘
2191 1060 2423 1145 zemlje
2461 1061 2710 1146 poslt'je
2750 1063 3023 1146 prevale

344 1175 592 1236 Tatara
638 1195 684 1235 u
720 1173 1119 1258 gareffm'c‘ko
1105 1175 1159 1259 j
1210 1172 1545 1258 §upamjd
1604 1173 2003 1258 potvrdjuje
2056 1173 2331 1258 perfecie
2392 1172 2732 1236 sz'novz'ma
2778 1175 3023 1237 Draz‘e.

508 1366 651 1428 Bela
696 1366 797 1427 dei
843 1369 1052 1448 gracia
1099 1366 1444 1450 Hungarie‚
1490 1366 1825 1440 Dalmatie‚
1874 1365 2146 1436 Croatie‚
2197 1367 2418 1439 Rame‚
2451 1365 2688 1439 Serme,
2737 1364 3021 1440 Gallicie‚

338 1479 731 1551 Lodomerie‚
778 1477 1217 1558 Cumanieque
1281 1499 1395 1540 rex
1442 1481 1741 1541 omnibus
1802 1499 2066 1558 presens
2125 1481 2432 1558 scripturn
2494 1482 2869 1558 inspecturis
2913 1499 3008 1539 sa-

335 1592 525 1653 lutem
591 1593 653 1651 in
723 1591 989 1652 domino
1058 1595 1529 1670 sempiternam.
1600 1591 1810 1654 Officii
1884 1593 2077 1652 nostri
2149 1591 2440 1651 debitum
2503 1610 2621 1651 nos
2690 1603 3021 1652 ammonet

336 1704 647 1786 invigilare
692 1704 985 1764 remediis
1030 1705 1450 1779 subditorum,
1512 1706 1619 1782 qui
1665 1705 1819 1764 dum
1868 1723 2092 1765 eorum
2153 1707 2515 1764 excutimus
2560 1704 2818 1778 honera,
2867 1705 3020 1764 dum

336 1817 625 1877 scandala
672 1836 1093 1890 remouemu5‚
1140 1837 1258 1878 nos
1307 1820 1367 1878 in
1415 1821 1701 1896 ipsorum
1745 1818 1960 1895 quiete
2007 1819 2388 1892 quiescimus
2450 1829 2513 1877 et
2575 1819 2748 1895 pacis
2795 1837 3021 1877 eorum

336 1930 679 1989 commodo
738 1931 1144 2012 gratulamur.
1214 1931 1489 1991 Proinde
1547 1930 1632 1990 ad
1694 1932 2134 1991 uniuersorum
2203 1932 2505 1990 noticiam
2573 1930 2794 1990 harum
2865 1933 3024 1992 serie

338 2043 619 2103 volumus
680 2045 1027 2121 peruenire,
1087 2042 1262 2122 quod
1308 2063 1453 2104 cum
1504 2053 1649 2122 post
1693 2062 2012 2104 recessum
2081 2044 2492 2105 Tartarorum
2557 2043 2640 2103 ad
2703 2044 3017 2121 quoslibet

337 2158 666 2216 comitatus
709 2176 825 2235 pro
872 2156 1247 2217 reuocandis
1309 2157 1546 2217 iuribus
1605 2159 1787 2217 castri
1849 2157 2134 2217 indebite
2197 2159 2539 2235 occupatis
2601 2157 2886 2217 diuersos
2932 2160 3020 2218 iu-

340 2268 503 2329 dices
544 2271 942 2340 misissemu5‚
998 2271 1159 2329 inter
1213 2281 1423 2330 cetera
1460 2270 1543 2330 ad
1585 2273 1962 2330 comitatum
2026 2269 2108 2330 de
2153 2268 2522 2329 Gerzenche
2571 2269 2829 2330 fidelem
2879 2289 3022 2330 nos-

340 2393 493 2441 trum
558 2385 926 2463 magistrum
998 2381 1173 2445 Chae
1232 2382 1569 2443 ensiferum
1634 2383 1936 2444 duximus
1983 2382 2563 2456 transmittendum,
2611 2382 2837 2443 dantes
2899 2383 3015 2442 sibi

336 2498 391 2554 in
438 2495 769 2567 mandatis
814 2505 880 2554 ut
928 2507 991 2555 et
1038 2507 1235 2556 terras
1279 2515 1354 2556 ac
1400 2497 1519 2556 alia
1566 2498 1697 2556 iura
1742 2498 1924 2556 castri
1993 2497 2324 2555 memorati
2375 2495 2656 2556 indebite
2704 2507 3017 2575 occupata

334 2617 648 2667 reuocaret
694 2623 759 2668 et
804 2609 1215 2689 iobagionum
1265 2611 1449 2669 castri
1498 2620 1710 2676 terras,
1756 2628 1946 2686 super
1994 2609 2224 2683 quibus
2271 2627 2400 2668 non
2451 2621 2546 2669 est
2579 2611 2908 2670 contentio
2955 2621 3017 2669 et

337 2740 483 2798 quas
525 2741 561 2781 a
608 2731 815 2782 castro
862 2721 1169 2782 hactenus
1216 2722 1480 2800 pacifice
1526 2732 1881 2796 tenuerunt,
1929 2742 1964 2781 a
2013 2723 2189 2782 terris
2253 2723 2669 2783 castrensium
2728 2724 3020 2783 reambu-

337 2835 481 2895 laret
526 2845 587 2895 et
634 2836 875 2895 eisdem
924 2835 1370 2919 iobagionibus
1416 2837 1601 2896 castri
1652 2854 1852 2895 nouas
1903 2845 2120 2909 metaS,
2167 2836 2344 2895 iuxta
2390 2847 2640 2895 ueteres
2685 2834 3019 2906 eleuandQ

338 2968 411 3009 ne
454 2949 532 3009 de
578 2960 791 3009 cetero
840 2950 1088 3027 questio
1138 2952 1375 3010 moueri
1426 2959 1643 3027 posset
1686 2949 2088 3027 aliquatenus
2136 2949 2217 3008 de
2279 2948 2540 3009 eisdem.
2613 2948 2810 3029 Igitur
2855 2952 3014 3009 sicut

340 3062 495 3121 idem
544 3064 841 3143 magister
890 3059 1063 3125 Chae
1107 3073 1254 3142 post
1302 3062 1418 3122 hec
1464 3062 1547 3122 ad
1596 3082 1713 3123 nos
1756 3064 2008 3123 rediens
2054 3062 2296 3122 retulit:
2351 3072 2548 3122 terras
2611 3060 2910 3124 Gradista
2958 3076 3020 3122 et

342 3174 555 3235 Tehno
616 3188 879 3235 uocatas
945 3177 1187 3235 inuenit
1254 3194 1367 3255 per
1426 3175 1767 3248 Thomam,
1836 3175 2239 3237 Desiderium
2304 3185 2366 3235 et
2429 3174 2794 3253 Ysumpnit.
2857 3174 3018 3236 filios

340 3286 530 3348 Draso
576 3288 949 3368 iobagiones
1009 3288 1155 3347 dicti
1219 3288 1403 3347 castri
1450 3287 1535 3347 ab
1579 3290 1843 3367 antiquo
1887 3287 2150 3366 pacifice
2211 3288 2536 3366 possideri,
2603 3306 2796 3365 super
2861 3306 3020 3367 quas

339 3410 511 3477 prout
556 3420 592 3460 a
642 3401 826 3459 nobis
874 3400 1247 3460 mandatum
1296 3400 1619 3473 habuerat,
1683 3419 1884 3461 nouas
1947 3411 2151 3461 metas
2211 3401 2361 3461 fecit
2407 3400 2636 3460 eleuari
2686 3401 2862 3461 iuxta
2911 3420 3015 3462 ue-

340 3526 503 3572 teres.
552 3512 840 3590 Quarum
883 3516 1082 3573 eciam
1134 3522 1320 3585 mete,
1364 3525 1553 3591 prout
1614 3513 1784 3573 idem
1832 3516 2131 3594 magister
2179 3512 2352 3576 Chae
2401 3514 2522 3573 sub
2565 3513 2770 3595 sigillo
2821 3512 3016 3578 Chas-

341 3628 557 3685 mensis
617 3626 873 3703 capituli
944 3626 1127 3685 nobis
1183 3627 1245 3685 in
1307 3626 1553 3704 scriptis
1610 3628 2014 3703 presentauit,
2084 3625 2206 3686 hoc
2283 3626 2507 3686 ordine
2569 3627 3017 3708 distinguntur.

342 3737 530 3797 Prima
576 3747 748 3798 meta
796 3740 1011 3816 incipit
1058 3738 1177 3797 sub
1222 3738 1449 3799 arbore
1495 3737 1634 3798 zilfa
1682 3748 1743 3798 et
1778 3738 1952 3799 uadit
1987 3758 2201 3799 versus
2240 3740 2610 3819 aquilonem
2645 3739 2728 3801 ad
2778 3750 3015 3801 metam

342 3861 612 3925 terream,
657 3849 951 3911 diuidens
995 3862 1229 3911 terram
1275 3870 1420 3911 cum
1467 3853 1703 3911 comite
1754 3851 2148 3925 Wechelin0‚
2214 3852 2362 3913 inde
2408 3872 2522 3931 per
2566 3853 2797 3914 vallem
2845 3853 3020 3914 uadit

342 3963 413 4023 ad
458 3982 755 4042 campum
804 3963 887 4024 ad
938 3975 1174 4023 metam
1245 3972 1534 4037 terream,
1602 3965 1750 4024 inde
1796 3967 1918 4024 itur
1963 3984 2076 4043 per
2123 3965 2313 4026 valles
2359 3976 2422 4025 et
2468 3965 2664 4026 colles
2709 3967 2791 4026 ad
2840 3986 3021 4027 mon-

341 4086 457 4135 tem
503 4078 583 4136 ad
626 4095 928 4157 magnam
977 4080 1143 4137 uiam
1194 4076 1277 4136 ad
1324 4088 1561 4138 metam
1608 4077 1727 4138 sub
1772 4078 1998 4137 arbore
2046 4076 2220 4139 bikfa
2266 4089 2329 4138 et
2375 4097 2488 4157 per
2527 4079 2802 4140 eandem
2850 4082 3019 4141 uiam

343 4189 501 4249 uadit
546 4208 764 4249 uersus
810 4190 1140 4257 orientem.
1187 4190 1335 4250 inde
1382 4190 1713 4251 descendit
1758 4191 1842 4251 ad
1888 4202 2081 4269 caput
2144 4191 2320 4252 riuuli
2389 4194 2496 4270 qui
2557 4204 2824 4254 uocatur
2869 4192 3020 4253 Gol-

340 4302 549 4380 gouch,
616 4303 719 4362 ubi
770 4312 866 4363 est
916 4312 1085 4363 meta
1148 4302 1267 4363 sub
1327 4304 1553 4363 arbore
1614 4304 1788 4377 tulfa,
1859 4306 2012 4364 item
2089 4304 2324 4365 riuulus
2393 4305 2724 4366 descendit
2800 4303 3020 4365 uers'us

344 4415 675 4488 meridiem,
722 4415 1017 4475 diuidens
1083 4426 1316 4476 terram
1386 4434 1531 4476 cum
1603 4417 1777 4495 Vlup
1840 4429 1903 4477 et
1967 4420 2088 4478 itur
2155 4418 2239 4477 ad
2301 4436 2604 4498 magnam
2670 4419 2894 4478 siluam
2958 4430 3020 4477 et

340 4545 684 4603 commune,
743 4529 957 4608 ibique
1024 4531 1413 4590 terminatur.
1483 4528 1646 4590 Item
1704 4532 1910 4608 prima
1974 4542 2144 4591 meta
2208 4542 2372 4592 terre
2431 4529 2686 4592 Thome
2748 4531 3010 4609 predicti

342 4638 553 4701 Tehno
600 4644 881 4715 nomine,
929 4660 1053 4719 que
1084 4643 1356 4721 pertinet
1388 4641 1471 4703 ad
1502 4642 1823 4705 Thomam
1872 4644 2330 4705 tantummodo
2378 4644 2595 4722 incipit
2641 4643 2760 4704 sub
2791 4644 3020 4704 arbore

343 4752 501 4827 tulfa,
544 4754 839 4815 diuidens
885 4765 1115 4825 terram
1172 4774 1319 4816 cum
1382 4756 1818 4827 castrensibus
1887 4756 2038 4817 inde
2098 4777 2212 4837 per
2273 4775 2573 4838 magnam
2624 4756 2852 4817 vallem
2902 4758 3023 4817 itur

342 4870 607 4944 superius
652 4886 871 4928 uersus
916 4870 1228 4928 orientem
1275 4867 1358 4928 ad
1406 4877 1645 4928 metam
1691 4880 1963 4929 terream
2027 4880 2088 4929 et
2152 4870 2302 4930 inde
2348 4870 2675 4930 descendit
2723 4871 2782 4928 in
2831 4868 3018 4929 aliam

342 4978 570 5053 vallem,
619 4981 768 5041 inde
812 4980 897 5041 ad
946 4991 1233 5041 montem
1282 4980 1364 5040 ad
1416 4990 1653 5041 metam
1700 4983 1818 5042 sub
1874 4981 2104 5042 arbore
2164 4981 2338 5041 bikfa
2384 4992 2447 5041 et
2495 4981 2643 5042 inde
2687 4982 3023 5043 descendit

346 5110 545 5153 uersus
588 5094 973 5169 aquilonem,
1020 5097 1209 5154 intrat
1257 5095 1318 5154 in
1366 5094 1637 5154 riuulum
1686 5094 1937 5172 Pribyn‚
2001 5096 2152 5154 item
2212 5094 2450 5155 riuulus
2519 5094 2693 5155 ducit
2737 5096 3025 5169 superius
