<?xml version="1.0" encoding="UTF-8"?>
<!DOCTYPE html PUBLIC "-//W3C//DTD XHTML 1.0 Transitional//EN"
    "http://www.w3.org/TR/xhtml1/DTD/xhtml1-transitional.dtd">
<html xmlns="http://www.w3.org/1999/xhtml" xml:lang="en" lang="en">
 <head>
  <title>
</title>
<meta http-equiv="Content-Type" content="text/html;charset=utf-8" />
  <meta name='ocr-system' content='tesseract 3.04.00' />
  <meta name='ocr-capabilities' content='ocr_page ocr_carea ocr_par ocr_line ocrx_word'/>
</head>
<body>
  <div class='ocr_page' id='page_1' title='image "./codexdiplomatic00umjegoog_0185.png"; bbox 0 0 3797 5795; ppageno 0'>
   <div class='ocr_carea' id='block_1_1' title="bbox 1825 366 2232 429">
    <p class='ocr_par' dir='ltr' id='par_1_1' title="bbox 1825 366 2232 429">
     <span class='ocr_line' id='line_1_1' title="bbox 1825 366 2232 429; baseline 0 0"><span class='ocrx_word' id='word_1_1' title='bbox 1825 366 2232 429; x_wconf 76' lang='lat'><strong>—172—</strong></span> 
     </span>
    </p>
   </div>
   <div class='ocr_carea' id='block_1_2' title="bbox 675 553 3407 2877">
    <p class='ocr_par' dir='ltr' id='par_1_2' title="bbox 675 553 3407 2877">
     <span class='ocr_line' id='line_1_2' title="bbox 680 553 3401 638; baseline -0 -23"><span class='ocrx_word' id='word_1_2' title='bbox 680 572 806 615; x_wconf 87' lang='lat' dir='ltr'>vna</span> <span class='ocrx_word' id='word_1_3' title='bbox 873 573 1032 615; x_wconf 85' lang='lat' dir='ltr'>crux</span> <span class='ocrx_word' id='word_1_4' title='bbox 1097 566 1163 617; x_wconf 89' lang='lat' dir='ltr'>et</span> <span class='ocrx_word' id='word_1_5' title='bbox 1229 575 1420 636; x_wconf 90' lang='lat' dir='ltr'>super</span> <span class='ocrx_word' id='word_1_6' title='bbox 1487 559 1691 638; x_wconf 84' lang='lat' dir='ltr'><strong>ipsam</strong></span> <span class='ocrx_word' id='word_1_7' title='bbox 1752 557 1969 619; x_wconf 88' lang='lat' dir='ltr'>lictere</span> <span class='ocrx_word' id='word_1_8' title='bbox 2031 553 2095 619; x_wconf 90' lang='lat' dir='ltr'>S.</span> <span class='ocrx_word' id='word_1_9' title='bbox 2158 555 2287 619; x_wconf 86' lang='lat' dir='ltr'>PA.</span> <span class='ocrx_word' id='word_1_10' title='bbox 2356 555 2421 620; x_wconf 90' lang='lat' dir='ltr'>S.</span> <span class='ocrx_word' id='word_1_11' title='bbox 2482 556 2605 619; x_wconf 87' lang='lat' dir='ltr'>PE.</span> <span class='ocrx_word' id='word_1_12' title='bbox 2668 565 2735 618; x_wconf 91' lang='lat' dir='ltr'>et</span> <span class='ocrx_word' id='word_1_13' title='bbox 2793 557 2877 618; x_wconf 90' lang='lat' dir='ltr'>ab</span> <span class='ocrx_word' id='word_1_14' title='bbox 2923 555 3123 617; x_wconf 89' lang='lat' dir='ltr'>altera</span> <span class='ocrx_word' id='word_1_15' title='bbox 3172 554 3401 616; x_wconf 89' lang='lat' dir='ltr'>lictere</span> 
     </span>
     <span class='ocr_line' id='line_1_3' title="bbox 679 664 3405 753; baseline 0 -25"><span class='ocrx_word' id='word_1_16' title='bbox 679 664 1056 729; x_wconf 84' lang='lat' dir='ltr'><strong>Alexander</strong></span> <span class='ocrx_word' id='word_1_17' title='bbox 1099 668 1217 731; x_wconf 89' lang='lat' dir='ltr'>PP.</span> <span class='ocrx_word' id='word_1_18' title='bbox 1263 681 1524 750; x_wconf 88' lang='lat' dir='ltr'>quartus</span> <span class='ocrx_word' id='word_1_19' title='bbox 1568 672 1800 745; x_wconf 89' lang='lat' dir='ltr'>inueni,</span> <span class='ocrx_word' id='word_1_20' title='bbox 1845 670 1973 731; x_wconf 89' lang='lat' dir='ltr'>vidi</span> <span class='ocrx_word' id='word_1_21' title='bbox 2019 682 2083 732; x_wconf 90' lang='lat' dir='ltr'>et</span> <span class='ocrx_word' id='word_1_22' title='bbox 2132 670 2254 753; x_wconf 88' lang='lat' dir='ltr'>legi</span> <span class='ocrx_word' id='word_1_23' title='bbox 2299 680 2365 733; x_wconf 90' lang='lat' dir='ltr'>et</span> <span class='ocrx_word' id='word_1_24' title='bbox 2411 670 2493 732; x_wconf 92' lang='lat' dir='ltr'>de</span> <span class='ocrx_word' id='word_1_25' title='bbox 2540 671 2851 733; x_wconf 90' lang='lat' dir='ltr'>mandato</span> <span class='ocrx_word' id='word_1_26' title='bbox 2884 680 2961 747; x_wconf 47' lang='lat' dir='ltr'>‚et</span> <span class='ocrx_word' id='word_1_27' title='bbox 3006 670 3405 731; x_wconf 86' lang='lat' dir='ltr'>auctoritate</span> 
     </span>
     <span class='ocr_line' id='line_1_4' title="bbox 680 780 3403 866; baseline 0.001 -27"><span class='ocrx_word' id='word_1_28' title='bbox 680 780 1014 842; x_wconf 89' lang='lat' dir='ltr'>reuerendi</span> <span class='ocrx_word' id='word_1_29' title='bbox 1059 783 1126 843; x_wconf 90' lang='lat' dir='ltr'>in</span> <span class='ocrx_word' id='word_1_30' title='bbox 1171 780 1425 845; x_wconf 89' lang='lat' dir='ltr'>Christo</span> <span class='ocrx_word' id='word_1_31' title='bbox 1486 787 1682 863; x_wconf 89' lang='lat' dir='ltr'>patris</span> <span class='ocrx_word' id='word_1_32' title='bbox 1741 795 1805 845; x_wconf 90' lang='lat' dir='ltr'>et</span> <span class='ocrx_word' id='word_1_33' title='bbox 1867 784 2112 845; x_wconf 88' lang='lat' dir='ltr'>domini</span> <span class='ocrx_word' id='word_1_34' title='bbox 2181 784 2427 845; x_wconf 87' lang='lat' dir='ltr'>domini</span> <span class='ocrx_word' id='word_1_35' title='bbox 2480 783 2790 866; x_wconf 74' lang='lat' dir='ltr'>johannis</span> <span class='ocrx_word' id='word_1_36' title='bbox 2850 782 2933 843; x_wconf 90' lang='lat' dir='ltr'>de</span> <span class='ocrx_word' id='word_1_37' title='bbox 3001 782 3403 844; x_wconf 87' lang='lat' dir='ltr'>Buthouano</span> 
     </span>
     <span class='ocr_line' id='line_1_5' title="bbox 675 891 3403 976; baseline 0.001 -23"><span class='ocrx_word' id='word_1_38' title='bbox 675 891 996 972; x_wconf 77' lang='lat' dir='ltr'><strong>jadrensis</strong></span> <span class='ocrx_word' id='word_1_39' title='bbox 1039 894 1514 976; x_wconf 88' lang='lat' dir='ltr'>archiepiscopi,</span> <span class='ocrx_word' id='word_1_40' title='bbox 1574 898 1834 976; x_wconf 88' lang='lat' dir='ltr'>sumpsi,</span> <span class='ocrx_word' id='word_1_41' title='bbox 1897 898 2261 976; x_wconf 86' lang='lat' dir='ltr'>transcripsi</span> <span class='ocrx_word' id='word_1_42' title='bbox 2320 907 2384 957; x_wconf 89' lang='lat' dir='ltr'>et</span> <span class='ocrx_word' id='word_1_43' title='bbox 2446 895 2812 975; x_wconf 87' lang='lat' dir='ltr'>exemplavi</span> <span class='ocrx_word' id='word_1_44' title='bbox 2857 894 3147 969; x_wconf 88' lang='lat' dir='ltr'>fideliter,</span> <span class='ocrx_word' id='word_1_45' title='bbox 3195 893 3403 955; x_wconf 88' lang='lat' dir='ltr'>nichil</span> 
     </span>
     <span class='ocr_line' id='line_1_6' title="bbox 681 1005 3399 1087; baseline 0.001 -22"><span class='ocrx_word' id='word_1_46' title='bbox 681 1005 930 1067; x_wconf 87' lang='lat' dir='ltr'>addens</span> <span class='ocrx_word' id='word_1_47' title='bbox 973 1007 1079 1069; x_wconf 92' lang='lat' dir='ltr'>uel</span> <span class='ocrx_word' id='word_1_48' title='bbox 1125 1010 1437 1083; x_wconf 83' lang='lat' dir='ltr'>minuenS,</span> <span class='ocrx_word' id='word_1_49' title='bbox 1497 1010 1675 1087; x_wconf 91' lang='lat' dir='ltr'>quod</span> <span class='ocrx_word' id='word_1_50' title='bbox 1721 1012 2107 1071; x_wconf 86' lang='lat' dir='ltr'>sententiam</span> <span class='ocrx_word' id='word_1_51' title='bbox 2170 1019 2373 1071; x_wconf 88' lang='lat' dir='ltr'>mutet</span> <span class='ocrx_word' id='word_1_52' title='bbox 2419 1009 2523 1069; x_wconf 91' lang='lat' dir='ltr'>uel</span> <span class='ocrx_word' id='word_1_53' title='bbox 2566 1009 2766 1070; x_wconf 84' lang='lat' dir='ltr'>variet</span> <span class='ocrx_word' id='word_1_54' title='bbox 2810 1007 3226 1080; x_wconf 88' lang='lat' dir='ltr'>intellectum,</span> <span class='ocrx_word' id='word_1_55' title='bbox 3275 1007 3399 1067; x_wconf 91' lang='lat' dir='ltr'>nisi</span> 
     </span>
     <span class='ocr_line' id='line_1_7' title="bbox 679 1117 3401 1203; baseline 0 -25"><span class='ocrx_word' id='word_1_56' title='bbox 679 1117 845 1179; x_wconf 89' lang='lat' dir='ltr'>sorte</span> <span class='ocrx_word' id='word_1_57' title='bbox 890 1121 952 1179; x_wconf 91' lang='lat' dir='ltr'>in</span> <span class='ocrx_word' id='word_1_58' title='bbox 1000 1123 1254 1198; x_wconf 87' lang='lat' dir='ltr'>punctis</span> <span class='ocrx_word' id='word_1_59' title='bbox 1297 1122 1398 1183; x_wconf 89' lang='lat' dir='ltr'>vel</span> <span class='ocrx_word' id='word_1_60' title='bbox 1456 1121 1693 1183; x_wconf 86' lang='lat' dir='ltr'>sillabis</span> <span class='ocrx_word' id='word_1_61' title='bbox 1753 1132 1816 1183; x_wconf 93' lang='lat' dir='ltr'>et</span> <span class='ocrx_word' id='word_1_62' title='bbox 1877 1122 1963 1183; x_wconf 92' lang='lat' dir='ltr'>ad</span> <span class='ocrx_word' id='word_1_63' title='bbox 2022 1122 2341 1201; x_wconf 87' lang='lat' dir='ltr'>predictas</span> <span class='ocrx_word' id='word_1_64' title='bbox 2386 1121 2723 1203; x_wconf 86' lang='lat' dir='ltr'>originales</span> <span class='ocrx_word' id='word_1_65' title='bbox 2768 1120 3016 1182; x_wconf 90' lang='lat' dir='ltr'>licteras</span> <span class='ocrx_word' id='word_1_66' title='bbox 3059 1119 3216 1181; x_wconf 91' lang='lat' dir='ltr'>illud</span> <span class='ocrx_word' id='word_1_67' title='bbox 3264 1138 3401 1180; x_wconf 86' lang='lat' dir='ltr'>vna</span> 
     </span>
     <span class='ocr_line' id='line_1_8' title="bbox 679 1232 3403 1312; baseline 0 -19"><span class='ocrx_word' id='word_1_68' title='bbox 679 1248 828 1293; x_wconf 88' lang='lat' dir='ltr'>cum</span> <span class='ocrx_word' id='word_1_69' title='bbox 874 1234 1309 1312; x_wconf 84' lang='lat' dir='ltr'>suprascriptis</span> <span class='ocrx_word' id='word_1_70' title='bbox 1353 1233 1700 1296; x_wconf 91' lang='lat' dir='ltr'>Dominico</span> <span class='ocrx_word' id='word_1_71' title='bbox 1731 1246 1795 1295; x_wconf 90' lang='lat' dir='ltr'>et</span> <span class='ocrx_word' id='word_1_72' title='bbox 1827 1235 2080 1297; x_wconf 89' lang='lat' dir='ltr'>Marino</span> <span class='ocrx_word' id='word_1_73' title='bbox 2126 1237 2386 1297; x_wconf 87' lang='lat' dir='ltr'>notariis</span> <span class='ocrx_word' id='word_1_74' title='bbox 2430 1253 2649 1296; x_wconf 92' lang='lat' dir='ltr'>coram</span> <span class='ocrx_word' id='word_1_75' title='bbox 2681 1234 2857 1295; x_wconf 88' lang='lat' dir='ltr'>dicto</span> <span class='ocrx_word' id='word_1_76' title='bbox 2886 1234 3156 1295; x_wconf 90' lang='lat' dir='ltr'>domino</span> <span class='ocrx_word' id='word_1_77' title='bbox 3186 1232 3403 1295; x_wconf 89' lang='lat' dir='ltr'>archi-</span> 
     </span>
     <span class='ocr_line' id='line_1_9' title="bbox 679 1346 3399 1429; baseline 0 -24"><span class='ocrx_word' id='word_1_78' title='bbox 679 1347 986 1424; x_wconf 90' lang='lat' dir='ltr'>episcopo</span> <span class='ocrx_word' id='word_1_79' title='bbox 1031 1346 1366 1429; x_wconf 85' lang='lat' dir='ltr'>diligenter</span> <span class='ocrx_word' id='word_1_80' title='bbox 1409 1366 1487 1408; x_wconf 88' lang='lat' dir='ltr'>ac</span> <span class='ocrx_word' id='word_1_81' title='bbox 1515 1347 1598 1409; x_wconf 93' lang='lat' dir='ltr'>de</span> <span class='ocrx_word' id='word_1_82' title='bbox 1628 1349 1827 1409; x_wconf 92' lang='lat' dir='ltr'>uerbo</span> <span class='ocrx_word' id='word_1_83' title='bbox 1873 1347 1959 1409; x_wconf 91' lang='lat' dir='ltr'>ad</span> <span class='ocrx_word' id='word_1_84' title='bbox 1998 1348 2269 1411; x_wconf 91' lang='lat' dir='ltr'>uerbum</span> <span class='ocrx_word' id='word_1_85' title='bbox 2314 1348 2663 1409; x_wconf 88' lang='lat' dir='ltr'>auscultaui</span> <span class='ocrx_word' id='word_1_86' title='bbox 2709 1357 2773 1408; x_wconf 91' lang='lat' dir='ltr'>et</span> <span class='ocrx_word' id='word_1_87' title='bbox 2819 1346 3008 1409; x_wconf 89' lang='lat' dir='ltr'>simul</span> <span class='ocrx_word' id='word_1_88' title='bbox 3039 1347 3187 1425; x_wconf 88' lang='lat' dir='ltr'>ipsis</span> <span class='ocrx_word' id='word_1_89' title='bbox 3232 1364 3399 1406; x_wconf 84' lang='lat' dir='ltr'>con-</span> 
     </span>
     <span class='ocr_line' id='line_1_10' title="bbox 680 1457 3400 1543; baseline 0 -24"><span class='ocrx_word' id='word_1_90' title='bbox 680 1458 941 1520; x_wconf 92' lang='lat' dir='ltr'>cordaui</span> <span class='ocrx_word' id='word_1_91' title='bbox 989 1462 1268 1538; x_wconf 76' lang='lat' dir='ltr'>repertiS‚</span> <span class='ocrx_word' id='word_1_92' title='bbox 1313 1470 1380 1521; x_wconf 86' lang='lat' dir='ltr'>vt</span> <span class='ocrx_word' id='word_1_93' title='bbox 1425 1460 1637 1521; x_wconf 88' lang='lat' dir='ltr'>eidem</span> <span class='ocrx_word' id='word_1_94' title='bbox 1667 1460 1975 1539; x_wconf 83' lang='lat' dir='ltr'>exemplo</span> <span class='ocrx_word' id='word_1_95' title='bbox 2005 1461 2199 1522; x_wconf 88' lang='lat' dir='ltr'>uelud</span> <span class='ocrx_word' id='word_1_96' title='bbox 2212 1458 2277 1543; x_wconf 73' lang='lat' dir='ltr'>(l)</span> <span class='ocrx_word' id='word_1_97' title='bbox 2326 1461 2511 1522; x_wconf 90' lang='lat' dir='ltr'>dictis</span> <span class='ocrx_word' id='word_1_98' title='bbox 2556 1459 2967 1542; x_wconf 88' lang='lat' dir='ltr'>originalibus</span> <span class='ocrx_word' id='word_1_99' title='bbox 3000 1458 3159 1520; x_wconf 87' lang='lat' dir='ltr'>fides</span> <span class='ocrx_word' id='word_1_100' title='bbox 3203 1457 3400 1519; x_wconf 89' lang='lat' dir='ltr'>adhi-</span> 
     </span>
     <span class='ocr_line' id='line_1_11' title="bbox 680 1570 3403 1653; baseline 0 -22"><span class='ocrx_word' id='word_1_101' title='bbox 680 1571 921 1644; x_wconf 86' lang='lat' dir='ltr'>beatur,</span> <span class='ocrx_word' id='word_1_102' title='bbox 967 1572 1050 1634; x_wconf 93' lang='lat' dir='ltr'>de</span> <span class='ocrx_word' id='word_1_103' title='bbox 1093 1584 1308 1634; x_wconf 89' lang='lat' dir='ltr'>cetero</span> <span class='ocrx_word' id='word_1_104' title='bbox 1369 1573 1452 1634; x_wconf 93' lang='lat' dir='ltr'>de</span> <span class='ocrx_word' id='word_1_105' title='bbox 1513 1572 1824 1635; x_wconf 88' lang='lat' dir='ltr'>mandato</span> <span class='ocrx_word' id='word_1_106' title='bbox 1871 1573 2021 1635; x_wconf 91' lang='lat' dir='ltr'>dicti</span> <span class='ocrx_word' id='word_1_107' title='bbox 2088 1572 2331 1635; x_wconf 89' lang='lat' dir='ltr'>domini</span> <span class='ocrx_word' id='word_1_108' title='bbox 2391 1574 2870 1653; x_wconf 88' lang='lat' dir='ltr'>archiepiscopi,</span> <span class='ocrx_word' id='word_1_109' title='bbox 2917 1573 3025 1650; x_wconf 91' lang='lat' dir='ltr'>qui</span> <span class='ocrx_word' id='word_1_110' title='bbox 3070 1590 3251 1633; x_wconf 90' lang='lat' dir='ltr'>suam</span> <span class='ocrx_word' id='word_1_111' title='bbox 3303 1570 3403 1631; x_wconf 88' lang='lat' dir='ltr'>ad</span> 
     </span>
     <span class='ocr_line' id='line_1_12' title="bbox 680 1682 3401 1765; baseline 0 -21"><span class='ocrx_word' id='word_1_112' title='bbox 680 1682 798 1745; x_wconf 90' lang='lat' dir='ltr'>hec</span> <span class='ocrx_word' id='word_1_113' title='bbox 843 1687 1286 1746; x_wconf 86' lang='lat' dir='ltr'>auctoritatem</span> <span class='ocrx_word' id='word_1_114' title='bbox 1333 1688 1707 1765; x_wconf 87' lang='lat' dir='ltr'>interposuit</span> <span class='ocrx_word' id='word_1_115' title='bbox 1753 1698 1817 1747; x_wconf 90' lang='lat' dir='ltr'>et</span> <span class='ocrx_word' id='word_1_116' title='bbox 1878 1686 2226 1761; x_wconf 83' lang='lat' dir='ltr'>decretum,</span> <span class='ocrx_word' id='word_1_117' title='bbox 2287 1687 2585 1747; x_wconf 91' lang='lat' dir='ltr'>roboraui</span> <span class='ocrx_word' id='word_1_118' title='bbox 2644 1700 2709 1748; x_wconf 88' lang='lat' dir='ltr'>et</span> <span class='ocrx_word' id='word_1_119' title='bbox 2770 1704 2877 1747; x_wconf 88' lang='lat' dir='ltr'>me</span> <span class='ocrx_word' id='word_1_120' title='bbox 2933 1684 3279 1765; x_wconf 87' lang='lat' dir='ltr'>subscripsi</span> <span class='ocrx_word' id='word_1_121' title='bbox 3324 1695 3401 1745; x_wconf 79' lang='lat' dir='ltr'>et</span> 
     </span>
     <span class='ocr_line' id='line_1_13' title="bbox 681 1798 3399 1881; baseline 0.001 -24"><span class='ocrx_word' id='word_1_122' title='bbox 681 1815 896 1857; x_wconf 90' lang='lat' dir='ltr'>meum</span> <span class='ocrx_word' id='word_1_123' title='bbox 967 1798 1226 1859; x_wconf 89' lang='lat' dir='ltr'>solitum</span> <span class='ocrx_word' id='word_1_124' title='bbox 1291 1801 1545 1881; x_wconf 89' lang='lat' dir='ltr'>signum</span> <span class='ocrx_word' id='word_1_125' title='bbox 1613 1801 1903 1879; x_wconf 89' lang='lat' dir='ltr'>apposui,</span> <span class='ocrx_word' id='word_1_126' title='bbox 1948 1812 2239 1861; x_wconf 90' lang='lat' dir='ltr'>currente</span> <span class='ocrx_word' id='word_1_127' title='bbox 2308 1818 2480 1860; x_wconf 91' lang='lat' dir='ltr'>anno</span> <span class='ocrx_word' id='word_1_128' title='bbox 2543 1798 2866 1860; x_wconf 89' lang='lat' dir='ltr'>dominice</span> <span class='ocrx_word' id='word_1_129' title='bbox 2932 1800 3399 1859; x_wconf 87' lang='lat' dir='ltr'>incarnationis</span> 
     </span>
     <span class='ocr_line' id='line_1_14' title="bbox 681 1910 3397 1994; baseline -0 -23"><span class='ocrx_word' id='word_1_130' title='bbox 681 1910 1019 1971; x_wconf 86' lang='lat' dir='ltr'>millesimo</span> <span class='ocrx_word' id='word_1_131' title='bbox 1051 1914 1500 1975; x_wconf 87' lang='lat' dir='ltr'>trecentesimo</span> <span class='ocrx_word' id='word_1_132' title='bbox 1533 1914 1838 1994; x_wconf 90' lang='lat' dir='ltr'>vigesimo</span> <span class='ocrx_word' id='word_1_133' title='bbox 1871 1922 2124 1987; x_wconf 90' lang='lat' dir='ltr'>octau0,</span> <span class='ocrx_word' id='word_1_134' title='bbox 2155 1912 2503 1974; x_wconf 88' lang='lat' dir='ltr'>indictione</span> <span class='ocrx_word' id='word_1_135' title='bbox 2535 1911 2937 1980; x_wconf 77' lang='lat' dir='ltr'>duodecima,</span> <span class='ocrx_word' id='word_1_136' title='bbox 2960 1910 3065 1971; x_wconf 91' lang='lat' dir='ltr'>die</span> <span class='ocrx_word' id='word_1_137' title='bbox 3094 1910 3397 1971; x_wconf 90' lang='lat' dir='ltr'>secundo</span> 
     </span>
     <span class='ocr_line' id='line_1_15' title="bbox 681 2022 3399 2106; baseline 0 -23"><span class='ocrx_word' id='word_1_138' title='bbox 681 2025 918 2084; x_wconf 88' lang='lat' dir='ltr'>mensis</span> <span class='ocrx_word' id='word_1_139' title='bbox 950 2025 1330 2098; x_wconf 82' lang='lat' dir='ltr'>novembriS,</span> <span class='ocrx_word' id='word_1_140' title='bbox 1363 2026 1426 2086; x_wconf 88' lang='lat' dir='ltr'>in</span> <span class='ocrx_word' id='word_1_141' title='bbox 1459 2024 2005 2105; x_wconf 87' lang='lat' dir='ltr'>archiepiscopatu</span> <span class='ocrx_word' id='word_1_142' title='bbox 2033 2025 2341 2106; x_wconf 89' lang='lat' dir='ltr'>Jadrensi,</span> <span class='ocrx_word' id='word_1_143' title='bbox 2370 2023 2980 2104; x_wconf 80' lang='lat' dir='ltr'>temporeJohannis</span> <span class='ocrx_word' id='word_1_144' title='bbox 3008 2022 3399 2103; x_wconf 88' lang='lat' dir='ltr'>Superancii</span> 
     </span>
     <span class='ocr_line' id='line_1_16' title="bbox 679 2136 3399 2217; baseline -0 -22"><span class='ocrx_word' id='word_1_145' title='bbox 679 2136 873 2196; x_wconf 87' lang='lat' dir='ltr'>incliti</span> <span class='ocrx_word' id='word_1_146' title='bbox 936 2136 1116 2197; x_wconf 89' lang='lat' dir='ltr'>ducis</span> <span class='ocrx_word' id='word_1_147' title='bbox 1179 2137 1463 2199; x_wconf 88' lang='lat' dir='ltr'>Venecie</span> <span class='ocrx_word' id='word_1_148' title='bbox 1507 2149 1570 2199; x_wconf 90' lang='lat' dir='ltr'>et</span> <span class='ocrx_word' id='word_1_149' title='bbox 1615 2139 1949 2200; x_wconf 89' lang='lat' dir='ltr'>reuerendi</span> <span class='ocrx_word' id='word_1_150' title='bbox 2009 2142 2204 2217; x_wconf 88' lang='lat' dir='ltr'>patris</span> <span class='ocrx_word' id='word_1_151' title='bbox 2264 2139 2506 2200; x_wconf 90' lang='lat' dir='ltr'>domini</span> <span class='ocrx_word' id='word_1_152' title='bbox 2557 2138 3011 2217; x_wconf 88' lang='lat' dir='ltr'>archiepiscopi</span> <span class='ocrx_word' id='word_1_153' title='bbox 3058 2136 3399 2215; x_wconf 89' lang='lat' dir='ltr'>sepedicti,</span> 
     </span>
     <span class='ocr_line' id='line_1_17' title="bbox 679 2248 3396 2333; baseline 0 -24"><span class='ocrx_word' id='word_1_154' title='bbox 679 2268 756 2309; x_wconf 91' lang='lat' dir='ltr'>ac</span> <span class='ocrx_word' id='word_1_155' title='bbox 824 2248 1070 2311; x_wconf 88' lang='lat' dir='ltr'>domini</span> <span class='ocrx_word' id='word_1_156' title='bbox 1137 2249 1401 2312; x_wconf 87' lang='lat' dir='ltr'>Andree</span> <span class='ocrx_word' id='word_1_157' title='bbox 1469 2251 1702 2326; x_wconf 89' lang='lat' dir='ltr'>Basilii,·</span> <span class='ocrx_word' id='word_1_158' title='bbox 1755 2254 1987 2333; x_wconf 83' lang='lat' dir='ltr'>egregii</span> <span class='ocrx_word' id='word_1_159' title='bbox 2051 2254 2321 2324; x_wconf 88' lang='lat' dir='ltr'>comitis,</span> <span class='ocrx_word' id='word_1_160' title='bbox 2380 2270 2598 2312; x_wconf 91' lang='lat' dir='ltr'>coram</span> <span class='ocrx_word' id='word_1_161' title='bbox 2663 2248 2925 2311; x_wconf 87' lang='lat' dir='ltr'>Andrea</span> <span class='ocrx_word' id='word_1_162' title='bbox 2983 2250 3067 2311; x_wconf 93' lang='lat' dir='ltr'>de</span> <span class='ocrx_word' id='word_1_163' title='bbox 3126 2251 3396 2310; x_wconf 85' lang='lat' dir='ltr'>ciuitate</span> 
     </span>
     <span class='ocr_line' id='line_1_18' title="bbox 679 2359 3403 2444; baseline -0 -22"><span class='ocrx_word' id='word_1_164' title='bbox 679 2359 937 2423; x_wconf 88' lang='lat' dir='ltr'>Austrie</span> <span class='ocrx_word' id='word_1_165' title='bbox 983 2362 1038 2424; x_wconf 92' lang='lat' dir='ltr'><strong>F</strong></span> <span class='ocrx_word' id='word_1_166' title='bbox 1041 2364 1280 2438; x_wconf 89' lang='lat' dir='ltr'>oriiulii,</span> <span class='ocrx_word' id='word_1_167' title='bbox 1332 2364 1536 2425; x_wconf 89' lang='lat' dir='ltr'>scribe</span> <span class='ocrx_word' id='word_1_168' title='bbox 1591 2364 1746 2425; x_wconf 87' lang='lat' dir='ltr'>dicti</span> <span class='ocrx_word' id='word_1_169' title='bbox 1811 2364 2057 2425; x_wconf 87' lang='lat' dir='ltr'>domini</span> <span class='ocrx_word' id='word_1_170' title='bbox 2116 2364 2573 2444; x_wconf 84' lang='lat' dir='ltr'>archiepiscopi</span> <span class='ocrx_word' id='word_1_171' title='bbox 2644 2374 2709 2425; x_wconf 89' lang='lat' dir='ltr'>et</span> <span class='ocrx_word' id='word_1_172' title='bbox 2772 2362 3041 2424; x_wconf 90' lang='lat' dir='ltr'>Nicolao</span> <span class='ocrx_word' id='word_1_173' title='bbox 3102 2360 3403 2422; x_wconf 88' lang='lat' dir='ltr'>condam·</span> 
     </span>
     <span class='ocr_line' id='line_1_19' title="bbox 682 2472 3407 2560; baseline -0.001 -23"><span class='ocrx_word' id='word_1_174' title='bbox 682 2472 870 2537; x_wconf 87' lang='lat' dir='ltr'>Cerni</span> <span class='ocrx_word' id='word_1_175' title='bbox 918 2475 1000 2536; x_wconf 90' lang='lat' dir='ltr'>de</span> <span class='ocrx_word' id='word_1_176' title='bbox 1048 2473 1374 2550; x_wconf 63' lang='lat' dir='ltr'>Carbonis</span> <span class='ocrx_word' id='word_1_177' title='bbox 1421 2478 1684 2539; x_wconf 83' lang='lat' dir='ltr'>ciuibus·</span> <span class='ocrx_word' id='word_1_178' title='bbox 1705 2476 2137 2557; x_wconf 83' lang='lat' dir='ltr'>JadrensibuS,</span> <span class='ocrx_word' id='word_1_179' title='bbox 2184 2479 2451 2540; x_wconf 88' lang='lat' dir='ltr'>testibus</span> <span class='ocrx_word' id='word_1_180' title='bbox 2496 2480 2731 2560; x_wconf 90' lang='lat' dir='ltr'>rogatis</span> <span class='ocrx_word' id='word_1_181' title='bbox 2776 2488 2841 2537; x_wconf 87' lang='lat' dir='ltr'>et</span> <span class='ocrx_word' id='word_1_182' title='bbox 2888 2476 3039 2537; x_wconf 88' lang='lat' dir='ltr'>aliis.</span> <span class='ocrx_word' id='word_1_183' title='bbox 3088 2476 3158 2537; x_wconf 91' lang='lat' dir='ltr'>In</span> <span class='ocrx_word' id='word_1_184' title='bbox 3207 2479 3407 2537; x_wconf 81' lang='lat' dir='ltr'>cuius·</span> 
     </span>
     <span class='ocr_line' id='line_1_20' title="bbox 681 2588 3389 2673; baseline 0.001 -26"><span class='ocrx_word' id='word_1_185' title='bbox 681 2589 766 2647; x_wconf 89' lang='lat' dir='ltr'>rei</span> <span class='ocrx_word' id='word_1_186' title='bbox 801 2590 1236 2649; x_wconf 88' lang='lat' dir='ltr'>testimonium</span> <span class='ocrx_word' id='word_1_187' title='bbox 1272 2599 1337 2652; x_wconf 87' lang='lat' dir='ltr'>et</span> <span class='ocrx_word' id='word_1_188' title='bbox 1367 2590 1452 2651; x_wconf 90' lang='lat' dir='ltr'>ad</span> <span class='ocrx_word' id='word_1_189' title='bbox 1483 2590 1915 2669; x_wconf 89' lang='lat' dir='ltr'>predictorum</span> <span class='ocrx_word' id='word_1_190' title='bbox 1949 2592 2239 2652; x_wconf 90' lang='lat' dir='ltr'>omnium</span> <span class='ocrx_word' id='word_1_191' title='bbox 2270 2602 2335 2655; x_wconf 89' lang='lat' dir='ltr'>et</span> <span class='ocrx_word' id='word_1_192' title='bbox 2365 2592 2759 2673; x_wconf 90' lang='lat' dir='ltr'>singulorum</span> <span class='ocrx_word' id='word_1_193' title='bbox 2794 2591 3146 2669; x_wconf 91' lang='lat' dir='ltr'>pleniorem</span> <span class='ocrx_word' id='word_1_194' title='bbox 3186 2588 3389 2649; x_wconf 89' lang='lat' dir='ltr'>fidem</span> 
     </span>
     <span class='ocr_line' id='line_1_21' title="bbox 679 2700 3393 2785; baseline 0 -25"><span class='ocrx_word' id='word_1_195' title='bbox 679 2700 1079 2779; x_wconf 89' lang='lat' dir='ltr'>supradictus</span> <span class='ocrx_word' id='word_1_196' title='bbox 1109 2702 1409 2765; x_wconf 88' lang='lat' dir='ltr'>dominus</span> <span class='ocrx_word' id='word_1_197' title='bbox 1439 2703 1953 2782; x_wconf 87' lang='lat' dir='ltr'>archiepiscopus</span> <span class='ocrx_word' id='word_1_198' title='bbox 1983 2706 2157 2765; x_wconf 89' lang='lat' dir='ltr'>iussit</span> <span class='ocrx_word' id='word_1_199' title='bbox 2188 2706 2397 2783; x_wconf 89' lang='lat' dir='ltr'>ipsum</span> <span class='ocrx_word' id='word_1_200' title='bbox 2428 2706 2519 2765; x_wconf 90' lang='lat' dir='ltr'>sui</span> <span class='ocrx_word' id='word_1_201' title='bbox 2554 2703 2733 2785; x_wconf 86' lang='lat' dir='ltr'>sigilli</span> <span class='ocrx_word' id='word_1_202' title='bbox 2776 2704 2939 2764; x_wconf 88' lang='lat' dir='ltr'>cerei</span> <span class='ocrx_word' id='word_1_203' title='bbox 2986 2702 3393 2781; x_wconf 86' lang='lat' dir='ltr'>appensione</span> 
     </span>
     <span class='ocr_line' id='line_1_22' title="bbox 679 2813 1550 2877; baseline 0.001 -3"><span class='ocrx_word' id='word_1_204' title='bbox 679 2813 1110 2876; x_wconf 87' lang='lat' dir='ltr'>fauorabiliter</span> <span class='ocrx_word' id='word_1_205' title='bbox 1153 2818 1550 2877; x_wconf 87' lang='lat' dir='ltr'>communiri.</span> 
     </span>
    </p>
   </div>
   <div class='ocr_carea' id='block_1_3' title="bbox 678 3009 3395 3296">
    <p class='ocr_par' dir='ltr' id='par_1_3' title="bbox 678 3009 3395 3296">
     <span class='ocr_line' id='line_1_23' title="bbox 853 3009 3395 3088; baseline 0 -23"><span class='ocrx_word' id='word_1_206' title='bbox 853 3009 961 3066; x_wconf 88' lang='lat' dir='ltr'>Na</span> <span class='ocrx_word' id='word_1_207' title='bbox 1010 3011 1384 3086; x_wconf 85' lang='lat' dir='ltr'>pergameni</span> <span class='ocrx_word' id='word_1_208' title='bbox 1427 3031 1467 3067; x_wconf 87' lang='lat' dir='ltr'>u</span> <span class='ocrx_word' id='word_1_209' title='bbox 1513 3009 1738 3068; x_wconf 82' lang='lat' dir='ltr'>arkt&#39;vu</span> <span class='ocrx_word' id='word_1_210' title='bbox 1789 3011 2293 3088; x_wconf 59' lang='lat' dir='ltr'>gubernijalnom</span> <span class='ocrx_word' id='word_1_211' title='bbox 2342 3032 2382 3068; x_wconf 89' lang='lat' dir='ltr'><em>u</em></span> <span class='ocrx_word' id='word_1_212' title='bbox 2428 3011 2661 3080; x_wconf 82' lang='lat' dir='ltr'>Zadru,</span> <span class='ocrx_word' id='word_1_213' title='bbox 2709 3011 2847 3069; x_wconf 85' lang='lat' dir='ltr'>odio</span> <span class='ocrx_word' id='word_1_214' title='bbox 2892 3018 3255 3067; x_wconf 61' lang='lat' dir='ltr'>samos-tana</span> <span class='ocrx_word' id='word_1_215' title='bbox 3304 3029 3395 3066; x_wconf 75' lang='lat' dir='ltr'>w.</span> 
     </span>
     <span class='ocr_line' id='line_1_24' title="bbox 678 3111 1720 3172; baseline 0 -3"><span class='ocrx_word' id='word_1_216' title='bbox 678 3111 906 3170; x_wconf 80' lang='lat' dir='ltr'><em>Nikole</em></span> <span class='ocrx_word' id='word_1_217' title='bbox 951 3113 1041 3172; x_wconf 89' lang='lat' dir='ltr'>br.</span> <span class='ocrx_word' id='word_1_218' title='bbox 1093 3116 1190 3172; x_wconf 84' lang='lat'>25.</span> <span class='ocrx_word' id='word_1_219' title='bbox 1238 3115 1472 3172; x_wconf 72' lang='lat' dir='ltr'>Pelata</span> <span class='ocrx_word' id='word_1_220' title='bbox 1519 3135 1720 3172; x_wconf 88' lang='lat' dir='ltr'>nema.</span> 
     </span>
     <span class='ocr_line' id='line_1_25' title="bbox 858 3213 3393 3296; baseline -0.001 -20"><span class='ocrx_word' id='word_1_221' title='bbox 858 3213 924 3276; x_wconf 88' lang='lat' dir='ltr'><em>T</em></span> <span class='ocrx_word' id='word_1_222' title='bbox 918 3227 1248 3296; x_wconf 84' lang='lat' dir='ltr'>ransumpt</span> <span class='ocrx_word' id='word_1_223' title='bbox 1297 3219 1384 3275; x_wconf 84' lang='lat' dir='ltr'>od</span> <span class='ocrx_word' id='word_1_224' title='bbox 1426 3221 1569 3293; x_wconf 85' lang='lat' dir='ltr'>god.</span> <span class='ocrx_word' id='word_1_225' title='bbox 1622 3215 1806 3278; x_wconf 81' lang='lat'><em>1350.&#39;</em></span> <span class='ocrx_word' id='word_1_226' title='bbox 1837 3223 1921 3275; x_wconf 75' lang='lat'>21.</span> <span class='ocrx_word' id='word_1_227' title='bbox 1973 3223 2142 3296; x_wconf 85' lang='lat' dir='ltr'>maja</span> <span class='ocrx_word' id='word_1_228' title='bbox 2190 3241 2230 3277; x_wconf 87' lang='lat' dir='ltr'>u</span> <span class='ocrx_word' id='word_1_229' title='bbox 2277 3222 2460 3279; x_wconf 74' lang='lat' dir='ltr'>istem</span> <span class='ocrx_word' id='word_1_230' title='bbox 2504 3219 2729 3277; x_wconf 84' lang='lat' dir='ltr'>arkivu</span> <span class='ocrx_word' id='word_1_231' title='bbox 2774 3221 2801 3275; x_wconf 81' lang='lat' dir='ltr'>i</span> <span class='ocrx_word' id='word_1_232' title='bbox 2843 3218 3049 3294; x_wconf 78' lang='lat' dir='ltr'>odjelu</span> <span class='ocrx_word' id='word_1_233' title='bbox 3098 3217 3187 3273; x_wconf 88' lang='lat' dir='ltr'>br.</span> <span class='ocrx_word' id='word_1_234' title='bbox 3218 3219 3393 3274; x_wconf 76' lang='grc'><em>-209,</em></span> 
     </span>
    </p>
   </div>
   <div class='ocr_carea' id='block_1_4' title="bbox 685 3598 2133 3862">
    <p class='ocr_par' dir='ltr' id='par_1_4' title="bbox 685 3598 2133 3862">
     <span class='ocr_line' id='line_1_26' title="bbox 1940 3598 2133 3681; baseline 0.016 -3"><span class='ocrx_word' id='word_1_235' title='bbox 1940 3598 2133 3681; x_wconf 85' lang='grc'><strong>679.</strong></span> 
     </span>
     <span class='ocr_line' id='line_1_27' title="bbox 685 3768 1861 3862; baseline 0.003 -30"><span class='ocrx_word' id='word_1_236' title='bbox 685 3768 887 3850; x_wconf 86' lang='grc'><strong>1260,</strong></span> <span class='ocrx_word' id='word_1_237' title='bbox 935 3775 991 3835; x_wconf 91' lang='grc'>1.</span> <span class='ocrx_word' id='word_1_238' title='bbox 1029 3773 1214 3862; x_wconf 79' lang='lat' dir='ltr'>jula.</span> <span class='ocrx_word' id='word_1_239' title='bbox 1262 3772 1322 3841; x_wconf 80' lang='lat'>11</span> <span class='ocrx_word' id='word_1_240' title='bbox 1367 3771 1861 3860; x_wconf 69' lang='lat' dir='ltr'>Dubrovniku.</span> 
     </span>
    </p>
   </div>
   <div class='ocr_carea' id='block_1_5' title="bbox 693 3951 3388 4198">
    <p class='ocr_par' dir='ltr' id='par_1_5' title="bbox 693 3951 3388 4198">
     <span class='ocr_line' id='line_1_28' title="bbox 693 3951 3388 4076; baseline 0.001 -36"><span class='ocrx_word' id='word_1_241' title='bbox 693 3975 768 4041; x_wconf 87' lang='lat' dir='ltr'><em>U</em></span> <span class='ocrx_word' id='word_1_242' title='bbox 793 3977 1053 4062; x_wconf 76' lang='lat' dir='ltr'>pravdz&#39;</span> <span class='ocrx_word' id='word_1_243' title='bbox 1091 3951 1384 4065; x_wconf 55' lang='lat' dir='ltr'>aamedju</span> <span class='ocrx_word' id='word_1_244' title='bbox 1429 3969 1782 4044; x_wconf 55' lang='lat' dir='ltr'>svedeizz&#39;ka</span> <span class='ocrx_word' id='word_1_245' title='bbox 1836 3983 2050 4076; x_wconf 54' lang='lat' dir='ltr'>lvaqza</span> <span class='ocrx_word' id='word_1_246' title='bbox 2098 3981 2131 4044; x_wconf 77' lang='grc' dir='ltr'>ι’</span> <span class='ocrx_word' id='word_1_247' title='bbox 2170 3980 2427 4065; x_wconf 75' lang='lat' dir='ltr'>opatice</span> <span class='ocrx_word' id='word_1_248' title='bbox 2483 3982 2719 4066; x_wconf 72' lang='lat' dir='ltr'>Drage</span> <span class='ocrx_word' id='word_1_249' title='bbox 2765 3978 2931 4042; x_wconf 77' lang='lat' dir='ltr'>radi</span> <span class='ocrx_word' id='word_1_250' title='bbox 2970 3980 3166 4043; x_wconf 49' lang='lat' dir='ltr'>crkve</span> <span class='ocrx_word' id='word_1_251' title='bbox 3216 3977 3388 4063; x_wconf 80' lang='lat' dir='ltr'>Spa-</span> 
     </span>
     <span class='ocr_line' id='line_1_29' title="bbox 1031 4091 3059 4198; baseline 0 -43"><span class='ocrx_word' id='word_1_252' title='bbox 1031 4091 1332 4194; x_wconf 59' lang='lat' dir='ltr'>sz&#39;teljefve</span> <span class='ocrx_word' id='word_1_253' title='bbox 1377 4117 1469 4157; x_wconf 84' lang='lat' dir='ltr'>na</span> <span class='ocrx_word' id='word_1_254' title='bbox 1515 4092 2261 4198; x_wconf 37' lang='lat' dir='ltr'>otokzp·l)allaf0dz&#39;z&#39;(1²)</span> <span class='ocrx_word' id='word_1_255' title='bbox 2308 4094 2544 4159; x_wconf 81' lang='lat' dir='ltr'>dobiva</span> <span class='ocrx_word' id='word_1_256' title='bbox 2584 4091 3059 4179; x_wconf 71' lang='lat' dir='ltr'>pravo&#39;&#39;Ivan.&#39;</span> 
     </span>
    </p>
   </div>
   <div class='ocr_carea' id='block_1_6' title="bbox 677 4279 3397 5176">
    <p class='ocr_par' dir='ltr' id='par_1_6' title="bbox 677 4279 3397 5176">
     <span class='ocr_line' id='line_1_30' title="bbox 789 4279 3397 4385; baseline 0 -21"><span class='ocrx_word' id='word_1_257' title='bbox 789 4333 792 4338; x_wconf 96' lang='lat'>·</span> <span class='ocrx_word' id='word_1_258' title='bbox 855 4303 1087 4365; x_wconf 91' lang='lat' dir='ltr'>Diuine</span> <span class='ocrx_word' id='word_1_259' title='bbox 1133 4291 1542 4383; x_wconf 53' lang='lat' dir='ltr'>prouiden&#39;cie</span> <span class='ocrx_word' id='word_1_260' title='bbox 1589 4293 1830 4366; x_wconf 81' lang='lat' dir='ltr'>iusticia</span> <span class='ocrx_word' id='word_1_261' title='bbox 1878 4307 1960 4367; x_wconf 85' lang='lat' dir='ltr'>de</span> <span class='ocrx_word' id='word_1_262' title='bbox 2006 4306 2145 4367; x_wconf 83' lang='lat' dir='ltr'>celo</span> <span class='ocrx_word' id='word_1_263' title='bbox 2192 4309 2523 4384; x_wconf 79' lang='lat' dir='ltr'>prospexit</span> <span class='ocrx_word' id='word_1_264' title='bbox 2584 4324 2708 4385; x_wconf 89' lang='lat' dir='ltr'>que</span> <span class='ocrx_word' id='word_1_265' title='bbox 2771 4279 3011 4365; x_wconf 90' lang='lat' dir='ltr'>iudices</span> <span class='ocrx_word' id='word_1_266' title='bbox 3056 4303 3397 4364; x_wconf 87' lang='lat' dir='ltr'>constituit·</span> 
     </span>
     <span class='ocr_line' id='line_1_31' title="bbox 679 4418 3387 4496; baseline -0.001 -17"><span class='ocrx_word' id='word_1_267' title='bbox 679 4435 868 4496; x_wconf 88' lang='lat' dir='ltr'>super</span> <span class='ocrx_word' id='word_1_268' title='bbox 915 4427 1127 4491; x_wconf 80' lang='lat' dir='ltr'>terraS,</span> <span class='ocrx_word' id='word_1_269' title='bbox 1174 4428 1242 4478; x_wconf 89' lang='lat' dir='ltr'>ut</span> <span class='ocrx_word' id='word_1_270' title='bbox 1273 4418 1482 4479; x_wconf 88' lang='lat' dir='ltr'>colata</span> <span class='ocrx_word' id='word_1_271' title='bbox 1529 4420 1644 4479; x_wconf 91' lang='lat' dir='ltr'>sibi</span> <span class='ocrx_word' id='word_1_272' title='bbox 1678 4429 1911 4480; x_wconf 84' lang='lat' dir='ltr'>statera</span> <span class='ocrx_word' id='word_1_273' title='bbox 1945 4430 2007 4480; x_wconf 89' lang='lat' dir='ltr'>et</span> <span class='ocrx_word' id='word_1_274' title='bbox 2039 4420 2295 4479; x_wconf 85' lang='lat' dir='ltr'>arbitrio</span> <span class='ocrx_word' id='word_1_275' title='bbox 2328 4419 2646 4480; x_wconf 89' lang='lat' dir='ltr'>iudicandi</span> <span class='ocrx_word' id='word_1_276' title='bbox 2696 4419 2997 4479; x_wconf 87' lang='lat' dir='ltr'>studeant</span> <span class='ocrx_word' id='word_1_277' title='bbox 3042 4419 3387 4494; x_wconf 89' lang='lat' dir='ltr'>unicuique</span> 
     </span>
     <span class='ocr_line' id='line_1_32' title="bbox 680 4530 3385 4612; baseline 0 -20"><span class='ocrx_word' id='word_1_278' title='bbox 680 4530 948 4592; x_wconf 89' lang='lat' dir='ltr'>reddere</span> <span class='ocrx_word' id='word_1_279' title='bbox 995 4531 1127 4598; x_wconf 86' lang='lat' dir='ltr'>iura</span> <span class='ocrx_word' id='word_1_280' title='bbox 1173 4550 1302 4604; x_wconf 84' lang='lat' dir='ltr'>sua,</span> <span class='ocrx_word' id='word_1_281' title='bbox 1350 4531 1525 4608; x_wconf 85' lang='lat' dir='ltr'>quod</span> <span class='ocrx_word' id='word_1_282' title='bbox 1571 4551 1718 4594; x_wconf 86' lang='lat' dir='ltr'>cum</span> <span class='ocrx_word' id='word_1_283' title='bbox 1790 4535 1952 4594; x_wconf 90' lang='lat' dir='ltr'>inter</span> <span class='ocrx_word' id='word_1_284' title='bbox 1996 4533 2294 4606; x_wconf 76' lang='lat' dir='ltr'>clericum</span> <span class='ocrx_word' id='word_1_285' title='bbox 2335 4531 2695 4612; x_wconf 86' lang='lat' dir='ltr'>Johannem</span> <span class='ocrx_word' id='word_1_286' title='bbox 2748 4531 2947 4592; x_wconf 90' lang='lat' dir='ltr'>filium</span> <span class='ocrx_word' id='word_1_287' title='bbox 2994 4530 3258 4594; x_wconf 89' lang='lat' dir='ltr'>Andree</span> <span class='ocrx_word' id='word_1_288' title='bbox 3302 4531 3385 4592; x_wconf 87' lang='lat' dir='ltr'>de</span> 
     </span>
     <span class='ocr_line' id='line_1_33' title="bbox 682 4635 3385 4724; baseline -0.001 -19"><span class='ocrx_word' id='word_1_289' title='bbox 682 4641 969 4705; x_wconf 90' lang='lat' dir='ltr'>Gausolo</span> <span class='ocrx_word' id='word_1_290' title='bbox 1015 4663 1205 4722; x_wconf 85' lang='lat' dir='ltr'>super</span> <span class='ocrx_word' id='word_1_291' title='bbox 1266 4644 1436 4704; x_wconf 90' lang='lat' dir='ltr'>facto</span> <span class='ocrx_word' id='word_1_292' title='bbox 1483 4645 1814 4722; x_wconf 82' lang='lat' dir='ltr'>cuiusdam</span> <span class='ocrx_word' id='word_1_293' title='bbox 1861 4657 2237 4724; x_wconf 81' lang='lat' dir='ltr'>patronatus</span> <span class='ocrx_word' id='word_1_294' title='bbox 2306 4635 2571 4706; x_wconf 88' lang='lat' dir='ltr'>ecclesie</span> <span class='ocrx_word' id='word_1_295' title='bbox 2638 4648 2839 4706; x_wconf 88' lang='lat' dir='ltr'>sancti</span> <span class='ocrx_word' id='word_1_296' title='bbox 2909 4643 3259 4708; x_wconf 89' lang='lat' dir='ltr'>Saluatoris</span> <span class='ocrx_word' id='word_1_297' title='bbox 3304 4643 3385 4704; x_wconf 91' lang='lat' dir='ltr'>de</span> 
     </span>
     <span class='ocr_line' id='line_1_34' title="bbox 678 4731 3383 4840; baseline -0 -24"><span class='ocrx_word' id='word_1_298' title='bbox 678 4757 880 4817; x_wconf 85' lang='lat' dir='ltr'>insula</span> <span class='ocrx_word' id='word_1_299' title='bbox 927 4756 1272 4819; x_wconf 78' lang='lat' dir='ltr'>Dalaffodii</span> <span class='ocrx_word' id='word_1_300' title='bbox 1321 4777 1404 4818; x_wconf 81' lang='lat' dir='ltr'>ex</span> <span class='ocrx_word' id='word_1_301' title='bbox 1452 4731 1802 4837; x_wconf 28' lang='lat' dir='ltr'>una-,parte</span> <span class='ocrx_word' id='word_1_302' title='bbox 1862 4771 1926 4818; x_wconf 91' lang='lat' dir='ltr'>et</span> <span class='ocrx_word' id='word_1_303' title='bbox 1974 4761 2134 4819; x_wconf 88' lang='lat' dir='ltr'>inter</span> <span class='ocrx_word' id='word_1_304' title='bbox 2180 4757 2373 4840; x_wconf 88' lang='lat' dir='ltr'>Dragi</span> <span class='ocrx_word' id='word_1_305' title='bbox 2442 4757 2788 4819; x_wconf 88' lang='lat' dir='ltr'>monialem</span> <span class='ocrx_word' id='word_1_306' title='bbox 2838 4757 3029 4819; x_wconf 86' lang='lat' dir='ltr'>filiam</span> <span class='ocrx_word' id='word_1_307' title='bbox 3078 4757 3253 4818; x_wconf 84' lang='lat' dir='ltr'>Maxi</span> <span class='ocrx_word' id='word_1_308' title='bbox 3301 4755 3383 4815; x_wconf 90' lang='lat' dir='ltr'>de</span> 
     </span>
     <span class='ocr_line' id='line_1_35' title="bbox 679 4869 3383 4951; baseline -0 -22"><span class='ocrx_word' id='word_1_309' title='bbox 679 4869 1024 4944; x_wconf 87' lang='lat' dir='ltr'>Mamost0‚</span> <span class='ocrx_word' id='word_1_310' title='bbox 1070 4890 1196 4949; x_wconf 88' lang='lat' dir='ltr'>que</span> <span class='ocrx_word' id='word_1_311' title='bbox 1255 4871 1494 4932; x_wconf 88' lang='lat' dir='ltr'>dictum</span> <span class='ocrx_word' id='word_1_312' title='bbox 1553 4873 1849 4932; x_wconf 88' lang='lat' dir='ltr'>clericum</span> <span class='ocrx_word' id='word_1_313' title='bbox 1892 4871 2253 4951; x_wconf 88' lang='lat' dir='ltr'>Johannem</span> <span class='ocrx_word' id='word_1_314' title='bbox 2300 4883 2675 4948; x_wconf 70' lang='lat' dir='ltr'>memorato</span> <span class='ocrx_word' id='word_1_315' title='bbox 2716 4872 2983 4933; x_wconf 89' lang='lat' dir='ltr'>ecclesie</span> <span class='ocrx_word' id='word_1_316' title='bbox 3027 4889 3113 4931; x_wconf 85' lang='lat' dir='ltr'>ex</span> <span class='ocrx_word' id='word_1_317' title='bbox 3156 4869 3383 4930; x_wconf 87' lang='lat' dir='ltr'>funda·</span> 
     </span>
     <span class='ocr_line' id='line_1_36' title="bbox 677 4982 3379 5064; baseline -0 -22"><span class='ocrx_word' id='word_1_318' title='bbox 677 4982 924 5043; x_wconf 85' lang='lat' dir='ltr'>toribus</span> <span class='ocrx_word' id='word_1_319' title='bbox 968 4983 1221 5043; x_wconf 89' lang='lat' dir='ltr'>dicebat</span> <span class='ocrx_word' id='word_1_320' title='bbox 1269 4986 1530 5055; x_wconf 83' lang='lat' dir='ltr'>minime</span> <span class='ocrx_word' id='word_1_321' title='bbox 1576 5004 1714 5056; x_wconf 89' lang='lat' dir='ltr'>esse</span> <span class='ocrx_word' id='word_1_322' title='bbox 1763 4996 1985 5044; x_wconf 88' lang='lat' dir='ltr'>notum</span> <span class='ocrx_word' id='word_1_323' title='bbox 2034 5004 2117 5045; x_wconf 82' lang='lat' dir='ltr'>ex</span> <span class='ocrx_word' id='word_1_324' title='bbox 2156 4984 2353 5045; x_wconf 87' lang='lat' dir='ltr'>altera</span> <span class='ocrx_word' id='word_1_325' title='bbox 2400 4997 2598 5064; x_wconf 86' lang='lat' dir='ltr'>parte,</span> <span class='ocrx_word' id='word_1_326' title='bbox 2642 5003 2857 5045; x_wconf 90' lang='lat' dir='ltr'>coram</span> <span class='ocrx_word' id='word_1_327' title='bbox 2903 4985 3089 5044; x_wconf 89' lang='lat' dir='ltr'>nobis</span> <span class='ocrx_word' id='word_1_328' title='bbox 3134 4983 3379 5062; x_wconf 55' lang='lat' dir='ltr'>questio</span> 
     </span>
     <span class='ocr_line' id='line_1_37' title="bbox 680 5095 3381 5176; baseline -0.001 -20"><span class='ocrx_word' id='word_1_329' title='bbox 680 5105 1046 5156; x_wconf 85' lang='lat' dir='ltr'>uerteretur.</span> <span class='ocrx_word' id='word_1_330' title='bbox 1097 5095 1231 5156; x_wconf 90' lang='lat' dir='ltr'>Nos</span> <span class='ocrx_word' id='word_1_331' title='bbox 1277 5096 1466 5158; x_wconf 86' lang='lat' dir='ltr'>frater</span> <span class='ocrx_word' id='word_1_332' title='bbox 1521 5095 1836 5157; x_wconf 85' lang='lat' dir='ltr'>Aleardus</span> <span class='ocrx_word' id='word_1_333' title='bbox 1882 5097 1964 5158; x_wconf 83' lang='lat' dir='ltr'>de</span> <span class='ocrx_word' id='word_1_334' title='bbox 2012 5098 2235 5158; x_wconf 86' lang='lat' dir='ltr'>ordine</span> <span class='ocrx_word' id='word_1_335' title='bbox 2282 5099 2545 5159; x_wconf 88' lang='lat' dir='ltr'>fratrum</span> <span class='ocrx_word' id='word_1_336' title='bbox 2590 5097 2910 5170; x_wconf 88' lang='lat' dir='ltr'>Minorum</span> <span class='ocrx_word' id='word_1_337' title='bbox 2958 5097 3059 5176; x_wconf 88' lang='lat' dir='ltr'>dei</span> <span class='ocrx_word' id='word_1_338' title='bbox 3106 5106 3171 5156; x_wconf 90' lang='lat' dir='ltr'>et</span> <span class='ocrx_word' id='word_1_339' title='bbox 3216 5095 3381 5156; x_wconf 86' lang='lat' dir='ltr'>sedis</span> 
     </span>
    </p>
   </div>
   <div class='ocr_carea' id='block_1_7' title="bbox 3762 3926 3768 5066">
    <p class='ocr_par' dir='ltr' id='par_1_7' title="bbox 3762 3926 3768 5066">
     <span class='ocr_line' id='line_1_38' title="bbox 3762 3926 3768 5066; baseline 0 0"><span class='ocrx_word' id='word_1_340' title='bbox 3762 3926 3768 5066; x_wconf 95' lang='lat' dir='ltr'> </span> 
     </span>
    </p>
   </div>
  </div>
 </body>
</html>
