3797 5795
1908 408 2171 474 -668
2234 446 2303 453 —

758 592 848 647 23.
887 593 1027 649 1270.
1079 595 1402 663 Stephanus
1456 615 1557 651 rex
1611 601 1935 671 Hungariae
1983 610 2041 655 et
2094 602 2357 657 Croatiae
2416 604 2845 656 instrumentum
2883 614 2918 650 a
2952 594 3085 649 Bela
3120 602 3279 663 patre

973 698 1078 735 suo
1117 682 1382 737 fratribus
1422 686 1632 754 Lukac‚
1669 688 1798 755 Vid,
1834 688 2063 743 Matheo
2087 697 2145 743 et
2168 690 2335 743 Petro
2370 689 2498 743 filiis
2529 687 2755 742 comitis
2789 686 3047 739 Andreae
3079 684 3271 735 datum

975 768 1270 824 confirmat
1301 808 3248 831 .............................
3344 770 3445 817 574

759 896 850 951 24.
892 899 1034 955 1270.
1091 900 1432 956 Laurentius
1469 920 1666 958 comes
1702 907 1776 960 de
1811 906 2055 960 Rovisce
2093 904 2290 960 comiti
2336 904 2606 959 Prencola
2652 910 2827 957 terras
2862 898 3063 955 Maeek
3095 898 3273 952 dictas

975 1003 1122 1055 quae
1161 1005 1343 1058 prope
1373 990 1631 1045 Velikam
1667 1000 1800 1047 sunt
1835 992 2041 1047 limitat
2070 1025 3251 1050 ..................
3344 986 3445 1035 574

759 1115 849 1168 25.
888 1116 1030 1173 1270.
1068 1120 1116 1174 111
1157 1116 1284 1175 Bae.
1321 1120 1528 1175 Coram
1569 1123 1819 1191 capitulo
1857 1124 2133 1178 ecclesiae
2180 1122 2467 1177 Baciensis
2520 1122 2717 1175 fratres
2761 1120 2995 1175 Sakmar
3028 1124 3085 1169 et
3116 1114 3273 1168 Merk

973 1220 1006 1257 e
1058 1207 1334 1261 comitatu
1385 1209 1458 1262 de
1507 1210 1694 1263 Valko
1749 1218 1965 1279 partem
2028 1209 2413 1279 possessionis
2470 1208 2735 1262 Tollman
2792 1205 2978 1260 dictae
3034 1202 3273 1257 Μαι-6110

971 1292 1119 1346 Petri
1157 1296 1410 1348 vendunt
1439 1328 3249 1355 ...........................
3342 1288 3446 1339 576

763 1418 856 1476 26.
897 1420 1036 1478 1270.
1076 1423 1400 1491 Stephanus
1435 1442 1537 1479 rex
1571 1427 1895 1497 Hungariae
1930 1436 1989 1481 et
2024 1427 2286 1482 Croatiae
2320 1426 2518 1482 comiti
2564 1427 2825 1481 Andreae
2858 1422 3273 1492 possessionem

979 1515 1162 1564 terrae
1200 1511 1480 1579 Dulipska
1517 1520 1754 1567 vocatae
1790 1514 2086 1569 confirmat
2138 1548 3249 1571 .................
3344 1508 3441 1557 577

763 1638 855 1692 27.
895 1640 1034 1697 1270.
1074 1641 1397 1709 Stephanus
1435 1660 1537 1697 rex
1575 1644 1896 1715 Hungariae
1933 1654 1989 1699 et
2026 1644 2287 1699 Croatiae
2323 1645 2613 1699 confirmat
2668 1642 3097 1695 instrumentum
3135 1638 3277 1707 regis

976 1727 1146 1780 Belae
1182 1729 1252 1795 (a.
1291 1734 1443 1783 1248.
1483 1738 1596 1785 oct.
1634 1733 1740 1797 25.)
1777 1748 1894 1800 quo
1932 1740 2113 1786 terrae
2148 1732 2324 1801 Pokoj
2362 1740 2420 1784 et
2454 1731 2649 1785 Pruzlo
2686 1736 2921 1782 vocatae
2958 1723 3277 1779 Andronico

977 1814 1050 1867 de
1085 1832 1293 1885 genere
1330 1815 1674 1871 Kadarcaluz
1711 1820 1998 1872 donantur
2071 1851 3254 1877 ..................
3346 1812 3446 1860 578

755 1941 1387 2013 28.127o.(?)Notitia
1424 1948 1716 2002 cuiusdam
1750 1948 2109 2003 instrumenti
2139 1991 2153 2005 .
2208 1992 2221 2005 .
2278 1992 2289 2005 .
2346 1975 2391 2004 .·
2414 1983 3254 2006 .............
3348 1943 3447 1991 578

756 2071 847 2125 29.
888 2074 1031 2130 1270.
1068 2074 1391 2143 Stephanus
1425 2094 1527 2131 rex
1563 2078 1886 2147 Hungariae
1922 2086 1980 2133 et
2028 2078 2288 2154 Croatiae
2336 2080 2703 2133 donationem
2750 2084 3021 2129 terrarum
3066 2072 3273 2135 Koska5

973 2162 1237 2216 Dubrava
1271 2170 1330 2215 et
1366 2150 1546 2231 Cepin
1602 2165 1898 2233 dictarum,
1953 2147 2161 2220 iactam
2216 2183 2249 2219 a
2308 2172 2467 2233 patre
2520 2181 2626 2218 suo
2680 2180 2812 2235 rege
2859 2162 2993 2215 Bela
3028 2160 3097 2227 (a.
3134 2160 3281 2211 1258.

972 2263 1098 2318 aug.
1136 2251 1203 2313 6.)
1240 2249 1523 2319 Phillippo
1561 2258 1618 2304 et
1654 2252 1933 2323 Gregorio
1970 2253 2099 2306 filiis
2136 2251 2363 2307 comitis
2400 2251 2547 2307 Cleti
2580 2250 2873 2306 confirmat
2902 2285 3257 2303 ......
3350 2246 3451 2295 570

761 2376 855 2431 30.
897 2378 1039 2435 1270.
1077 2379 1403 2447 Stephanus
1437 2396 1538 2435 rex
1576 2382 1900 2453 Hungariae
1934 2390 1991 2436 et
2028 2382 2291 2437 Croatiae
2326 2384 2631 2437 comitibus
2677 2383 2749 2435 de
2785 2378 2963 2451 Vegla
3000 2374 3283 2448 privilegia

978 2481 1011 2517 a
1047 2466 1182 2519 Bela
1219 2474 1380 2535 patre
1416 2484 1522 2523 suo
1557 2485 1849 2537 concessa,
1885 2470 2183 2525 confirmat
2212 2504 3259 2527 ................
3356 2464 3459 2511 580

759 2594 850 2648 31.
891 2596 1032 2651 1270.
1069 2597 1394 2666 Stephanus
1433 2616 1536 2653 rex
1571 2600 1898 2671 Hungariae
1945 2608 2003 2655 et
2051 2601 2315 2655 Croatiae
2358 2601 2793 2655 instrumentum
2848 2599 3033 2667 Erney
3086 2594 3283 2647 iudicis

973 2684 1317 2738 Dubicensis
1354 2703 1470 2755 quo
1509 2692 1690 2741 terrae
1727 2689 1941 2741 ordinis
1976 2690 2031 2741 b.
2068 2688 2225 2743 Pauli
2260 2705 2310 2743 a.
2337 2694 2490 2742 1244.
2527 2689 2772 2741 donatae
2806 2692 2955 2749 sunt,
2992 2682 3281 2737 confirmat
3350 2682 3455 2731 580

760 2810 850 2865 32.
889 2811 1019 2868 Post
1055 2826 1246 2869 8111111111
1283 2815 1425 2871 1270.
1463 2817 1668 2874 catari.
1706 2820 1991 2872 Domnius
2018 2819 2327 2887 episcopus
2352 2816 2676 2873 Catarensis
2700 2816 2989 2871 communi
3028 2814 3281 2884 Ragusae

968 2902 1167 2955 scribit
1203 2919 1264 2955 se
1301 2909 1362 2956 ut
1400 2904 1683 2971 pontificis
1721 2907 1967 2960 iudicem
2004 2907 2324 2976 delegatum
2361 2921 2541 2975 aeque
2564 2913 2621 2958 et
2644 2906 2863 2974 integre
2905 2902 3274 2955 iudicaturum
3348 2901 3451 2950 581

759 3030 848 3084 33.
891 3031 1016 3088 1271.
1053 3031 1122 3087 10.
1161 3032 1408 3090 ianuarii.
1445 3035 1671 3104 Spaiatl.
1706 3036 1826 3090 Leo
1863 3037 2035 3091 Kaeie
2072 3039 2129 3090 in
2166 3037 2411 3091 favorem
2459 3036 2687 3104 capituli
2725 3031 3077 3102 Spalatensis
3111 3038 3289 3083 terrae

975 3135 1008 3171 a
1045 3135 1245 3173 socera
1285 3137 1388 3174 sua
1427 3122 1603 3175 Stana
1639 3123 1891 3191 capitulo
1930 3123 2157 3177 relictae
2192 3123 2482 3177 renunciat
2554 3157 3259 3178 ...........
3358 3118 3465 3167 582

769 3247 858 3300 34.
895 3249 1020 3304 1271.
1057 3249 1147 3304 20.
1186 3250 1430 3308 ianuar-n.
1468 3252 1694 3322 81181811.
1731 3253 2139 3308 Monastcrium
2176 3255 2258 3309 St.
2294 3253 2584 3308 Benedicti
2632 3252 2907 3321 quasdam
2944 3257 3123 3303 terras
3160 3262 3293 3301 suas

974 3344 1174 3404 quarta
1212 3345 1374 3406 parte
1409 3338 1561 3392 locat
1653 3375 3262 3398 ........................
3364 3335 3467 3386 583

761 3445 855 3500 35.
895 3447 1020 3502 1271.
1054 3450 1142 3504 25.
1180 3449 1425 3507 ianuarii.
1473 3452 1561 3504 De
1597 3452 1796 3520 piratis
1831 3454 2139 3508 Almisanis
2208 3488 3264 3510 ................
3364 3449 3469 3498 584

757 3557 852 3612 -36,
891 3559 1018 3614 1271.
1054 3561 1108 3616 3.
1145 3561 1426 3618 februarii.
1481 3563 1677 3620 8111188.
1731 3565 2055 3634 Stephanus
2104 3583 2203 3619 rex
2250 3567 2571 3634 Hungariae
2606 3571 2663 3618 et
2699 3563 2965 3620 Croatiae
3020 3559 3289 3630 praecipit

985 3648 1255 3702 omnibus
1309 3650 1475 3703 banis
1523 3657 1580 3704 et
1627 3651 1937 3707 comitibus
1994 3669 2067 3706 ne
2114 3655 2265 3720 apud
2314 3652 2563 3721 populos
2597 3651 2871 3705 ecclesiae
2908 3647 3293 3719 Zagrabiensis

983 3734 1334 3790 descendant
1369 3743 1468 3790 aut
1503 3737 1634 3792 illos
1671 3741 2215 3809 quomodocumque
2251 3739 2557 3793 molestent
2626 3773 3265 3792 ..........
3366 3735 3469 3782 584

764 3843 856 3899 37.
897 3846 1020 3901 1271.
1059 3859 1242 3904 mense
1278 3849 1575 3907 februario.
1614 3852 1816 3909 catari.
1856 3851 2173 3906 Consilium
2209 3853 2451 3906 civitatis
2486 3851 2671 3906 Catari
2702 3850 3042 3919 episcopum
3064 3854 3123 3900 et
3146 3846 3295 3914 capi-

978 3935 1162 3988 tulum
1205 3937 1364 4003 petit,
1401 3945 1464 3991 ut
1503 3953 1566 3990 se
1601 3941 1846 4007 quadam
1884 3955 2107 3993 summa
2142 3941 2417 4007 pecuniae
2452 3939 2719 3993 adiuvent
2770 3973 3269 3992 ........
3368 3933 3473 3984 585

775 4048 866 4098 38.
905 4047 1030 4102 1271.
1065 4047 1120 4102 4.
1159 4050 1353 4105 martii.
1411 4049 1660 4108 «18118188.
1721 4053 1997 4106 Radovan
2044 4060 2101 4107 et
2152 4052 2335 4122 Dakoj
2386 4050 2633 4122 Dragnic
2681 4049 3021 4104 confirmant
3073 4045 3301 4100 Tolisae

987 4135 1173 4188 Kacic
1208 4153 1336 4189 eum
1375 4138 1483 4190 sibi
1520 4145 1704 4192 totum
1742 4140 1997 4194 debitum
2035 4140 2273 4194 solvisse
2358 4174 3273 4196 ..............
3372 4133 3479 4183 586

779 4245 862 4298 39.
904 4246 1028 4301 1271.
1067 4249 1137 4304 15.
1176 4249 1374 4306 martii.
1411 4251 1638 4319 81181811.
1673 4253 1876 4322 Agitur
1914 4254 1985 4305 de
2020 4253 2469 4306 commutatione
2504 4259 2773 4304 terrarum
2838 4286 3267 4305 .......
3368 4247 3471 4295 587

763 4359 857 4412 40.
901 4360 1026 4414 1271.
1061 4361 1152 4416 23.
1193 4361 1388 4416 11181111.
1426 4362 1748 4431 Stephanus
1783 4381 1885 4418 rex
1911 4366 2233 4435 Hungariae
2256 4372 2313 4417 et
2332 4363 2594 4418 Croatiae
2628 4361 2936 4416 Laurentio
2972 4363 3127 4414 bano
3164 4360 3297 4412 Zeu-

977 4446 1168 4513 riensi‚
1206 4455 1373 4501 antea
1410 4451 1605 4503 comiti
1643 4451 1716 4504 de
1752 4452 2007 4522 Somogy
2034 4458 2091 4504 et
2116 4451 2337 4519 Kainik‚
2364 4467 2469 4520 pro
2496 4450 2714 4520 magnis
2738 4450 2860 4502 eius
2884 4448 3103 4500 meritis
3138 4461 3303 4514 quas-

981 4535 1113 4588 dam
1153 4537 1552 4602 possessiones
1587 4539 1765 4592 donat
1801 4571 3275 4596 ......................
3376 4535 3481 4584 588

778 4664 862 4718 41.
904 4665 1029 4722 1271.
1073 4665 1153 4722 11.
1193 4665 1334 4721 111811.
1393 4667 1715 4737 Stephanus
1755 4686 1858 4723 rex
1893 4670 2215 4741 Hungariae
2252 4677 2308 4723 et
2346 4667 2605 4724 Croatiae
2640 4667 2877 4721 Nicolao
2914 4666 3086 4718 iudici
3124 4664 3311 4717 curiae

982 4755 1131 4821 regis
1171 4757 1447 4822 quasdam
1486 4757 1883 4824 possessiones
1922 4759 2114 4825 donat,
2152 4764 2214 4811 ut
2250 4757 2487 4810 amissas
2522 4755 2921 4823 possessiones
2968 4753 3091 4805 eius
3127 4751 3211 4804 cis
3247 4755 3305 4803 et

985 4842 1132 4894 ultra
1169 4844 1412 4896 Dravam
1451 4845 1590 4897 sitas
1625 4845 1889 4898 resarciat
1944 4879 3282 4899 ....................
3382 4839 3493 4888 590

763 4949 854 5002 42.
900 4951 1024 5007 1271.
1063 4953 1132 5007 13.
1171 4955 1312 5011 111811.
1349 4955 1616 5024 ΤΓειῃιΙΙ-ΙΙ.
1650 4955 1966 5011 Consilium
2004 4957 2245 5012 civitatis
2282 4957 2673 5027 Traguriensis
2696 4959 3093 5024 congretatum
3121 4953 3179 5005 in
3215 4967 3304 5004 ec·

974 5038 1146 5094 clesia
1185 5041 1266 5093 St.
1304 5042 1596 5095 Laurentii
1633 5044 1903 5112 decernit,
1956 5052 2018 5097 ut
2066 5045 2259 5098 omnia
2310 5043 2465 5096 bona
2512 5043 2740 5098 Grubae
2786 5042 2993 5094 viduae
3028 5037 3291 5092 Tolimiri

980 5128 1320 5179 vendantur.
1359 5128 1632 5183 Venditio
1670 5131 1919 5198 disertur,
1957 5131 2058 5184 sed
2096 5147 2285 5184 emere
2322 5129 2460 5184 solis
2495 5127 2969 5200 Traguriensibus
3004 5127 3143 5180 licet
3206 5169 3221 5182 .
3280 5166 3293 5179 .
3392 5125 3499 5178 501
