3797 5795
657 597 1020 659 turbatione
1089 598 1376 659 maxima
1443 605 1507 657 et
1574 596 1784 675 regnis
1853 596 2084 655 nostris
2150 592 2641 655 formidantibus
2702 596 3029 673 utriusque
3094 595 3373 655 vicissim

659 713 812 773 citra
845 719 1102 771 nostros
1131 709 1400 774 insultus
1431 707 1839 785 nihilominus
1867 708 2305 780 Tartarorum,
2336 707 2445 787 qui
2477 706 2850 767 huiusmodi·
2870 706 3375 769 dissensionibus

659 823 892 884 auditis
949 822 1128 905 regni
1187 823 1385 883 nostri
1446 820 1606 883 fines
1666 821 2027 903 attigerant,
2089 838 2291 900 quum
2338 820 2519 881 aliter
2578 822 2787 902 pacari
2838 838 2969 880 non
3014 839 3373 899 possemus,

661 938 780 999 nisi
824 938 986 999 inter
1033 955 1152 998 nos
1196 946 1262 997 et
1307 934 1666 1013 predictum
1712 952 1930 1017 regem
1979 933 2371 996 Boemorum
2433 932 2906 995 ordinassemus
2951 933 3377 1012 parentelam,

661 1049 881 1110 dando
927 1049 1045 1109 sibi
1091 1052 1154 1110 in
1203 1050 1678 1110 matrimonium
1729 1058 1994 1127 neptem
2040 1057 2325 1107 nostram
2390 1048 2577 1127 eique
2635 1047 3045 1109 matrimonio
3106 1046 3377 1127 impedi-

662 1173 880 1223 menta
924 1163 1206 1245 legitima
1251 1161 1612 1235 obviarent;
1657 1180 1847 1239 super
1891 1159 2124 1240 quibus
2170 1162 2381 1239 ipsum
2429 1161 2801 1241 magistrum
2848 1159 3169 1221 Thobiam
3215 1178 3369 1220 cum

658 1277 997 1337 iuramenti
1041 1275 1345 1357 religione
1390 1273 1473 1335 de
1517 1276 1927 1352 promotione
1974 1292 2083 1333 sua
2131 1282 2569 1334 assecurantes
2614 1272 2699 1332 ad
2742 1272 2983 1333 curiam
3030 1291 3366 1333 romanam

662 1388 1134 1463 destinavimus,
1178 1390 1370 1467 ipsius
1432 1388 1778 1447 ministerio
1841 1388 1905 1445 in
1967 1386 2443 1465 impedimentis
2503 1386 2880 1463 supradictis
2942 1384 3368 1464 apostolicam

663 1502 1211 1581 dispensationem
1257 1502 1606 1561 meruimus
1635 1510 1699 1560 et
1731 1518 1960 1578 pacem
2008 1509 2385 1578 perpetuam
2431 1516 2632 1579 regno
2680 1509 2921 1559 nostro.
2972 1498 3109 1559 Nos
3155 1500 3373 1577 itaque

663 1618 800 1677 eius
847 1617 1072 1676 merita
1117 1615 1688 1692 circumspectione
1734 1616 1905 1694 regia
1952 1612 2375 1685 attendenteS,
2422 1621 2493 1672 ut
2538 1610 2717 1691 quod
2763 1612 2879 1671 sibi
2925 1612 3377 1691 promittimuS,

664 1728 1043 1789 exolvamus
1087 1737 1151 1787 et
1199 1729 1261 1787 in
1324 1728 1462 1805 ipso
1529 1725 1905 1804 exemplum
1975 1725 2358 1803 prebeamus
2424 1726 2666 1798 ceteriS,
2727 1743 2858 1803 quo
2922 1724 3006 1784 ad
3053 1723 3377 1785 fidelitatis

666 1841 974 1920 obsequia
1033 1838 1514 1922 (accendantur)
1577 1841 1781 1917 ipsum
1850 1840 2219 1919 magistrum
2283 1836 2606 1897 Thobiam
2666 1836 2971 1898 duximus
3031 1837 3249 1898 favore
3310 1848 3375 1898 et

665 1952 1098 2015 munificentia
1165 1954 1336 2034 regia
1404 1971 1521 2031 pro
1589 1954 1828 2012 meritis
1893 1950 2436 2030 prosequendum,
2497 1952 2657 2011 sicut
2700 1949 2894 2029 paulo
2958 1949 3215 2010 inferius
3260 1969 3376 2009 ex-

666 2068 987 2145 primetur.
1049 2064 1268 2143 Quum
1329 2067 1516 2146 igitur
1574 2064 1838 2124 domina
1902 2062 2290 2143 (Catharina)
2353 2064 2458 2141 pie
2517 2062 2977 2124 recordationis
3040 2062 3373 2140 quondam

665 2178 916 2240 ducissa
965 2177 1337 2256 Karinthye,
1382 2178 1625 2238 domini
1661 2175 2038 2259 (Bertholdi)
2087 2176 2265 2237 ducis
2298 2175 2583 2237 Meranie
2614 2175 2741 2237 filia
2775 2185 3114 2237 matertera
3156 2188 3375 2237 nostra

667 2301 890 2352 nature
956 2291 1210 2352 solvens
1270 2290 1578 2363 debitum,
1639 2291 1848 2351 liberis
1919 2307 2049 2349 non
2112 2289 2358 2363 relictiS,
2414 2290 2477 2348 in
2547 2306 2667 2349 nos
2737 2300 3047 2368 tanquam
3113 2290 3177 2349 in
3224 2308 3371 2367 pro-

663 2406 912 2465 ximum
961 2422 1392 2465 successorem
1456 2402 1876 2463 hereditatem
1924 2421 2105 2463 suam
2152 2413 2215 2461 et
2262 2420 2457 2461 omne
2503 2404 2614 2475 iuS,
2684 2400 2862 2480 quod
2922 2401 3133 2463 eidem
3196 2420 3376 2462 com-

663 2517 930 2595 petebat
997 2517 1409 2577 transmiserit
1463 2518 1596 2576 iure
1663 2515 1883 2593 pleno;
1947 2533 2065 2575 nos
2134 2517 2336 2592 ipsam
2400 2513 2821 2575 hereditatem
2884 2527 2947 2575 et
3016 2534 3212 2575 omne
3278 2517 3377 2575 ius

665 2648 700 2687 a
747 2630 1036 2709 predicta
1097 2639 1433 2690 matertera
1504 2640 1720 2689 nostra
1795 2628 1982 2688 nobis
2055 2628 2546 2688 convenientem
2616 2636 2679 2688 et
2740 2628 3094 2706 specialiter
3168 2628 3377 2688 domi-

663 2743 844 2804 nium
923 2742 1228 2805 Karniole
1294 2761 1440 2803 cum
1512 2741 1813 2802 omnibus
1873 2743 2092 2801 castris
2137 2752 2201 2800 et
2247 2741 2508 2800 urbibus
2578 2759 2841 2819 quoquo
2904 2744 3166 2802 nomine
3226 2760 3376 2801 cen-

661 2866 924 2918 seantur
997 2874 1124 2936 que
1199 2866 1260 2917 et
1345 2857 1396 2916 si
1469 2854 1869 2935 presentibus
1946 2872 2077 2914 non
2149 2853 2591 2932 specificentur
2658 2854 2744 2915 ad
2818 2845 3079 2933 plenum
3156 2864 3376 2918 tamen

659 2968 938 3044 proinde
1013 2968 1248 3030 habere
1315 2968 1626 3042 volumuS,
1685 2987 1762 3028 ac
1823 2969 1872 3028 si
1941 2978 2152 3029 essent
2220 2966 2582 3048 singillatim
2660 2986 2986 3046 expressa,
3060 2968 3377 3042 dedimus,

659 3083 1119 3156 concessimuS,
1193 3080 1572 3142 tradidimus
1645 3099 1794 3142 cum
1883 3083 2055 3162 regia
2141 3080 2574 3141 munificentia
2662 3081 2992 3159 sepedicto
3070 3083 3377 3163 magistro

661 3190 925 3256 Thobie
969 3194 1086 3255 sibi
1134 3202 1198 3254 et
1243 3196 1370 3256 suis
1415 3194 1887 3255 successoribus
1945 3205 2258 3273 perpetuo
2321 3193 2781 3272 possidendum
2832 3212 3027 3254 omne
3072 3193 3156 3269 id,
3202 3194 3381 3270 quod

663 3323 755 3366 ex
803 3307 1090 3387 predicta
1137 3308 1536 3368 successione
1580 3307 1768 3367 nobis
1812 3309 2144 3386 competit,
2204 3307 2303 3367 vel
2348 3318 2717 3385 competere
2780 3316 2995 3386 potest
3040 3309 3103 3367 in
3153 3309 3383 3387 ipsum,

663 3435 952 3499 suosque
997 3439 1394 3481 successores
1453 3419 1734 3499 plenarie
1795 3420 2391 3482 transfundendum.
2453 3420 2511 3481 N
2518 3440 2592 3481 ec
2654 3420 2949 3482 volumus
3015 3432 3381 3500 presentem

665 3543 958 3594 nostram
1035 3532 1553 3606 munificentiam,
1620 3551 1814 3612 quam
1885 3532 2245 3595 nullatenus
2305 3553 2604 3596 revocare
2672 3538 3005 3597 iuramenti
3071 3537 3379 3620 religione

667 3639 1002 3706 firmamus
1046 3665 1084 3706 a
1129 3663 1458 3725 quoquam
1521 3647 1879 3727 impugnari
1928 3646 2024 3707 vel
2073 3649 2266 3709 etiam
2310 3649 2677 3727 attemptari
2722 3659 3023 3728 pretextu
3067 3652 3383 3712 immense

667 3754 1056 3832 donationis,
1117 3778 1231 3820 seu
1289 3761 1689 3820 instrumenti
1751 3762 1962 3820 minus
2016 3760 2454 3840 sollempniter
2507 3763 2823 3841 concepti,
2890 3772 3000 3824 aut
3046 3763 3383 3824 cuiuslibet

631 3870 644 3878 “
667 3869 930 3932 alterius
975 3872 1350 3933 obiectionis
1393 3875 1770 3948 interventu,
1818 3893 2015 3953 quam
2062 3873 2431 3935 adinvenire
2474 3884 2739 3953 possent
2784 3885 3205 3955 aucupatores
3253 3877 3381 3954 syl-

671 3980 962 4045 labarum
1009 4004 1122 4047 seu
1166 3986 1530 4047 inventores
1589 3989 2024 4066 cuiuscunque
2085 3987 2475 4060 subtilitatis;
2536 4005 2732 4068 quam
2798 4007 3059 4050 ornnem
3120 3991 3183 4049 in
3256 3989 3385 4050 hoe

671 4113 826 4158 casu
899 4100 1438 4178 pronunciacione
1514 4102 1685 4180 regia
1761 4100 2210 4180 reprobamus;
2286 4119 2487 4179 quum
2562 4110 2625 4161 et
2698 4112 2917 4162 nostra
2989 4103 3387 4182 presentialis

673 4214 1017 4273 auctoritas
1082 4211 1442 4291 sollempne
1503 4213 1691 4275 faciat
1755 4232 1883 4275 non
1953 4213 2309 4292 sollempne
2372 4224 2434 4273 et
2496 4214 2646 4275 nihil
2707 4217 3093 4276 immensum
3159 4216 3388 4298 regalis

673 4323 1026 4388 sublimitas
1084 4327 1148 4387 in
1214 4326 1434 4387 dando
1510 4326 1746 4387 debeat
1818 4337 2147 4406 reputare;
2216 4325 2392 4406 quod
2467 4329 2852 4389 immensum
2930 4347 3062 4390 non
3136 4339 3389 4408 reputat

675 4445 886 4498 totum
946 4459 1094 4500 eum
1165 4458 1358 4519 quem
1421 4441 1668 4519 accepit
1714 4461 1752 4499 a
1798 4441 2013 4502 celesti
2082 4441 2345 4501 numine
2410 4441 2857 4520 principatum.
2926 4441 2998 4501 In
3056 4444 3235 4504 cuius
3295 4445 3389 4504 rei

679 4549 1114 4614 testimonium
1145 4563 1209 4614 et
1240 4563 1618 4632 perpetuam
1663 4551 2027 4614 firmitatem
2076 4563 2403 4632 presentes
2448 4553 2687 4615 litteras
2725 4553 3021 4616 dedimus
3066 4555 3385 4636 dupplicis

671 4659 856 4741 ‘sigilli
901 4667 1100 4725 nostri
1147 4668 1498 4728 munimine
1545 4667 1896 4730 roboratas.
1942 4667 2185 4729 Datum
2218 4687 2331 4746 per
2364 4686 2591 4728 manus
2636 4667 2930 4744 Farcasii,
2975 4669 3118 4730 aule
3164 4680 3386 4731 nostre

678 4775 1168 4840 vicecancellarii
1236 4779 1418 4842 electi
1495 4781 1760 4842 ecclesie
1827 4780 2145 4852 Albensis,
2214 4780 2426 4841 dilecti
2502 4791 2569 4841 et
2628 4781 2833 4842 fidelis
2898 4785 3109 4843 nostri.
3182 4781 3388 4845 Anno

681 4885 924 4950 domini
973 4889 1411 4968 MCCLXIH„
1451 4893 1594 4955 VII.
1627 4892 1769 4953 idus
1813 4895 2093 4966 ianuarii,
2138 4895 2314 4974 regni
2360 4903 2577 4953 autem
2625 4896 2821 4954 nostri
2866 4913 3039 4955 anno
3086 4896 3391 4956 vicesimo

681 5009 926 5062 octavo.

854 5117 1044 5193 Fey'c'r
1093 5119 1236 5177 Cod.
1287 5121 1432 5196 dipl.
1481 5121 1693 5194 Hung.
1745 5121 1855 5178 JV.
1910 5123 1963 5176 3.
2010 5123 2348 5176 100-103.
2393 5119 2521 5193 koji
2563 5121 2843 5178 domec'e:
