<?xml version="1.0" encoding="UTF-8"?>
<!DOCTYPE html PUBLIC "-//W3C//DTD XHTML 1.0 Transitional//EN"
    "http://www.w3.org/TR/xhtml1/DTD/xhtml1-transitional.dtd">
<html xmlns="http://www.w3.org/1999/xhtml" xml:lang="en" lang="en">
 <head>
  <title>
</title>
<meta http-equiv="Content-Type" content="text/html;charset=utf-8" />
  <meta name='ocr-system' content='tesseract 3.04.00' />
  <meta name='ocr-capabilities' content='ocr_page ocr_carea ocr_par ocr_line ocrx_word'/>
</head>
<body>
  <div class='ocr_page' id='page_1' title='image "./codexdiplomatic00umjegoog_0289.png"; bbox 0 0 3797 5795; ppageno 0'>
   <div class='ocr_carea' id='block_1_1' title="bbox 1789 385 2207 450">
    <p class='ocr_par' dir='ltr' id='par_1_1' title="bbox 1789 385 2207 450">
     <span class='ocr_line' id='line_1_1' title="bbox 1789 385 2207 450; baseline 0.002 -2"><span class='ocrx_word' id='word_1_1' title='bbox 1789 385 2207 450; x_wconf 80' lang='lat'><strong>—276—</strong></span> 
     </span>
    </p>
   </div>
   <div class='ocr_carea' id='block_1_2' title="bbox 637 678 2101 936">
    <p class='ocr_par' dir='ltr' id='par_1_2' title="bbox 637 678 2101 936">
     <span class='ocr_line' id='line_1_2' title="bbox 1908 678 2101 759; baseline 0 -2"><span class='ocrx_word' id='word_1_2' title='bbox 1908 678 2015 759; x_wconf 80' lang='lat'><strong>77</strong></span> <span class='ocrx_word' id='word_1_3' title='bbox 2032 679 2101 757; x_wconf 92' lang='lat'><strong>1.</strong></span> 
     </span>
     <span class='ocr_line' id='line_1_3' title="bbox 637 851 2058 936; baseline -0.003 -15"><span class='ocrx_word' id='word_1_4' title='bbox 637 858 840 936; x_wconf 84' lang='lat'><strong>1263,</strong></span> <span class='ocrx_word' id='word_1_5' title='bbox 886 857 986 920; x_wconf 88' lang='grc'><strong>21.</strong></span> <span class='ocrx_word' id='word_1_6' title='bbox 1035 853 1444 923; x_wconf 69' lang='lat' dir='ltr'><strong>decembre..</strong></span> <span class='ocrx_word' id='word_1_7' title='bbox 1489 854 1548 920; x_wconf 89' lang='lat' dir='ltr'>U</span> <span class='ocrx_word' id='word_1_8' title='bbox 1596 851 2058 921; x_wconf 72' lang='lat' dir='ltr'><strong>Gittavechii.</strong></span> 
     </span>
    </p>
   </div>
   <div class='ocr_carea' id='block_1_3' title="bbox 869 1042 3126 1129">
    <p class='ocr_par' dir='ltr' id='par_1_3' title="bbox 869 1042 3126 1129">
     <span class='ocr_line' id='line_1_4' title="bbox 869 1042 3126 1129; baseline -0.001 -20"><span class='ocrx_word' id='word_1_9' title='bbox 869 1046 1101 1109; x_wconf 85' lang='lat' dir='ltr'><strong>Urban</strong></span> <span class='ocrx_word' id='word_1_10' title='bbox 1151 1044 1200 1107; x_wconf 92' lang='lat' dir='ltr'><em>I</em></span> <span class='ocrx_word' id='word_1_11' title='bbox 1207 1044 1277 1107; x_wconf 85' lang='lat' dir='ltr'><strong>V.</strong></span> <span class='ocrx_word' id='word_1_12' title='bbox 1325 1051 1505 1129; x_wconf 76' lang='lat' dir='ltr'><strong>papa</strong></span> <span class='ocrx_word' id='word_1_13' title='bbox 1545 1042 1943 1129; x_wconf 77' lang='lat' dir='ltr'><strong>potvm&#39;juje</strong></span> <span class='ocrx_word' id='word_1_14' title='bbox 1987 1042 2273 1128; x_wconf 56' lang='lat' dir='ltr'><strong>kragjici</strong></span> <span class='ocrx_word' id='word_1_15' title='bbox 2311 1042 2571 1128; x_wconf 75' lang='lat' dir='ltr'><strong>Mart’jz&#39;</strong></span> <span class='ocrx_word' id='word_1_16' title='bbox 2607 1044 2798 1129; x_wconf 78' lang='lat' dir='ltr'><strong>grad</strong></span> <span class='ocrx_word' id='word_1_17' title='bbox 2842 1043 3126 1129; x_wconf 69' lang='lat' dir='ltr'><strong>Poiegu.</strong></span> 
     </span>
    </p>
   </div>
   <div class='ocr_carea' id='block_1_4' title="bbox 639 1234 3371 4030">
    <p class='ocr_par' dir='ltr' id='par_1_4' title="bbox 639 1234 3371 4030">
     <span class='ocr_line' id='line_1_5' title="bbox 823 1234 3357 1317; baseline -0.002 -16"><span class='ocrx_word' id='word_1_18' title='bbox 823 1240 1120 1303; x_wconf 89' lang='lat' dir='ltr'><strong>Urbanus</strong></span> <span class='ocrx_word' id='word_1_19' title='bbox 1179 1239 1519 1317; x_wconf 90' lang='lat' dir='ltr'><strong>episcopus</strong></span> <span class='ocrx_word' id='word_1_20' title='bbox 1578 1255 1795 1297; x_wconf 89' lang='lat' dir='ltr'><strong>servus</strong></span> <span class='ocrx_word' id='word_1_21' title='bbox 1854 1255 2183 1297; x_wconf 90' lang='lat' dir='ltr'><strong>servorum</strong></span> <span class='ocrx_word' id='word_1_22' title='bbox 2245 1235 2348 1298; x_wconf 89' lang='lat' dir='ltr'><strong>dei</strong></span> <span class='ocrx_word' id='word_1_23' title='bbox 2412 1238 2733 1298; x_wconf 80' lang='lat' dir='ltr'>carissime</span> <span class='ocrx_word' id='word_1_24' title='bbox 2797 1238 2860 1297; x_wconf 88' lang='lat' dir='ltr'><strong>in</strong></span> <span class='ocrx_word' id='word_1_25' title='bbox 2927 1234 3179 1299; x_wconf 88' lang='lat' dir='ltr'><strong>Christo</strong></span> <span class='ocrx_word' id='word_1_26' title='bbox 3226 1234 3357 1297; x_wconf 90' lang='lat' dir='ltr'><strong>filie</strong></span> 
     </span>
     <span class='ocr_line' id='line_1_6' title="bbox 643 1348 3359 1433; baseline -0.001 -18"><span class='ocrx_word' id='word_1_27' title='bbox 643 1353 845 1415; x_wconf 86' lang='lat' dir='ltr'><strong>Marie</strong></span> <span class='ocrx_word' id='word_1_28' title='bbox 890 1351 1109 1413; x_wconf 85' lang='lat' dir='ltr'><strong>illustri</strong></span> <span class='ocrx_word' id='word_1_29' title='bbox 1153 1352 1370 1433; x_wconf 88' lang='lat' dir='ltr'><strong>regine</strong></span> <span class='ocrx_word' id='word_1_30' title='bbox 1405 1350 1685 1432; x_wconf 90' lang='lat' dir='ltr'><strong>Ungarie</strong></span> <span class='ocrx_word' id='word_1_31' title='bbox 1729 1348 2002 1410; x_wconf 90' lang='lat' dir='ltr'><strong>salutem</strong></span> <span class='ocrx_word' id='word_1_32' title='bbox 2033 1360 2097 1410; x_wconf 91' lang='lat' dir='ltr'><strong>et</strong></span> <span class='ocrx_word' id='word_1_33' title='bbox 2129 1348 2551 1428; x_wconf 87' lang='lat' dir='ltr'><strong>apostolicam</strong></span> <span class='ocrx_word' id='word_1_34' title='bbox 2595 1348 3135 1410; x_wconf 79' lang='lat' dir='ltr'><strong>benedictionem.</strong></span> <span class='ocrx_word' id='word_1_35' title='bbox 3176 1348 3359 1430; x_wconf 87' lang='lat' dir='ltr'><strong>Justa</strong></span> 
     </span>
     <span class='ocr_line' id='line_1_7' title="bbox 641 1462 3360 1544; baseline -0.001 -17"><span class='ocrx_word' id='word_1_36' title='bbox 641 1466 955 1528; x_wconf 87' lang='lat' dir='ltr'><strong>desideria</strong></span> <span class='ocrx_word' id='word_1_37' title='bbox 985 1475 1104 1525; x_wconf 87' lang='lat' dir='ltr'><strong>ete.</strong></span> <span class='ocrx_word' id='word_1_38' title='bbox 1163 1462 1360 1542; x_wconf 81' lang='lat' dir='ltr'><strong>Quod</strong></span> <span class='ocrx_word' id='word_1_39' title='bbox 1406 1481 1554 1524; x_wconf 90' lang='lat' dir='ltr'><strong>cum</strong></span> <span class='ocrx_word' id='word_1_40' title='bbox 1601 1463 1770 1524; x_wconf 91' lang='lat' dir='ltr'><strong>idem</strong></span> <span class='ocrx_word' id='word_1_41' title='bbox 1820 1481 1938 1523; x_wconf 87' lang='lat' dir='ltr'><strong>rex</strong></span> <span class='ocrx_word' id='word_1_42' title='bbox 1982 1475 2045 1524; x_wconf 92' lang='lat' dir='ltr'><strong>et</strong></span> <span class='ocrx_word' id='word_1_43' title='bbox 2091 1474 2161 1523; x_wconf 91' lang='lat' dir='ltr'><strong>tu</strong></span> <span class='ocrx_word' id='word_1_44' title='bbox 2206 1481 2281 1523; x_wconf 89' lang='lat' dir='ltr'><strong>ac</strong></span> <span class='ocrx_word' id='word_1_45' title='bbox 2329 1462 2510 1523; x_wconf 81' lang='lat' dir='ltr'><strong>multi</strong></span> <span class='ocrx_word' id='word_1_46' title='bbox 2556 1463 2804 1523; x_wconf 91' lang='lat' dir='ltr'><strong>nobiles</strong></span> <span class='ocrx_word' id='word_1_47' title='bbox 2849 1464 3026 1544; x_wconf 89' lang='lat' dir='ltr'><strong>regni</strong></span> <span class='ocrx_word' id='word_1_48' title='bbox 3074 1462 3360 1544; x_wconf 86' lang='lat' dir='ltr'><strong>Ungarie</strong></span> 
     </span>
     <span class='ocr_line' id='line_1_8' title="bbox 641 1575 3359 1660; baseline -0.001 -20"><span class='ocrx_word' id='word_1_49' title='bbox 641 1590 905 1660; x_wconf 87' lang='lat' dir='ltr'><strong>propter</strong></span> <span class='ocrx_word' id='word_1_50' title='bbox 965 1581 1264 1639; x_wconf 89' lang='lat' dir='ltr'><strong>timorem</strong></span> <span class='ocrx_word' id='word_1_51' title='bbox 1340 1577 1422 1638; x_wconf 92' lang='lat' dir='ltr'><strong>de</strong></span> <span class='ocrx_word' id='word_1_52' title='bbox 1488 1577 1813 1638; x_wconf 87' lang='lat' dir='ltr'><strong>Tartarica</strong></span> <span class='ocrx_word' id='word_1_53' title='bbox 1889 1576 2138 1637; x_wconf 86' lang='lat' dir='ltr'><strong>feritate</strong></span> <span class='ocrx_word' id='word_1_54' title='bbox 2212 1585 2600 1654; x_wconf 90' lang='lat' dir='ltr'><strong>conceptum</strong></span> <span class='ocrx_word' id='word_1_55' title='bbox 2669 1575 2753 1636; x_wconf 91' lang='lat' dir='ltr'><strong>ad</strong></span> <span class='ocrx_word' id='word_1_56' title='bbox 2828 1575 2971 1636; x_wconf 89' lang='lat' dir='ltr'><strong>loca</strong></span> <span class='ocrx_word' id='word_1_57' title='bbox 3038 1578 3359 1637; x_wconf 84' lang='lat' dir='ltr'><strong>maritima</strong></span> 
     </span>
     <span class='ocr_line' id='line_1_9' title="bbox 641 1687 3360 1769; baseline -0.001 -16"><span class='ocrx_word' id='word_1_58' title='bbox 641 1694 980 1753; x_wconf 84' lang='lat' dir='ltr'><strong>transitum</strong></span> <span class='ocrx_word' id='word_1_59' title='bbox 1024 1691 1344 1763; x_wconf 59' lang='lat' dir='ltr'><strong>fecissem,</strong></span> <span class='ocrx_word' id='word_1_60' title='bbox 1389 1700 1460 1751; x_wconf 91' lang='lat' dir='ltr'><strong>tu</strong></span> <span class='ocrx_word' id='word_1_61' title='bbox 1491 1691 1618 1749; x_wconf 89' lang='lat' dir='ltr'><strong>iam</strong></span> <span class='ocrx_word' id='word_1_62' title='bbox 1652 1688 1834 1749; x_wconf 88' lang='lat' dir='ltr'><strong>dictis</strong></span> <span class='ocrx_word' id='word_1_63' title='bbox 1866 1687 2187 1749; x_wconf 85' lang='lat' dir='ltr'><strong>nobilibus</strong></span> <span class='ocrx_word' id='word_1_64' title='bbox 2216 1689 2440 1767; x_wconf 87' lang='lat' dir='ltr'><strong>positis</strong></span> <span class='ocrx_word' id='word_1_65' title='bbox 2470 1690 2534 1749; x_wconf 91' lang='lat' dir='ltr'><strong>in</strong></span> <span class='ocrx_word' id='word_1_66' title='bbox 2564 1688 2737 1769; x_wconf 88' lang='lat' dir='ltr'><strong>gravi</strong></span> <span class='ocrx_word' id='word_1_67' title='bbox 2771 1690 3149 1749; x_wconf 84' lang='lat' dir='ltr'><strong>necessitate</strong></span> <span class='ocrx_word' id='word_1_68' title='bbox 3179 1707 3360 1750; x_wconf 82' lang='lat' dir='ltr'><strong>com·</strong></span> 
     </span>
     <span class='ocr_line' id='line_1_10' title="bbox 640 1801 3361 1885; baseline -0.001 -19"><span class='ocrx_word' id='word_1_69' title='bbox 640 1808 908 1885; x_wconf 78' lang='lat' dir='ltr'><strong>patienS,</strong></span> <span class='ocrx_word' id='word_1_70' title='bbox 953 1824 1072 1884; x_wconf 90' lang='lat' dir='ltr'><strong>pro</strong></span> <span class='ocrx_word' id='word_1_71' title='bbox 1119 1804 1582 1865; x_wconf 82' lang='lat' dir='ltr'><strong>sustentatione</strong></span> <span class='ocrx_word' id='word_1_72' title='bbox 1627 1804 1910 1882; x_wconf 34' lang='lat' dir='ltr'><strong>ipso-rum</strong></span> <span class='ocrx_word' id='word_1_73' title='bbox 1958 1801 2042 1863; x_wconf 92' lang='lat' dir='ltr'><strong>de</strong></span> <span class='ocrx_word' id='word_1_74' title='bbox 2088 1803 2211 1862; x_wconf 89' lang='lat' dir='ltr'><strong>tuis</strong></span> <span class='ocrx_word' id='word_1_75' title='bbox 2255 1801 2757 1881; x_wconf 88' lang='lat' dir='ltr'><strong>parafernalibus</strong></span> <span class='ocrx_word' id='word_1_76' title='bbox 2796 1802 2985 1863; x_wconf 91' lang='lat' dir='ltr'><strong>bonis</strong></span> <span class='ocrx_word' id='word_1_77' title='bbox 3030 1820 3161 1863; x_wconf 90' lang='lat' dir='ltr'><strong>non</strong></span> <span class='ocrx_word' id='word_1_78' title='bbox 3218 1821 3361 1863; x_wconf 90' lang='lat' dir='ltr'><strong>mo-</strong></span> 
     </span>
     <span class='ocr_line' id='line_1_11' title="bbox 641 1913 3361 1997; baseline -0.001 -18"><span class='ocrx_word' id='word_1_79' title='bbox 641 1918 856 1979; x_wconf 88' lang='lat' dir='ltr'><strong>dicam</strong></span> <span class='ocrx_word' id='word_1_80' title='bbox 915 1916 1276 1997; x_wconf 88' lang='lat' dir='ltr'><strong>expendisti</strong></span> <span class='ocrx_word' id='word_1_81' title='bbox 1321 1918 1593 1995; x_wconf 88' lang='lat' dir='ltr'><strong>pecunie</strong></span> <span class='ocrx_word' id='word_1_82' title='bbox 1653 1918 2095 1995; x_wconf 88' lang='lat' dir='ltr'><strong>quantitatem.</strong></span> <span class='ocrx_word' id='word_1_83' title='bbox 2170 1913 2455 1977; x_wconf 89' lang='lat' dir='ltr'><strong>Demum</strong></span> <span class='ocrx_word' id='word_1_84' title='bbox 2522 1934 2675 1976; x_wconf 91' lang='lat' dir='ltr'><strong>vero</strong></span> <span class='ocrx_word' id='word_1_85' title='bbox 2734 1915 2908 1976; x_wconf 88' lang='lat' dir='ltr'><strong>idem</strong></span> <span class='ocrx_word' id='word_1_86' title='bbox 2970 1934 3089 1977; x_wconf 86' lang='lat' dir='ltr'><strong>rex</strong></span> <span class='ocrx_word' id='word_1_87' title='bbox 3147 1915 3361 1977; x_wconf 88' lang='lat' dir='ltr'><strong>huius-</strong></span> 
     </span>
     <span class='ocr_line' id='line_1_12' title="bbox 642 2027 3357 2110; baseline -0.001 -19"><span class='ocrx_word' id='word_1_88' title='bbox 642 2031 822 2091; x_wconf 89' lang='lat' dir='ltr'><strong>modi</strong></span> <span class='ocrx_word' id='word_1_89' title='bbox 889 2032 1142 2110; x_wconf 91' lang='lat' dir='ltr'><strong>pietatis</strong></span> <span class='ocrx_word' id='word_1_90' title='bbox 1209 2048 1372 2108; x_wconf 92' lang='lat' dir='ltr'><strong>opus</strong></span> <span class='ocrx_word' id='word_1_91' title='bbox 1439 2028 1789 2090; x_wconf 89' lang='lat' dir='ltr'><strong>clementer</strong></span> <span class='ocrx_word' id='word_1_92' title='bbox 1853 2027 2196 2089; x_wconf 87' lang='lat' dir='ltr'><strong>attendens</strong></span> <span class='ocrx_word' id='word_1_93' title='bbox 2254 2038 2534 2089; x_wconf 86' lang='lat' dir='ltr'><strong>castrum</strong></span> <span class='ocrx_word' id='word_1_94' title='bbox 2597 2027 2679 2089; x_wconf 91' lang='lat' dir='ltr'><strong>de</strong></span> <span class='ocrx_word' id='word_1_95' title='bbox 2740 2029 3019 2110; x_wconf 89' lang='lat' dir='ltr'><strong>Possega</strong></span> <span class='ocrx_word' id='word_1_96' title='bbox 3075 2028 3161 2090; x_wconf 89' lang='lat' dir='ltr'><strong>ad</strong></span> <span class='ocrx_word' id='word_1_97' title='bbox 3206 2047 3357 2090; x_wconf 92' lang='lat' dir='ltr'><strong>eum</strong></span> 
     </span>
     <span class='ocr_line' id='line_1_13' title="bbox 641 2140 3360 2223; baseline -0.001 -19"><span class='ocrx_word' id='word_1_98' title='bbox 641 2154 972 2223; x_wconf 80' lang='lat' dir='ltr'><strong>pertinens</strong></span> <span class='ocrx_word' id='word_1_99' title='bbox 1015 2146 1080 2203; x_wconf 89' lang='lat' dir='ltr'><strong>in</strong></span> <span class='ocrx_word' id='word_1_100' title='bbox 1127 2143 1366 2204; x_wconf 88' lang='lat' dir='ltr'><strong>ducatu</strong></span> <span class='ocrx_word' id='word_1_101' title='bbox 1409 2140 1748 2204; x_wconf 89' lang='lat' dir='ltr'><strong>Sclavonie</strong></span> <span class='ocrx_word' id='word_1_102' title='bbox 1796 2143 2235 2215; x_wconf 87' lang='lat' dir='ltr'><strong>constitutum,</strong></span> <span class='ocrx_word' id='word_1_103' title='bbox 2280 2141 2631 2203; x_wconf 88' lang='lat' dir='ltr'><strong>accedente</strong></span> <span class='ocrx_word' id='word_1_104' title='bbox 2676 2141 2942 2202; x_wconf 91' lang='lat' dir='ltr'><strong>demum</strong></span> <span class='ocrx_word' id='word_1_105' title='bbox 2988 2141 3073 2203; x_wconf 88' lang='lat' dir='ltr'><strong>ad</strong></span> <span class='ocrx_word' id='word_1_106' title='bbox 3110 2142 3175 2203; x_wconf 89' lang='lat' dir='ltr'><strong>id</strong></span> <span class='ocrx_word' id='word_1_107' title='bbox 3206 2159 3360 2202; x_wconf 89' lang='lat' dir='ltr'><strong>con-</strong></span> 
     </span>
     <span class='ocr_line' id='line_1_14' title="bbox 641 2252 3363 2337; baseline -0.001 -20"><span class='ocrx_word' id='word_1_108' title='bbox 641 2275 838 2317; x_wconf 91' lang='lat' dir='ltr'><strong>sensu</strong></span> <span class='ocrx_word' id='word_1_109' title='bbox 884 2257 1188 2317; x_wconf 86' lang='lat' dir='ltr'><strong>carissimi</strong></span> <span class='ocrx_word' id='word_1_110' title='bbox 1220 2256 1284 2317; x_wconf 89' lang='lat' dir='ltr'><strong>in</strong></span> <span class='ocrx_word' id='word_1_111' title='bbox 1319 2252 1571 2319; x_wconf 84' lang='lat' dir='ltr'><strong>Christo</strong></span> <span class='ocrx_word' id='word_1_112' title='bbox 1615 2254 1722 2315; x_wconf 92' lang='lat' dir='ltr'><strong>filii</strong></span> <span class='ocrx_word' id='word_1_113' title='bbox 1772 2256 1969 2315; x_wconf 86' lang='lat' dir='ltr'><strong>nostri</strong></span> <span class='ocrx_word' id='word_1_114' title='bbox 2014 2252 2326 2333; x_wconf 88' lang='lat' dir='ltr'><strong>Stephani</strong></span> <span class='ocrx_word' id='word_1_115' title='bbox 2372 2256 2537 2336; x_wconf 91' lang='lat' dir='ltr'><strong>regis</strong></span> <span class='ocrx_word' id='word_1_116' title='bbox 2566 2254 2819 2315; x_wconf 91' lang='lat' dir='ltr'><strong>illustris</strong></span> <span class='ocrx_word' id='word_1_117' title='bbox 2849 2256 3255 2337; x_wconf 85' lang='lat' dir='ltr'><strong>primogeniti</strong></span> <span class='ocrx_word' id='word_1_118' title='bbox 3283 2273 3363 2315; x_wconf 90' lang='lat' dir='ltr'><strong>ac</strong></span> 
     </span>
     <span class='ocr_line' id='line_1_15' title="bbox 641 2366 3361 2446; baseline -0.001 -17"><span class='ocrx_word' id='word_1_119' title='bbox 641 2370 877 2431; x_wconf 90' lang='lat' dir='ltr'><strong>nobilis</strong></span> <span class='ocrx_word' id='word_1_120' title='bbox 908 2370 1017 2429; x_wconf 90' lang='lat' dir='ltr'><strong>viri</strong></span> <span class='ocrx_word' id='word_1_121' title='bbox 1068 2368 1219 2429; x_wconf 92' lang='lat' dir='ltr'><strong>Bele</strong></span> <span class='ocrx_word' id='word_1_122' title='bbox 1261 2368 1441 2429; x_wconf 90' lang='lat' dir='ltr'><strong>ducis</strong></span> <span class='ocrx_word' id='word_1_123' title='bbox 1486 2366 1823 2430; x_wconf 88' lang='lat' dir='ltr'><strong>Sclavonie</strong></span> <span class='ocrx_word' id='word_1_124' title='bbox 1871 2368 2002 2427; x_wconf 89' lang='lat' dir='ltr'><strong>nati</strong></span> <span class='ocrx_word' id='word_1_125' title='bbox 2048 2378 2325 2441; x_wconf 84' lang='lat' dir='ltr'><strong>tuorum,</strong></span> <span class='ocrx_word' id='word_1_126' title='bbox 2370 2386 2628 2428; x_wconf 90' lang='lat' dir='ltr'><strong>necnon</strong></span> <span class='ocrx_word' id='word_1_127' title='bbox 2672 2367 3065 2446; x_wconf 86' lang='lat' dir='ltr'><strong>prelatorum</strong></span> <span class='ocrx_word' id='word_1_128' title='bbox 3126 2379 3191 2429; x_wconf 89' lang='lat' dir='ltr'><strong>et</strong></span> <span class='ocrx_word' id='word_1_129' title='bbox 3250 2368 3361 2427; x_wconf 88' lang='lat' dir='ltr'><strong>ba-</strong></span> 
     </span>
     <span class='ocr_line' id='line_1_16' title="bbox 639 2480 3369 2562; baseline -0.001 -18"><span class='ocrx_word' id='word_1_130' title='bbox 639 2502 876 2544; x_wconf 91' lang='lat' dir='ltr'><strong>ronum</strong></span> <span class='ocrx_word' id='word_1_131' title='bbox 939 2482 1283 2561; x_wconf 89' lang='lat' dir='ltr'><strong>supradicti</strong></span> <span class='ocrx_word' id='word_1_132' title='bbox 1344 2482 1539 2562; x_wconf 85' lang='lat' dir='ltr'><strong>regni,</strong></span> <span class='ocrx_word' id='word_1_133' title='bbox 1606 2481 1721 2542; x_wconf 89' lang='lat' dir='ltr'><strong>tibi</strong></span> <span class='ocrx_word' id='word_1_134' title='bbox 1785 2482 1955 2561; x_wconf 87' lang='lat' dir='ltr'><strong>regia</strong></span> <span class='ocrx_word' id='word_1_135' title='bbox 2020 2480 2395 2541; x_wconf 89' lang='lat' dir='ltr'><strong>liberalitate</strong></span> <span class='ocrx_word' id='word_1_136' title='bbox 2456 2480 2736 2554; x_wconf 84' lang='lat' dir='ltr'><strong>donavit,</strong></span> <span class='ocrx_word' id='word_1_137' title='bbox 2781 2494 2972 2559; x_wconf 88' lang='lat' dir='ltr'><strong>prout</strong></span> <span class='ocrx_word' id='word_1_138' title='bbox 3026 2482 3093 2541; x_wconf 92' lang='lat' dir='ltr'><strong>in</strong></span> <span class='ocrx_word' id='word_1_139' title='bbox 3143 2490 3369 2561; x_wconf 89' lang='lat' dir='ltr'><strong>paten-</strong></span> 
     </span>
     <span class='ocr_line' id='line_1_17' title="bbox 641 2592 3367 2677; baseline -0.001 -21"><span class='ocrx_word' id='word_1_140' title='bbox 641 2596 816 2657; x_wconf 91' lang='lat' dir='ltr'><strong>tibus</strong></span> <span class='ocrx_word' id='word_1_141' title='bbox 877 2595 1100 2657; x_wconf 90' lang='lat' dir='ltr'><strong>litteris</strong></span> <span class='ocrx_word' id='word_1_142' title='bbox 1159 2596 1322 2677; x_wconf 88' lang='lat' dir='ltr'><strong>regis</strong></span> <span class='ocrx_word' id='word_1_143' title='bbox 1383 2592 1672 2654; x_wconf 91' lang='lat' dir='ltr'><strong>eiusdem</strong></span> <span class='ocrx_word' id='word_1_144' title='bbox 1741 2594 2052 2654; x_wconf 89' lang='lat' dir='ltr'><strong>confectis</strong></span> <span class='ocrx_word' id='word_1_145' title='bbox 2112 2592 2350 2655; x_wconf 85' lang='lat' dir='ltr'><strong>exinde</strong></span> <span class='ocrx_word' id='word_1_146' title='bbox 2413 2593 2665 2671; x_wconf 88' lang='lat' dir='ltr'><strong>plenius</strong></span> <span class='ocrx_word' id='word_1_147' title='bbox 2736 2593 2965 2655; x_wconf 89' lang='lat' dir='ltr'><strong>dicitur</strong></span> <span class='ocrx_word' id='word_1_148' title='bbox 3039 2596 3367 2654; x_wconf 90' lang='lat' dir='ltr'><strong>contineri.</strong></span> 
     </span>
     <span class='ocr_line' id='line_1_18' title="bbox 642 2706 3363 2790; baseline -0.002 -20"><span class='ocrx_word' id='word_1_149' title='bbox 642 2707 864 2787; x_wconf 81' lang='lat' dir='ltr'><strong>Quare</strong></span> <span class='ocrx_word' id='word_1_150' title='bbox 909 2728 1026 2788; x_wconf 88' lang='lat' dir='ltr'><strong>pro</strong></span> <span class='ocrx_word' id='word_1_151' title='bbox 1071 2709 1265 2787; x_wconf 89' lang='lat' dir='ltr'><strong>ipsius</strong></span> <span class='ocrx_word' id='word_1_152' title='bbox 1310 2710 1474 2790; x_wconf 90' lang='lat' dir='ltr'><strong>regis</strong></span> <span class='ocrx_word' id='word_1_153' title='bbox 1519 2718 1584 2767; x_wconf 90' lang='lat' dir='ltr'><strong>et</strong></span> <span class='ocrx_word' id='word_1_154' title='bbox 1627 2716 1736 2768; x_wconf 89' lang='lat' dir='ltr'><strong>tua</strong></span> <span class='ocrx_word' id='word_1_155' title='bbox 1781 2716 1963 2784; x_wconf 88' lang='lat' dir='ltr'><strong>parte</strong></span> <span class='ocrx_word' id='word_1_156' title='bbox 2023 2707 2364 2785; x_wconf 87' lang='lat' dir='ltr'><strong>petebatur</strong></span> <span class='ocrx_word' id='word_1_157' title='bbox 2431 2726 2469 2766; x_wconf 91' lang='lat' dir='ltr'><strong>a</strong></span> <span class='ocrx_word' id='word_1_158' title='bbox 2538 2707 2741 2781; x_wconf 83' lang='lat' dir='ltr'><strong>nobiS,</strong></span> <span class='ocrx_word' id='word_1_159' title='bbox 2812 2719 2882 2767; x_wconf 89' lang='lat' dir='ltr'><strong>ut</strong></span> <span class='ocrx_word' id='word_1_160' title='bbox 2942 2706 3363 2767; x_wconf 90' lang='lat' dir='ltr'><strong>donationem</strong></span> 
     </span>
     <span class='ocr_line' id='line_1_19' title="bbox 643 2820 3367 2900; baseline -0.001 -18"><span class='ocrx_word' id='word_1_161' title='bbox 643 2821 1012 2882; x_wconf 88' lang='lat' dir='ltr'><strong>huiusmodi</strong></span> <span class='ocrx_word' id='word_1_162' title='bbox 1061 2838 1192 2881; x_wconf 90' lang='lat' dir='ltr'><strong>non</strong></span> <span class='ocrx_word' id='word_1_163' title='bbox 1227 2820 1632 2881; x_wconf 90' lang='lat' dir='ltr'><strong>obstantibus</strong></span> <span class='ocrx_word' id='word_1_164' title='bbox 1676 2820 2239 2880; x_wconf 89' lang='lat' dir='ltr'><strong>constitutionibus</strong></span> <span class='ocrx_word' id='word_1_165' title='bbox 2284 2821 2630 2893; x_wconf 84' lang='lat' dir='ltr'><strong>contrariiS‚</strong></span> <span class='ocrx_word' id='word_1_166' title='bbox 2674 2837 2801 2900; x_wconf 90' lang='lat' dir='ltr'><strong>que</strong></span> <span class='ocrx_word' id='word_1_167' title='bbox 2845 2822 3009 2881; x_wconf 90' lang='lat' dir='ltr'><strong>inter</strong></span> <span class='ocrx_word' id='word_1_168' title='bbox 3053 2823 3255 2881; x_wconf 91' lang='lat' dir='ltr'><strong>virum</strong></span> <span class='ocrx_word' id='word_1_169' title='bbox 3300 2830 3367 2879; x_wconf 86' lang='lat' dir='ltr'><strong>et</strong></span> 
     </span>
     <span class='ocr_line' id='line_1_20' title="bbox 641 2931 3365 3012; baseline -0.001 -16"><span class='ocrx_word' id='word_1_170' title='bbox 641 2955 922 2997; x_wconf 80' lang='lat' dir='ltr'><strong>uxorem</strong></span> <span class='ocrx_word' id='word_1_171' title='bbox 985 2935 1368 2996; x_wconf 86' lang='lat' dir='ltr'><strong>donationes</strong></span> <span class='ocrx_word' id='word_1_172' title='bbox 1412 2933 1546 2994; x_wconf 91' lang='lat' dir='ltr'><strong>fieri</strong></span> <span class='ocrx_word' id='word_1_173' title='bbox 1591 2932 1953 3012; x_wconf 89' lang='lat' dir='ltr'><strong>prohibent,</strong></span> <span class='ocrx_word' id='word_1_174' title='bbox 2012 2931 2370 3012; x_wconf 88' lang='lat' dir='ltr'><strong>apostolico</strong></span> <span class='ocrx_word' id='word_1_175' title='bbox 2431 2951 2797 2995; x_wconf 87' lang='lat' dir='ltr'><strong>curaremus</strong></span> <span class='ocrx_word' id='word_1_176' title='bbox 2845 2935 3200 2996; x_wconf 88' lang='lat' dir='ltr'><strong>munimine</strong></span> <span class='ocrx_word' id='word_1_177' title='bbox 3260 2951 3365 2993; x_wconf 89' lang='lat' dir='ltr'><strong>ro-</strong></span> 
     </span>
     <span class='ocr_line' id='line_1_21' title="bbox 642 3043 3369 3126; baseline -0 -19"><span class='ocrx_word' id='word_1_178' title='bbox 642 3048 897 3110; x_wconf 90' lang='lat' dir='ltr'><strong>borare.</strong></span> <span class='ocrx_word' id='word_1_179' title='bbox 961 3047 1095 3109; x_wconf 90' lang='lat' dir='ltr'><strong>Nos</strong></span> <span class='ocrx_word' id='word_1_180' title='bbox 1161 3049 1374 3126; x_wconf 88' lang='lat' dir='ltr'><strong>itaque</strong></span> <span class='ocrx_word' id='word_1_181' title='bbox 1420 3046 1898 3108; x_wconf 89' lang='lat' dir='ltr'><strong>considerantes</strong></span> <span class='ocrx_word' id='word_1_182' title='bbox 1944 3055 2187 3106; x_wconf 89' lang='lat' dir='ltr'><strong>attente</strong></span> <span class='ocrx_word' id='word_1_183' title='bbox 2235 3047 2330 3106; x_wconf 91' lang='lat' dir='ltr'><strong>ius</strong></span> <span class='ocrx_word' id='word_1_184' title='bbox 2375 3045 2695 3125; x_wconf 87' lang='lat' dir='ltr'><strong>prohibite</strong></span> <span class='ocrx_word' id='word_1_185' title='bbox 2741 3046 3109 3107; x_wconf 89' lang='lat' dir='ltr'><strong>donationis</strong></span> <span class='ocrx_word' id='word_1_186' title='bbox 3156 3043 3369 3106; x_wconf 86' lang='lat' dir='ltr'><strong>huius-</strong></span> 
     </span>
     <span class='ocr_line' id='line_1_22' title="bbox 647 3158 3369 3238; baseline -0.001 -18"><span class='ocrx_word' id='word_1_187' title='bbox 647 3161 832 3222; x_wconf 90' lang='lat' dir='ltr'><strong>modi</strong></span> <span class='ocrx_word' id='word_1_188' title='bbox 877 3181 1009 3222; x_wconf 89' lang='lat' dir='ltr'><strong>non</strong></span> <span class='ocrx_word' id='word_1_189' title='bbox 1055 3180 1290 3236; x_wconf 88' lang='lat' dir='ltr'><strong>amare,</strong></span> <span class='ocrx_word' id='word_1_190' title='bbox 1335 3179 1456 3222; x_wconf 91' lang='lat' dir='ltr'><strong>nec</strong></span> <span class='ocrx_word' id='word_1_191' title='bbox 1500 3171 1834 3238; x_wconf 89' lang='lat' dir='ltr'><strong>tamquam</strong></span> <span class='ocrx_word' id='word_1_192' title='bbox 1880 3161 2044 3220; x_wconf 89' lang='lat' dir='ltr'><strong>inter</strong></span> <span class='ocrx_word' id='word_1_193' title='bbox 2090 3159 2354 3219; x_wconf 85' lang='lat' dir='ltr'><strong>infestos</strong></span> <span class='ocrx_word' id='word_1_194' title='bbox 2399 3158 2535 3219; x_wconf 89' lang='lat' dir='ltr'><strong>sore</strong></span> <span class='ocrx_word' id='word_1_195' title='bbox 2580 3158 3005 3232; x_wconf 90' lang='lat' dir='ltr'><strong>tractandum,</strong></span> <span class='ocrx_word' id='word_1_196' title='bbox 3045 3158 3161 3219; x_wconf 91' lang='lat' dir='ltr'><strong>sed</strong></span> <span class='ocrx_word' id='word_1_197' title='bbox 3206 3169 3369 3218; x_wconf 88' lang='lat' dir='ltr'><strong>tam-</strong></span> 
     </span>
     <span class='ocr_line' id='line_1_23' title="bbox 646 3269 3366 3352; baseline 0 -20"><span class='ocrx_word' id='word_1_198' title='bbox 646 3291 848 3352; x_wconf 89' lang='lat' dir='ltr'><strong>quam</strong></span> <span class='ocrx_word' id='word_1_199' title='bbox 898 3275 1059 3334; x_wconf 92' lang='lat' dir='ltr'><strong>inter</strong></span> <span class='ocrx_word' id='word_1_200' title='bbox 1105 3274 1392 3334; x_wconf 85' lang='lat' dir='ltr'><strong>maximo</strong></span> <span class='ocrx_word' id='word_1_201' title='bbox 1438 3274 1817 3333; x_wconf 91' lang='lat' dir='ltr'><strong>coniunctos</strong></span> <span class='ocrx_word' id='word_1_202' title='bbox 1863 3270 2099 3333; x_wconf 85' lang='lat' dir='ltr'><strong>affectu</strong></span> <span class='ocrx_word' id='word_1_203' title='bbox 2144 3281 2210 3332; x_wconf 92' lang='lat' dir='ltr'><strong>et</strong></span> <span class='ocrx_word' id='word_1_204' title='bbox 2238 3271 2443 3332; x_wconf 89' lang='lat' dir='ltr'><strong>solam</strong></span> <span class='ocrx_word' id='word_1_205' title='bbox 2492 3272 2792 3332; x_wconf 89' lang='lat' dir='ltr'><strong>timentes</strong></span> <span class='ocrx_word' id='word_1_206' title='bbox 2836 3273 3141 3351; x_wconf 84' lang='lat' dir='ltr'><strong>inopiam,</strong></span> <span class='ocrx_word' id='word_1_207' title='bbox 3187 3269 3366 3348; x_wconf 87' lang='lat' dir='ltr'><strong>quod</strong></span> 
     </span>
     <span class='ocr_line' id='line_1_24' title="bbox 645 3384 3363 3467; baseline 0 -24"><span class='ocrx_word' id='word_1_208' title='bbox 645 3385 942 3463; x_wconf 79' lang='lat' dir='ltr'><strong>proiecto</strong></span> <span class='ocrx_word' id='word_1_209' title='bbox 972 3386 1058 3447; x_wconf 89' lang='lat' dir='ltr'><strong>ad</strong></span> <span class='ocrx_word' id='word_1_210' title='bbox 1088 3385 1418 3446; x_wconf 88' lang='lat' dir='ltr'><strong>donatoris</strong></span> <span class='ocrx_word' id='word_1_211' title='bbox 1464 3395 1529 3446; x_wconf 90' lang='lat' dir='ltr'><strong>et</strong></span> <span class='ocrx_word' id='word_1_212' title='bbox 1576 3385 1910 3446; x_wconf 89' lang='lat' dir='ltr'><strong>donatarie</strong></span> <span class='ocrx_word' id='word_1_213' title='bbox 1956 3384 2493 3467; x_wconf 88' lang='lat' dir='ltr'><strong>magnificentiam</strong></span> <span class='ocrx_word' id='word_1_214' title='bbox 2544 3397 2835 3464; x_wconf 90' lang='lat' dir='ltr'><strong>respectu</strong></span> <span class='ocrx_word' id='word_1_215' title='bbox 2883 3384 3103 3444; x_wconf 86' lang='lat' dir='ltr'><strong>habito</strong></span> <span class='ocrx_word' id='word_1_216' title='bbox 3149 3384 3363 3445; x_wconf 90' lang='lat' dir='ltr'><strong>locum</strong></span> 
     </span>
     <span class='ocr_line' id='line_1_25' title="bbox 648 3495 3367 3577; baseline -0 -20"><span class='ocrx_word' id='word_1_217' title='bbox 648 3497 770 3558; x_wconf 89' lang='lat' dir='ltr'><strong>sibi</strong></span> <span class='ocrx_word' id='word_1_218' title='bbox 817 3518 950 3560; x_wconf 89' lang='lat' dir='ltr'><strong>non</strong></span> <span class='ocrx_word' id='word_1_219' title='bbox 1010 3498 1323 3571; x_wconf 87' lang='lat' dir='ltr'><strong>vendicat,</strong></span> <span class='ocrx_word' id='word_1_220' title='bbox 1378 3500 1441 3559; x_wconf 91' lang='lat' dir='ltr'><strong>in</strong></span> <span class='ocrx_word' id='word_1_221' title='bbox 1503 3499 1627 3560; x_wconf 91' lang='lat' dir='ltr'><strong>hoc</strong></span> <span class='ocrx_word' id='word_1_222' title='bbox 1687 3517 1839 3560; x_wconf 90' lang='lat' dir='ltr'><strong>casu</strong></span> <span class='ocrx_word' id='word_1_223' title='bbox 1901 3498 2322 3559; x_wconf 89' lang='lat' dir='ltr'><strong>donationem</strong></span> <span class='ocrx_word' id='word_1_224' title='bbox 2384 3499 2610 3577; x_wconf 71' lang='lat' dir='ltr'><strong>ipsam,</strong></span> <span class='ocrx_word' id='word_1_225' title='bbox 2666 3500 2827 3558; x_wconf 89' lang='lat' dir='ltr'><strong>sicut</strong></span> <span class='ocrx_word' id='word_1_226' title='bbox 2889 3497 3044 3558; x_wconf 88' lang='lat' dir='ltr'><strong>alias</strong></span> <span class='ocrx_word' id='word_1_227' title='bbox 3098 3495 3367 3576; x_wconf 87' lang='lat' dir='ltr'><strong>provide</strong></span> 
     </span>
     <span class='ocr_line' id='line_1_26' title="bbox 651 3608 3369 3686; baseline -0 -16"><span class='ocrx_word' id='word_1_228' title='bbox 651 3611 821 3671; x_wconf 87' lang='lat' dir='ltr'><strong>facta</strong></span> <span class='ocrx_word' id='word_1_229' title='bbox 867 3621 980 3684; x_wconf 89' lang='lat' dir='ltr'><strong>est,</strong></span> <span class='ocrx_word' id='word_1_230' title='bbox 1045 3622 1250 3673; x_wconf 86' lang='lat' dir='ltr'><strong>ratam</strong></span> <span class='ocrx_word' id='word_1_231' title='bbox 1316 3622 1380 3672; x_wconf 91' lang='lat' dir='ltr'><strong>et</strong></span> <span class='ocrx_word' id='word_1_232' title='bbox 1441 3611 1692 3674; x_wconf 89' lang='lat' dir='ltr'><strong>firmam</strong></span> <span class='ocrx_word' id='word_1_233' title='bbox 1765 3611 2094 3686; x_wconf 89' lang='lat' dir='ltr'><strong>habentes,</strong></span> <span class='ocrx_word' id='word_1_234' title='bbox 2154 3630 2299 3671; x_wconf 91' lang='lat' dir='ltr'><strong>eam</strong></span> <span class='ocrx_word' id='word_1_235' title='bbox 2362 3629 2492 3671; x_wconf 92' lang='lat' dir='ltr'><strong>non</strong></span> <span class='ocrx_word' id='word_1_236' title='bbox 2560 3611 2961 3672; x_wconf 89' lang='lat' dir='ltr'><strong>obstantibus</strong></span> <span class='ocrx_word' id='word_1_237' title='bbox 3006 3608 3369 3670; x_wconf 88' lang='lat' dir='ltr'><strong>huiusmodi</strong></span> 
     </span>
     <span class='ocr_line' id='line_1_27' title="bbox 651 3724 3370 3804; baseline -0.001 -21"><span class='ocrx_word' id='word_1_238' title='bbox 651 3725 1212 3786; x_wconf 90' lang='lat' dir='ltr'><strong>constitutionibus</strong></span> <span class='ocrx_word' id='word_1_239' title='bbox 1288 3728 1664 3786; x_wconf 88' lang='lat' dir='ltr'><strong>auctoritate</strong></span> <span class='ocrx_word' id='word_1_240' title='bbox 1723 3724 2076 3804; x_wconf 87' lang='lat' dir='ltr'><strong>apostolica</strong></span> <span class='ocrx_word' id='word_1_241' title='bbox 2153 3724 2612 3786; x_wconf 86' lang='lat' dir='ltr'><strong>confirmamus</strong></span> <span class='ocrx_word' id='word_1_242' title='bbox 2670 3734 2734 3784; x_wconf 92' lang='lat' dir='ltr'><strong>et</strong></span> <span class='ocrx_word' id='word_1_243' title='bbox 2795 3725 3110 3801; x_wconf 86' lang='lat' dir='ltr'><strong>presentis</strong></span> <span class='ocrx_word' id='word_1_244' title='bbox 3154 3724 3370 3801; x_wconf 89' lang='lat' dir='ltr'><strong>scripti</strong></span> 
     </span>
     <span class='ocr_line' id='line_1_28' title="bbox 654 3833 3371 3919; baseline -0 -23"><span class='ocrx_word' id='word_1_245' title='bbox 654 3840 1008 3915; x_wconf 88' lang='lat' dir='ltr'><strong>patrocinio</strong></span> <span class='ocrx_word' id='word_1_246' title='bbox 1055 3841 1551 3901; x_wconf 78' lang='lat' dir='ltr'><strong>communimus,</strong></span> <span class='ocrx_word' id='word_1_247' title='bbox 1601 3837 1771 3899; x_wconf 91' lang='lat' dir='ltr'><strong>Nulli</strong></span> <span class='ocrx_word' id='word_1_248' title='bbox 1818 3855 1971 3919; x_wconf 90' lang='lat' dir='ltr'><strong>ergo</strong></span> <span class='ocrx_word' id='word_1_249' title='bbox 2004 3846 2122 3898; x_wconf 87' lang='lat' dir='ltr'><strong>etc.</strong></span> <span class='ocrx_word' id='word_1_250' title='bbox 2168 3847 2384 3898; x_wconf 85' lang='lat' dir='ltr'><strong>nostre</strong></span> <span class='ocrx_word' id='word_1_251' title='bbox 2429 3836 2933 3897; x_wconf 88' lang='lat' dir='ltr'><strong>confirmationis</strong></span> <span class='ocrx_word' id='word_1_252' title='bbox 2963 3845 3083 3896; x_wconf 90' lang='lat' dir='ltr'><strong>etc.</strong></span> <span class='ocrx_word' id='word_1_253' title='bbox 3128 3833 3371 3896; x_wconf 89' lang='lat' dir='ltr'><strong>Datum</strong></span> 
     </span>
     <span class='ocr_line' id='line_1_29' title="bbox 654 3949 3279 4030; baseline -0.003 -18"><span class='ocrx_word' id='word_1_254' title='bbox 654 3951 829 4030; x_wconf 88' lang='lat' dir='ltr'><strong>apud</strong></span> <span class='ocrx_word' id='word_1_255' title='bbox 878 3951 1122 4015; x_wconf 89' lang='lat' dir='ltr'><strong>Urbem</strong></span> <span class='ocrx_word' id='word_1_256' title='bbox 1170 3964 1451 4013; x_wconf 85' lang='lat' dir='ltr'><strong>veterem</strong></span> <span class='ocrx_word' id='word_1_257' title='bbox 1483 3951 1623 4014; x_wconf 92' lang='lat' dir='ltr'><strong>XII.</strong></span> <span class='ocrx_word' id='word_1_258' title='bbox 1669 3949 1793 4010; x_wconf 83' lang='lat' dir='ltr'><strong>kal.</strong></span> <span class='ocrx_word' id='word_1_259' title='bbox 1839 3950 2101 4010; x_wconf 89' lang='lat' dir='ltr'><strong>ianuarii</strong></span> <span class='ocrx_word' id='word_1_260' title='bbox 2148 3949 2559 4028; x_wconf 85' lang='lat' dir='ltr'><strong>pontificatus</strong></span> <span class='ocrx_word' id='word_1_261' title='bbox 2606 3949 2803 4010; x_wconf 90' lang='lat' dir='ltr'><strong>nostri</strong></span> <span class='ocrx_word' id='word_1_262' title='bbox 2850 3966 3025 4009; x_wconf 87' lang='lat' dir='ltr'><strong>anno</strong></span> <span class='ocrx_word' id='word_1_263' title='bbox 3074 3949 3279 4008; x_wconf 83' lang='lat' dir='ltr'><strong>tertio.</strong></span> 
     </span>
    </p>
   </div>
   <div class='ocr_carea' id='block_1_5' title="bbox 651 4157 3368 4462">
    <p class='ocr_par' dir='ltr' id='par_1_5' title="bbox 651 4157 3368 4462">
     <span class='ocr_line' id='line_1_30' title="bbox 839 4157 3367 4234; baseline -0.003 -14"><span class='ocrx_word' id='word_1_264' title='bbox 839 4162 1102 4220; x_wconf 78' lang='lat' dir='ltr'><strong>Theiner</strong></span> <span class='ocrx_word' id='word_1_265' title='bbox 1145 4163 1315 4220; x_wconf 89' lang='lat' dir='ltr'><strong>Mon.</strong></span> <span class='ocrx_word' id='word_1_266' title='bbox 1381 4162 1594 4234; x_wconf 86' lang='lat' dir='ltr'><strong>Hung.</strong></span> <span class='ocrx_word' id='word_1_267' title='bbox 1643 4161 1694 4220; x_wconf 86' lang='lat' dir='ltr'><strong>l.</strong></span> <span class='ocrx_word' id='word_1_268' title='bbox 1744 4181 1841 4220; x_wconf 83' lang='lat' dir='ltr'><strong>no,</strong></span> <span class='ocrx_word' id='word_1_269' title='bbox 1912 4162 2055 4215; x_wconf 78' lang='lat'><em>470.</em></span> <span class='ocrx_word' id='word_1_270' title='bbox 2102 4167 2211 4216; x_wconf 87' lang='lat' dir='ltr'><strong>str.</strong></span> <span class='ocrx_word' id='word_1_271' title='bbox 2266 4162 2402 4216; x_wconf 76' lang='lat'><strong><em>254.</em></strong></span> <span class='ocrx_word' id='word_1_272' title='bbox 2454 4157 2522 4216; x_wconf 83' lang='lat' dir='ltr'><strong>Iz</strong></span> <span class='ocrx_word' id='word_1_273' title='bbox 2568 4178 2693 4232; x_wconf 83' lang='lat' dir='ltr'><strong>reg.</strong></span> <span class='ocrx_word' id='word_1_274' title='bbox 2744 4158 2901 4231; x_wconf 64' lang='lat' dir='ltr'><strong>ortg.</strong></span> <span class='ocrx_word' id='word_1_275' title='bbox 2950 4176 3053 4214; x_wconf 82' lang='lat' dir='ltr'><strong>an.</strong></span> <span class='ocrx_word' id='word_1_276' title='bbox 3104 4157 3227 4214; x_wconf 84' lang='lat' dir='ltr'><em>III.</em></span> <span class='ocrx_word' id='word_1_277' title='bbox 3276 4168 3367 4233; x_wconf 79' lang='lat' dir='ltr'><strong>ep.</strong></span> 
     </span>
     <span class='ocr_line' id='line_1_31' title="bbox 661 4261 3368 4340; baseline 0 -22"><span class='ocrx_word' id='word_1_278' title='bbox 661 4269 821 4321; x_wconf 78' lang='lat'><strong><em>1417.</em></strong></span> <span class='ocrx_word' id='word_1_279' title='bbox 897 4266 1037 4323; x_wconf 73' lang='lat' dir='ltr'><strong>som</strong></span> <span class='ocrx_word' id='word_1_280' title='bbox 1098 4265 1218 4324; x_wconf 84' lang='lat' dir='ltr'><em>III.</em></span> <span class='ocrx_word' id='word_1_281' title='bbox 1265 4267 1408 4324; x_wconf 80' lang='lat'><strong><em>269.</em></strong></span> <span class='ocrx_word' id='word_1_282' title='bbox 1456 4301 1542 4308; x_wconf 94' lang='lat'><strong>——-</strong></span> <span class='ocrx_word' id='word_1_283' title='bbox 1606 4265 1850 4323; x_wconf 85' lang='lat' dir='ltr'><strong>Wenzel</strong></span> <span class='ocrx_word' id='word_1_284' title='bbox 1913 4265 2055 4323; x_wconf 82' lang='lat' dir='ltr'><strong>Coa&#39;.</strong></span> <span class='ocrx_word' id='word_1_285' title='bbox 2115 4264 2349 4340; x_wconf 84' lang='lat' dir='ltr'><strong>Arpad.</strong></span> <span class='ocrx_word' id='word_1_286' title='bbox 2415 4263 2539 4321; x_wconf 83' lang='lat' dir='ltr'><em>III.</em></span> <span class='ocrx_word' id='word_1_287' title='bbox 2610 4265 2703 4318; x_wconf 80' lang='lat'><strong>62.</strong></span> <span class='ocrx_word' id='word_1_288' title='bbox 2760 4293 2835 4303; x_wconf 95' lang='lat'><strong>—</strong></span> <span class='ocrx_word' id='word_1_289' title='bbox 2884 4261 3173 4319; x_wconf 82' lang='lat' dir='ltr'><strong>Potthast</strong></span> <span class='ocrx_word' id='word_1_290' title='bbox 3214 4263 3368 4336; x_wconf 82' lang='lat' dir='ltr'><strong>Reg.</strong></span> 
     </span>
     <span class='ocr_line' id='line_1_32' title="bbox 651 4369 2509 4462; baseline -0.001 -34"><span class='ocrx_word' id='word_1_291' title='bbox 651 4371 882 4447; x_wconf 81' lang='lat' dir='ltr'><strong>pontis.</strong></span> <span class='ocrx_word' id='word_1_292' title='bbox 932 4370 1015 4429; x_wconf 89' lang='lat' dir='ltr'><strong>II.</strong></span> <span class='ocrx_word' id='word_1_293' title='bbox 1066 4391 1163 4429; x_wconf 82' lang='lat' dir='ltr'><strong>no,</strong></span> <span class='ocrx_word' id='word_1_294' title='bbox 1212 4373 1423 4428; x_wconf 78' lang='lat'><em>18745.</em></span> <span class='ocrx_word' id='word_1_295' title='bbox 1473 4403 1560 4411; x_wconf 87' lang='lat'><strong>-—</strong></span> <span class='ocrx_word' id='word_1_296' title='bbox 1605 4369 1982 4443; x_wconf 71' lang='lat' dir='ltr'><strong>Kukulsevic&#39;</strong></span> <span class='ocrx_word' id='word_1_297' title='bbox 2021 4369 2173 4444; x_wconf 76' lang='lat' dir='ltr'><strong>Reg.</strong></span> <span class='ocrx_word' id='word_1_298' title='bbox 2219 4387 2314 4425; x_wconf 77' lang='lat' dir='ltr'><strong>no,</strong></span> <span class='ocrx_word' id='word_1_299' title='bbox 2367 4369 2509 4462; x_wconf 59' lang='lat'><strong><em>842.</em></strong></span> 
     </span>
    </p>
   </div>
  </div>
 </body>
</html>
