3797 5795
1862 372 2130 435 —506
2191 406 2276 414 —-

718 573 781 623 et
828 565 1133 623 comitem
1181 561 1514 623 Andream
1562 562 1966 641 permisisset.
2015 565 2178 623 inter‘
2221 582 2290 623 se
2335 563 2420 623 ad
2453 583 2684 643 pacem
2731 562 3198 626 reformandam
3233 584 3424 644 super

720 677 887 737 facto
950 686 1113 735 terre
1175 674 1424 753 Lepled
1484 676 1824 749 antedicte,
1868 676 2150 753 prefatus
2219 675 2496 738 Samson
2541 678 2884 756 episcopus
2929 677 3134 739 adhuc
3178 680 3423 753 uiuenS,

716 790 921 850 sciens
988 790 1312 862 ueraciter,
1378 790 1581 866 ipsam
1637 799 1870 849 terram
1941 788 2190 867 Lepled
2234 790 2426 851 fuisse
2471 802 2534 851 et
2580 810 2721 851 esse
2769 794 3101 851 memorati
3165 792 3422 853 comitis

717 901 982 963 Andree
1027 900 1492 975 hereditariam,
1538 920 1755 961 coram
1803 900 2098 962 fidelibus
2145 904 2376 963 nostris
2422 903 2704 982 capitulo
2766 904 3183 985 Zagrabiensi,
3229 914 3423 983 prout

716 1028 851 1075 tam
899 1017 962 1074 in
1008 1014 1291 1075 eiusdem
1343 1014 1617 1093 capituli.
1648 1033 1844 1094 quam
1890 1015 2042 1075 dicti
2091 1018 2370 1094 episcopi
2419 1014 2750 1078 Samsonis
2794 1018 3158 1096 patentibus
3201 1017 3429 1078 litteris

718 1130 1026 1189 contineri
1076 1127 1368 1200 uidimuS,
1412 1138 1815 1206 prenotatam
1865 1139 2098 1189 terram
2146 1128 2395 1208 Lepled
2429 1132 2544 1208 ipsi
2575 1132 2798 1191 comiti
2846 1129 3108 1192 Andree
3152 1150 3316 1209 pure
3365 1142 3428 1191 et

718 1240 1085 1319 simpliciter
1130 1243 1487 1322 resignauit,
1536 1260 1729 1318 quam
1778 1240 1996 1319 quoad
2041 1244 2178 1319 ipse
2222 1244 2480 1317 uiueret,
2521 1253 2774 1322 poterat
2820 1244 2902 1303 de
2950 1254 3163 1304 nostra
3211 1245 3426 1324 gracia

718 1353 1061 1434 possidere,
1106 1353 1542 1414 renunciando
1606 1356 1782 1414 omni
1845 1356 1976 1428 iuri,
2023 1356 2072 1414 si
2121 1355 2298 1433 quod
2367 1356 2577 1416 eidem
2648 1367 3018 1435 competere
3062 1366 3316 1435 poterat
3365 1358 3426 1415 in

720 1481 885 1527 terra
948 1467 1326 1545 supradicta.
1388 1466 1526 1528 Nos
1588 1470 1771 1547 igitur
1830 1470 2139 1545 premissa
2201 1471 2436 1539 omnia,
2483 1468 2774 1529 videlicet
2820 1479 2956 1530 tam
3002 1470 3241 1530 factum
3291 1487 3432 1548 pre-

724 1580 874 1641 dicti
912 1580 1061 1640 Bele
1108 1580 1285 1640 ducis
1331 1579 1639 1641 karissimi
1673 1579 1779 1640 filii
1813 1582 2029 1653 nostri,
2076 1599 2268 1659 quam
2317 1583 2822 1663 resignacionem
2857 1594 2922 1643 et
2953 1584 3432 1643 restitucionem

721 1695 891 1754 dicte
952 1705 1115 1753 terre
1178 1712 1292 1772 per
1352 1696 1560 1771 ipsum
1622 1693 2002 1755 Samsonem
2071 1695 2444 1773 episcopum
2508 1696 2668 1755 iuste
2715 1705 2777 1755 et
2825 1695 3106 1778 legitime
3174 1695 3434 1767 factam,

723 1817 857 1867 rata
905 1806 1138 1866 habere
1185 1806 1491 1877 volenteS,
1535 1805 1889 1885 predictam
1939 1816 2172 1866 terram
2244 1806 2495 1886 Lepled
2540 1808 2715 1868 dicto
2762 1810 2981 1869 comiti
3028 1806 3296 1869 Andree
3343 1808 3436 1867 di-

721 1922 1009 1980 misimus
1069 1931 1133 1979 et
1194 1916 1715 1979 confirmauimus
1778 1920 1911 1979 iure
1972 1918 2354 1980 hereditario
2401 1922 2462 1981 in
2509 1932 2893 2000 perpetuum
2953 1920 3434 2001 possidendam,

723 2032 1021 2093 omnibus
1080 2050 1264 2111 super
1328 2033 1463 2110 ipsa
1523 2042 1688 2092 terra
1750 2032 1999 2111 Lepled
2059 2052 2362 2111 processu
2427 2045 2795 2113 temporum
2840 2045 3066 2096 contra
3108 2034 3430 2114 prefatum

723 2146 1027 2205 comitem
1097 2141 1430 2205 Andream
1501 2147 1904 2222 questionem
1967 2144 2245 2224 aliquam
2309 2150 2609 2207 suscitare
2677 2147 3040 2208 uolentibus
3102 2147 3433 2208 silencium

722 2269 1105 2336 perpetuum
1175 2258 1597 2335 imponentes
1668 2255 1863 2319 Cuius
1930 2258 2188 2337 quidem
2259 2268 2424 2319 terre
2492 2270 2683 2334 mete,
2727 2272 2918 2340 prout
2988 2261 3048 2320 in
3121 2260 3437 2340 prioribus

725 2371 943 2431 litteris
974 2371 1205 2430 nostris
1234 2370 1602 2448 patentibus
1633 2370 1944 2432 contineri
1975 2370 2271 2447 uidimus,
2303 2372 2426 2432 hoc
2457 2372 2682 2434 ordine
2715 2372 3178 2455 distinguntur:
3230 2373 3439 2434 Prima

727 2494 893 2545 meta
942 2504 979 2543 a
1026 2482 1227 2543 domo
1290 2484 1484 2561 ipsius
1545 2484 1825 2562 episcopi
1890 2486 1954 2545 in
2015 2496 2180 2545 terra
2225 2504 2340 2546 sua
2385 2487 2685 2565 empticia
2738 2486 3033 2547 edificata
3078 2490 3140 2547 in
3189 2487 3436 2547 oriente

722 2596 943 2674 incipit
988 2607 1052 2655 et
1098 2595 1315 2656 incidit
1360 2597 1424 2655 in
1471 2614 1663 2655 vnam
1710 2596 1948 2657 fossam
1997 2608 2061 2657 et
2106 2616 2220 2675 per
2265 2598 2502 2658 fossam
2553 2598 2728 2659 uadit
2775 2600 2860 2659 ad
2911 2617 3220 2682 magnam
3269 2601 3434 2659 viam

723 2710 789 2769 in
836 2708 1240 2770 occidentem
1286 2720 1349 2769 et
1398 2708 1518 2768 illic
1564 2711 1625 2768 in
1675 2708 1801 2769 fine
1847 2708 2015 2771 fosse
2065 2720 2340 2771 metatur
2401 2713 2463 2771 in
2511 2712 2840 2774 fruticibus
2886 2713 3130 2773 arboris
3173 2731 3335 2794 egur
3372 2720 3437 2772 et

723 2821 874 2881 inde
920 2822 1095 2882 uadit
1144 2823 1205 2881 in
1252 2822 1480 2881 eadem
1530 2821 1655 2882 lata
1702 2823 1803 2882 uia
1851 2825 1915 2881 in
1963 2823 2366 2884 occidentem
2400 2836 2462 2912 et
2495 2824 2580 2884 ibi
2629 2825 2931 2886 diuiditur
2975 2826 3097 2886 alia
3142 2828 3265 2901 via,
3311 2844 3434 2904 que

721 2933 899 2994 ducit
958 2933 1299 2997 Scothmar
1344 2945 1407 2994 et
1454 2954 1567 3013 per
1628 2936 1831 3013 ipsam
1894 2939 2065 2997 uiam
2128 2939 2349 2999 transit
2407 2937 2635 2998 siluam
2706 2938 2940 3000 Ronna
2987 2951 3049 2999 et
3097 2951 3328 3019 postea
3371 2941 3434 3000 in

717 3056 889 3107 terra
934 3047 1243 3128 wlgariter
1290 3046 1535 3108 humuk
1580 3047 1751 3108 dicta
1796 3048 1924 3109 due
1970 3053 2326 3111 consistunt
2371 3051 2542 3112 ilices
2589 3054 2650 3112 in
2701 3071 2826 3112 vna
2869 3052 3102 3128 radice,
3147 3054 3430 3114 tenditur

715 3172 940 3220 autem
1008 3160 1158 3220 inde
1206 3162 1269 3220 in
1316 3159 1681 3238 aquilonem
1730 3171 1793 3220 et
1839 3164 2130 3239 peruenit
2193 3163 2278 3224 ad
2347 3182 2538 3224 unam
2607 3183 2912 3246 magnam
2960 3165 3262 3227 arborem
3309 3167 3435 3228 tilie

717 3282 790 3331 et
836 3272 981 3333 hinc
1027 3275 1200 3332 uenit
1247 3273 1311 3333 in
1357 3275 1539 3332 uiam·
1576 3271 1747 3346 Inke‚
1794 3275 1897 3332 vbi
1947 3285 2094 3335 sunt
2155 3278 2333 3336 iuxta
2400 3280 2566 3337 viam
2615 3277 2788 3338 illam
2836 3277 2964 3338 due
3011 3289 3182 3340 mete
3230 3291 3434 3341 terree

717 3393 791 3445 et
824 3404 1043 3446 cruces
1090 3405 1279 3464 super
1322 3385 1599 3457 arboreS,
1645 3384 1881 3446 scilicet
1929 3385 2206 3470 kerc(us)
2239 3398 2304 3449 et
2333 3390 2504 3464 ilicis,
2536 3389 2770 3451 deinde
2816 3393 2995 3453 uadit
3042 3412 3231 3472 super
3263 3395 3432 3453 uiam

719 3495 969 3577 VVeysa
1018 3517 1233 3558 versus
1279 3500 1590 3559 orientem
1637 3509 1700 3558 et
1746 3499 1830 3559 ibi
1879 3498 2006 3560 due
2054 3512 2226 3562 mete
2271 3513 2474 3563 terree
2520 3506 2855 3565 continent
2900 3507 2964 3565 in
3012 3524 3081 3566 se
3129 3505 3292 3566 duas
3335 3524 3429 3566 ar-

720 3608 917 3672 bores
974 3612 1145 3672 ilices
1190 3622 1253 3671 et
1300 3610 1423 3671 illic
1470 3629 1551 3670 ex
1597 3623 1776 3690 parte
1836 3612 1958 3673 alia
2020 3625 2184 3674 terra
2245 3612 2548 3676 Albensis
2609 3617 2875 3678 ecclesie
2921 3629 3018 3679 est
3062 3620 3196 3678 eius
3259 3637 3430 3678 com-

722 3736 1023 3785 metanea
1070 3735 1134 3784 et
1178 3723 1329 3784 inde
1398 3723 1601 3784 tendit
1668 3725 1750 3783 ad
1819 3745 2014 3786 vnam
2081 3727 2288 3788 ilicem
2361 3731 2539 3789 iuxta
2610 3729 2912 3790 Ronnam
2959 3741 3024 3790 et
3071 3730 3194 3791 illic
3241 3741 3432 3810 caput

724 3835 958 3898 Ronne
1020 3837 1189 3898 fluuii
1236 3838 1574 3915 pertransit
1632 3835 1715 3897 ad
1762 3836 1988 3898 siluam
2037 3838 2215 3900 Malk
2260 3850 2324 3900 et
2371 3842 2548 3902 iuxta
2596 3861 2786 3903 vnam
2834 3843 3131 3904 arborem
3180 3844 3426 3904 tremuli

726 3948 995 4011 habetur
1058 3962 1231 4011 meta
1293 3962 1495 4010 terrea
1556 3970 1738 4011 secus
1800 3953 1988 4026 uiam,
2037 3952 2482 4014 nichilominus
2527 3973 2720 4034 super
2764 3974 2959 4035 quam
3007 3957 3183 4017 uadit
3228 3959 3295 4018 in
3339 3977 3430 4017 ar-

725 4062 949 4124 borem
1018 4063 1172 4124 ilicis
1216 4073 1281 4124 et
1326 4064 1411 4124 ibi
1458 4063 1727 4125 habetur
1791 4084 1916 4125 una
1978 4077 2148 4126 meta
2212 4067 2590 4145 principaliS,
2660 4071 3010 4148 transitque
3073 4071 3136 4129 in
3200 4079 3430 4130 terram

726 4188 1111 4237 stercoream
1174 4175 1370 4251 Malk,
1416 4180 1477 4237 in
1540 4197 1668 4254 qua
1729 4190 1825 4239 est
1884 4197 2007 4239 vna
2067 4180 2240 4258 pirus
2286 4190 2349 4239 et
2395 4178 2546 4240 inde
2592 4184 2880 4259 peruenit
2928 4184 2990 4242 in
3039 4201 3194 4264 egur
3239 4192 3305 4243 et
3350 4183 3428 4243 de

726 4309 880 4371 egur
940 4292 1001 4350 in
1064 4289 1496 4371 cartilaginem
1557 4301 1621 4351 et
1682 4291 1764 4351 ibi
1826 4301 1974 4352 sunt
2035 4294 2161 4353 due
2224 4304 2395 4352 mete
2457 4304 2662 4354 terree
2707 4305 2771 4355 et
2817 4294 2966 4355 inde
3010 4297 3304 4373 peruenit
3350 4295 3430 4356 ad

725 4403 1002 4475 salicem,
1051 4403 1157 4463 ubi
1204 4413 1352 4464 sunt
1399 4404 1524 4465 due
1573 4417 1742 4464 mete
1804 4415 2024 4478 terree,
2069 4424 2239 4465 noua
2301 4405 2600 4468 uidelicet
2646 4417 2709 4468 et
2757 4409 3020 4487 antiqua
3067 4418 3131 4469 et
3177 4409 3329 4470 inde
3371 4413 3432 4469 in

723 4518 827 4577 uia
895 4517 1074 4577 iuxta
1142 4528 1375 4577 terram
1438 4514 1647 4576 Butka
1715 4517 1968 4577 comitis
2035 4519 2211 4578 uadit
2273 4521 2336 4579 in
2403 4521 2734 4581 meridiem
2781 4532 2847 4581 et
2893 4521 2977 4581 ibi
3024 4521 3202 4582 uadit
3246 4539 3430 4599 super

722 4639 915 4713 caput
982 4627 1153 4689 fluuii
1226 4628 1413 4704 Naar,
1460 4631 1675 4708 itaque
1740 4632 2116 4692 terminatur
2177 4633 2404 4693 iterum
2453 4635 2518 4692 in
2567 4635 2880 4694 orientem
2949 4646 3104 4714 aput
3165 4635 3428 4696 domum

723 4742 1078 4823 predictam
1126 4745 1409 4821 episcopi
1456 4744 1793 4803 memorati
1839 4745 1904 4803 in
1951 4745 2235 4805 eiusdem
2298 4754 2464 4806 terra
2529 4748 2848 4825 empticia,
2893 4767 3090 4827 quam
3136 4750 3350 4827 precio
3393 4767 3430 4807 a

728 4853 1001 4918 Peturke
1046 4858 1285 4916 comite
1316 4857 1733 4934 compaiauit.
1784 4851 1929 4939 [V]t
1965 4860 2150 4937 igitur
2181 4857 2364 4919 huius
2395 4861 2483 4918 rei
2517 4863 2710 4920 series
2757 4861 2950 4922 robur
2981 4863 3269 4941 optineat
3298 4881 3431 4941 per-

724 4978 917 5048 petue
948 4968 1278 5043 firmitatis,
1301 4988 1421 5030 nec
1444 4989 1747 5049 processu
1778 4981 2144 5048 temporum
2175 4973 2501 5033 retractari
2533 4973 2762 5048 ualeat,
2787 4984 2897 5036 aut
2921 4993 3034 5053 per
3064 4977 3427 5056 quempiam

728 5085 790 5143 in
840 5082 1077 5143 irritum
1127 5085 1427 5156 reuocari,
1473 5096 1801 5161 presentes
1866 5086 2300 5146 concessimus
2361 5084 2600 5148 litteras
2645 5086 2964 5168 dupplicis
3007 5089 3189 5170 sigilli
3237 5093 3421 5152 nostri
