3797 5795
1536 386 1801 451 -539
1864 423 1940 431 —

378 580 465 641 ab
508 580 745 643 eodem
792 579 1111 659 Dyonisio
1158 590 1223 641 et
1268 580 1563 641 fratribus
1592 583 1721 643 suis
1750 600 1829 643 ac
1858 600 2085 643 eorum
2130 578 2610 661 posteritatibus
2654 582 3096 659 perempniter

376 692 859 773 possidendam,
904 693 1171 773 plenum
1216 703 1380 755 terre
1425 694 1623 773 ipsius
1652 704 1717 755 et
1746 696 2282 774 pertinenciarum
2328 710 2585 755 suarum
2625 692 2988 754 dominium
3031 696 3098 754 in

378 805 586 867 dictos
617 805 1004 886 Dyonisium
1050 817 1115 867 et
1160 808 1383 868 fratres
1428 825 1579 867 suos
1624 807 2122 868 transmittendo
2153 816 2219 869 et
2247 804 2778 881 transfundendo,
2807 825 2884 867 ac
2917 805 3097 867 indu-

377 919 589 980 cendo
650 922 823 999 ipsos
884 920 949 979 in
1008 918 1411 999 corporalem
1470 922 1944 998 possessionem
2012 920 2184 981 dicte
2242 930 2406 980 terre
2451 928 2516 979 et
2559 920 3092 997 pertinenciarum

376 1050 635 1093 suarum
666 1031 931 1112 pacifice
960 1042 1025 1093 et
1057 1034 1287 1113 quiete,
1319 1042 1383 1093 et
1422 1032 1807 1115 resignando
1850 1052 1930 1094 ac
1957 1031 2277 1095 tradendo
2322 1030 2568 1095 eisdem
2599 1034 2816 1092 omnia
2863 1033 3091 1093 instru-

376 1155 597 1207 menta
642 1155 707 1207 et
753 1145 1143 1207 documenta
1188 1164 1265 1207 ac
1310 1146 1565 1221 litteraS,
1610 1146 1842 1224 quibus
1880 1164 2072 1225 super
2119 1144 2482 1207 donacione
2526 1145 2721 1223 ipsius
2766 1153 2934 1205 terre
2975 1162 3094 1221 per

378 1276 519 1333 noS,
549 1268 620 1319 ut
649 1260 1069 1339 premisimus,
1100 1258 1219 1319 sibi
1249 1258 1418 1320 facta
1450 1258 1671 1333 suerat,
1701 1261 2131 1338 premunitus;
2160 1258 2608 1337 promittentes
2638 1266 2703 1317 et
2733 1256 3097 1338 obligantes

372 1390 460 1447 se,
506 1370 700 1434 iidem
749 1368 961 1451 Curey
994 1381 1059 1432 et
1089 1368 1197 1432 filii
1234 1373 1330 1432 sui
1360 1390 1447 1433 ex
1476 1371 2073 1452 superhabundanti
2120 1371 2304 1433 dictis
2347 1370 2666 1450 Dyonisio
2697 1379 2763 1431 et
2793 1369 3094 1431 fratribus

372 1489 503 1547 suis
560 1496 625 1547 et
684 1484 1025 1549 heredibus
1086 1503 1311 1545 eorum
1376 1483 1817 1565 heredumque
1876 1484 2366 1558 successoribus
2429 1485 2769 1545 eviccionis
2830 1484 3098 1545 nomine

370 1599 895 1680 quandocunque
955 1597 1303 1659 defendere
1347 1600 1553 1677 ipsam
1614 1608 1869 1671 terram,
1932 1596 2106 1659 idem
2167 1608 2384 1659 autem
2447 1594 2660 1675 Curey
2719 1607 2784 1657 et
2843 1596 2952 1658 filii
2999 1598 3096 1657 sui

369 1711 641 1791 predicti
701 1712 977 1773 confessi
1037 1721 1185 1771 sunt
1243 1728 1464 1772 coram
1526 1710 1713 1771 nobis
1774 1720 1837 1771 et
1891 1720 2405 1792 recognoverunt
2465 1710 2710 1771 dictum
2771 1709 3094 1789 palacium

368 1844 523 1886 cum
566 1824 871 1905 predictis
932 1825 1219 1904 quinque
1262 1825 1452 1885 curiis
1495 1823 1615 1885 sibi
1660 1823 1857 1884 libere
1903 1823 2204 1885 traditum
2253 1836 2320 1885 et
2363 1822 2722 1903 predictam
2766 1842 3090 1885 summam

366 1940 645 2017 pecunie
690 1958 729 1999 a
774 1936 1067 2017 predicto
1125 1934 1447 2015 Dyonisio
1491 1955 1611 1997 suo
1656 1947 1720 1997 et
1766 1937 2032 1998 fratrum
2097 1955 2358 1999 suorum
2421 1939 2686 1997 nomine
2730 1936 2850 1997 sibi
2897 1936 3092 2016 plene

372 2060 779 2111 numeratam
843 2060 906 2110 et
971 2051 1176 2110 eciam
1242 2048 1688 2128 ponderatam.
1756 2049 2236 2111 Renunciantes
2303 2052 2468 2111 circa
2530 2048 2656 2111 hoc
2715 2051 3094 2129 excepcioni

366 2182 503 2225 non
565 2174 899 2226 numerate
960 2180 1093 2223 non
1152 2161 1513 2242 ponderate
1572 2162 1675 2224 vel
1734 2181 1867 2223 non
1929 2161 2138 2223 solute
2197 2163 2470 2242 pecunie
2530 2173 2593 2224 et
2649 2164 2847 2225 cuivis
2908 2163 3090 2225 alteri

368 2278 631 2351 auxilio,
697 2276 876 2356 quod
938 2276 1055 2337 sibi
1116 2286 1334 2355 posset
1400 2275 1531 2337 ullo
1592 2294 1879 2354 unquam
1936 2285 2232 2355 tempore
2289 2276 2642 2357 suffragari.
2705 2276 2845 2337 Nos
2903 2276 3096 2357 igitur

373 2389 741 2452 huiusmodi
787 2390 1199 2469 empcionem
1244 2398 1308 2448 et
1354 2387 1805 2450 vendicionem
1849 2399 2055 2450 ratam
2101 2399 2168 2451 et
2212 2400 2462 2471 gratam
2506 2388 2836 2463 habentes,
2882 2392 3090 2468 ipsam

373 2504 595 2565 harum
644 2504 806 2565 serie
851 2504 1231 2564 auctoritate
1275 2503 1451 2584 regia
1496 2520 1581 2563 ex
1625 2512 1803 2563 certa
1846 2503 2120 2563 sciencia
2164 2500 2626 2564 confirmamus
2671 2512 2736 2563 et
2780 2504 3098 2583 presentis

372 2618 583 2696 scripti
646 2617 1005 2697 patrocinio
1074 2616 1573 2691 communimus,
1654 2614 2030 2695 supplentes
2088 2634 2172 2676 ex
2231 2616 2489 2695 speciali
2551 2617 2764 2697 gracia
2827 2633 3094 2677 omnem

372 2729 715 2803 defectum,
774 2730 825 2791 si
888 2748 1085 2808 quem
1154 2730 1215 2789 in
1288 2726 1651 2789 huiusmodi
1726 2738 2064 2789 contractu
2139 2730 2516 2790 intervenire
2593 2729 2965 2810 contigisset
3032 2738 3098 2790 et

370 2842 725 2924 specialiter
757 2844 819 2903 in
852 2862 933 2904 eo
974 2890 1235 2903 .....
1281 2840 1813 2904 consvetudinem
1860 2841 2290 2922 approbatam
2336 2860 2692 2905 consensus
2733 2842 3092 2904 vicinorum

369 2967 435 3018 et
480 2967 1077 3018 commetaneorum
1122 2965 1273 3016 ante
1319 2958 1539 3017 omnia
1583 2958 1647 3016 in
1694 2955 2062 3018 huiusmodi
2106 2956 2597 3018 vendicionibus
2655 2956 3074 3035 requirendus

372 3071 523 3133 licet
582 3072 757 3131 enim
818 3068 1173 3131 laudabiles
1236 3071 1416 3150 regni
1484 3073 1683 3132 nostri
1745 3069 2243 3132 consvetudines
2308 3071 2540 3132 servari
2607 3069 2894 3139 velimus,
2959 3087 3094 3130 non

371 3192 591 3245 tamen
637 3192 735 3244 est
780 3182 967 3244 nobis
1004 3182 1309 3262 adempta
1357 3183 1762 3262 possibilitaS,
1818 3185 1976 3263 quin
2021 3187 2342 3264 possimus
2387 3184 2558 3264 ipsas
2601 3183 3098 3246 consvetudines

369 3296 749 3376 plerumque
793 3297 1211 3356 intermittere
1242 3306 1306 3357 et
1337 3314 1529 3375 supra
1576 3315 1685 3358 eas
1730 3296 2145 3358 familiaribus
2191 3299 2424 3358 nostris
2454 3316 2538 3357 ex
2567 3297 2826 3376 speciali
2871 3299 3084 3379 gracia

369 3409 581 3489 aliqua
626 3409 957 3490 indulgere
988 3428 1073 3470 ex
1100 3409 1499 3488 plenitudine
1544 3413 1715 3492 regie
1746 3412 2099 3489 potestatiS,
2130 3410 2349 3471 litteris
2379 3410 2698 3484 omnibuS‚
2727 3410 3084 3491 privilegiiS,

369 3523 806 3584 instrumentis
850 3532 915 3583 et
960 3524 1375 3584 munimentis
1420 3533 1643 3584 contra
1690 3522 1857 3584 hanc
1905 3532 2192 3585 nostram
2261 3523 2693 3584 donacionem
2740 3522 2972 3583 habitis
3016 3531 3081 3584 et

372 3637 671 3715 optentiS,
717 3635 1031 3696 habendis
1074 3646 1140 3697 et
1185 3635 1569 3715 optinendiS,
1615 3638 1825 3710 cassis,
1869 3637 2054 3697 irritis
2083 3647 2148 3698 et
2178 3639 2393 3698 vacuis
2437 3637 2744 3715 reputatis
2789 3645 2852 3696 et
2899 3653 3085 3714 repu-

370 3747 601 3822 tandiS,
630 3758 695 3809 et
725 3750 903 3808 omni
934 3748 1169 3809 robore
1198 3750 1499 3810 carituris.
1533 3747 1709 3810 Mete
1739 3760 1958 3811 autem
1991 3760 2154 3811 terre
2187 3751 2397 3829 ipsiuS,
2427 3759 2620 3828 prout
2653 3768 2739 3810 ex
2769 3748 3090 3812 relacione

377 3862 533 3922 dicti
580 3858 794 3939 Curey
841 3871 905 3922 et
950 3861 1105 3923 alias
1150 3881 1267 3941 per
1312 3861 1617 3944 legittima
1665 3873 1728 3924 et
1774 3864 1939 3924 iusta
1985 3862 2377 3925 documenta
2423 3862 2610 3923 nobis
2655 3862 2865 3923 extitit
2909 3862 3078 3923 facta

372 3974 550 4048 fides,
598 3974 722 4035 hoc
768 3973 994 4035 ordine
1055 3974 1513 4056 distinguntur:
1581 3975 1791 4036 Prima
1838 3987 2012 4037 meta
2059 3977 2276 4056 incipit
2321 3977 2386 4036 in
2433 3975 2644 4036 littore
2705 3973 2977 4037 Drawee
3023 3985 3089 4035 et

370 4087 576 4149 tendit
608 4087 693 4148 ad
724 4106 921 4148 unam
968 4087 1216 4148 ulmum
1262 4089 1439 4148 iuxta
1485 4098 1721 4149 terram
1769 4089 2240 4162 cruciferorum,
2271 4087 2512 4150 deinde
2540 4088 2626 4149 ad
2657 4089 2864 4150 ilicem
2897 4106 3086 4148 cruce

370 4203 704 4284 signatam,
748 4201 832 4262 ab
880 4201 1029 4262 inde
1075 4203 1297 4262 transit
1342 4199 1605 4262 fluvium
1652 4202 1894 4275 Budne,
1941 4202 2025 4263 ad
2070 4202 2368 4262 arborem
2416 4220 2543 4282 que
2575 4201 2804 4262 dicitur
2851 4201 3090 4282 egurfa,

371 4314 493 4376 sub
538 4333 667 4394 qua
712 4323 807 4375 est
868 4325 1043 4376 meta
1108 4325 1331 4388 terrea,
1391 4314 1627 4376 deinde
1693 4334 1810 4393 per
1874 4315 2138 4376 fluvium
2208 4314 2562 4394 Rednycha
2631 4313 2804 4374 vadit
2865 4332 3081 4375 versus

371 4428 704 4490 meridiem
772 4427 857 4488 ad
924 4425 1194 4489 rivulum
1263 4429 1370 4505 qui
1436 4425 1781 4492 Churnuch
1848 4427 2220 4507 appellatur,
2283 4428 2389 4488 ubi
2437 4428 2737 4490 distincta
2797 4449 2836 4488 a
2901 4429 3092 4489 metis

369 4540 822 4603 cruciferorum
869 4542 1271 4621 coniungitur
1318 4543 1505 4602 metis
1550 4550 1717 4602 terre
1748 4541 1829 4602 de
1864 4538 2070 4621 Copy,
2102 4541 2318 4602 eundo
2365 4561 2480 4621 per
2525 4541 2770 4602 dictum
2817 4540 3088 4602 rivulum

372 4651 718 4718 Churnuch
782 4672 1001 4715 versus
1066 4653 1396 4715 meridiem
1443 4657 1664 4735 incipit
1720 4664 1926 4716 metas
1987 4665 2204 4716 tenere
2250 4673 2398 4716 cum
2447 4654 2766 4728 RomanO,
2818 4657 3087 4730 iensque

368 4767 562 4849 longe
593 4769 727 4829 exit
759 4767 845 4827 de
876 4767 1078 4828 rivulo
1112 4765 1527 4854 Churnych(l)
1563 4767 1648 4828 ad
1680 4769 1952 4829 rivulum
1986 4770 2096 4848 qui
2127 4777 2391 4830 vocatur
2419 4767 2672 4842 Halina‚
2702 4769 3094 4829 existentem

372 4883 554 4940 iuxta
600 4891 832 4941 terram
898 4881 1187 4941 eiusdem
1250 4881 1548 4956 Romani,
1591 4901 1709 4961 per
1753 4901 1951 4964 quam
1997 4901 2233 4962 aquam
2284 4883 2519 4945 Halina
2566 4881 2785 4943 eundo
2832 4884 2966 4943 exit
3011 4881 3097 4943 ad

378 4995 547 5054 viam
594 5011 810 5054 versus
856 4993 1209 5068 meridiem,
1239 4997 1417 5055 iuxta
1465 5013 1661 5074 quam
1707 4997 1875 5056 viam
1909 5007 2006 5058 est
2038 5009 2214 5058 meta
2247 5007 2448 5058 terrea
2482 4996 2602 5058 sub
2648 4996 2876 5057 arbore
2923 5013 3096 5077 egur,

374 5107 535 5169 inde
578 5126 694 5186 per
734 5106 1010 5168 eandem
1059 5109 1223 5168 viam
1256 5107 1432 5168 vadit
1476 5108 1559 5169 ad
1605 5120 1893 5188 pontem,
1938 5111 2047 5172 ubi
2078 5111 2364 5190 predicta
2413 5110 2650 5173 Halina
2694 5109 3098 5190 dupplicatur
