3797 5795
1877 401 2296 465 —550—

730 590 904 652 idem
936 589 1144 653 dictus
1176 590 1461 654 Marinus
1492 596 1754 655 nornine
1784 606 1848 655 et
1880 596 2018 657 vice
2048 598 2340 657 comunis
2379 596 2651 676 Spalacii
2693 596 3052 676 predictum
3093 596 3438 658 dominum

730 703 1075 784 Epponem
1122 709 1526 786 capitaneum
1560 708 1783 783 Pirani‚
1812 720 1882 769 ut
1917 712 2178 769 nomine
2208 719 2272 770 et
2303 712 2438 771 vice
2483 711 2776 771 comunis
2821 710 3026 771 Pirani
3071 709 3436 789 predictum

730 821 1067 897 antiquum
1089 829 1353 897 pactum
1394 822 1659 881 nomine
1704 823 1896 900 pacis,
1941 822 2287 883 concordie
2317 832 2382 883 et
2413 824 2649 883 amoris
2693 823 2856 883 inter
2900 841 3180 885 comune
3225 822 3442 882 Pirani

728 942 793 991 et
838 950 1117 991 comune
1178 928 1452 1011 Spalacii
1512 934 1819 1012 scriptum
1880 953 2076 995 manu
2139 932 2406 995 Arnusti
2470 936 2698 996 notarii
2744 935 2825 996 de
2871 945 3078 996 castro
3125 946 3189 996 et
3237 951 3444 994 manu

730 1042 971 1104 domini
1022 1043 1199 1105 Luce
1244 1048 1523 1107 concivis
1554 1057 1617 1107 et
1650 1049 1876 1108 notarii
1910 1046 2184 1127 Spalacii
2230 1048 2668 1128 exemplatum
2717 1066 3022 1109 renovare
3067 1046 3444 1129 dignaretur

728 1174 805 1216 ac
851 1168 915 1216 et
960 1156 1359 1233 confirmare,
1402 1160 1580 1219 cuius
1624 1161 1795 1239 pacti
1843 1170 2030 1221 tenor
2075 1161 2216 1222 talis
2261 1172 2373 1221 est.

905 1297 1168 1373 (Slijedi
1210 1300 1428 1357 listina
1474 1302 1556 1357 od
1588 1320 1653 1375 g.
1690 1304 1850 1357 1192.
1904 1303 2001 1357 27.
2038 1301 2245 1377 aprila
2293 1321 2484 1375 ovoga
2527 1300 2820 1358 zbornika
2853 1300 2937 1358 ll.
2975 1302 3106 1355 955.
3135 1299 3226 1355 br.
3265 1298 3444 1371 239.)

905 1433 1043 1497 Nos
1104 1434 1294 1516 Eppo
1356 1438 1726 1517 capitaneus
1789 1438 1994 1499 Pirani
2055 1457 2202 1499 cum
2265 1438 2632 1499 consulibus
2693 1440 2921 1499 nostris
2981 1450 3046 1498 et
3103 1437 3444 1497 voluntate

731 1547 975 1609 consilli
1024 1558 1087 1609 et
1132 1551 1425 1610 comunis
1473 1551 1676 1612 Pirani
1722 1551 1805 1612 ad
1851 1553 2221 1613 instantiam
2268 1562 2330 1611 et
2378 1552 2753 1631 petitionem
2802 1552 3140 1611 memorati
3187 1548 3440 1609 domini

730 1658 959 1721 Marini
1005 1660 1239 1724 Sacidii
1288 1666 1499 1725 nuncii
1546 1674 1608 1725 et
1656 1664 2095 1725 ambaxatoris
2140 1666 2434 1725 comunis
2478 1662 2752 1743 Spalacii
2800 1663 3155 1742 predictam
3201 1680 3438 1741 pacem

728 1774 1080 1835 secundum
1129 1776 1566 1851 concordium,
1611 1779 1900 1855 superius
1945 1778 2249 1856 scriptum
2282 1787 2347 1837 et
2377 1778 2724 1855 antiquitus
2763 1775 3071 1848 habitum,
3101 1793 3258 1836 cum
3291 1773 3442 1853 ipsis

728 1887 811 1947 de
857 1886 1155 1967 Spalacio
1200 1888 1451 1950 firmum
1502 1890 1782 1952 validum
1829 1901 1895 1951 et
1939 1900 2357 1963 varentatum‚
2402 1900 2536 1949 tam
2567 1891 2940 1977 propinquis
2984 1906 3184 1967 quam
3235 1886 3440 1969 longi·

727 2002 869 2078 quis
912 2003 1205 2081 personis
1250 2002 1551 2063 omnibus
1596 2002 1677 2064 de
1726 2004 1956 2064 Pirano
1989 2005 2050 2062 in
2083 2005 2297 2063 anima
2327 2004 2613 2080 ipsorum
2657 2001 2998 2063 statuendo
3044 2000 3436 2080 proferimus

726 2111 847 2175 sub
882 2160 1079 2174 .....
1112 2114 1520 2176 condictione
1552 2126 1615 2176 et
1649 2126 1943 2195 tempore
1987 2116 2287 2175 omnibus
2332 2126 2396 2175 et
2440 2133 2556 2194 per
2601 2116 2817 2175 omnia
2863 2114 3172 2175 duximus
3203 2113 3432 2174 confir-

726 2226 1055 2301 mandum,
1101 2228 1500 2307 presentibus
1546 2228 1891 2289 duodecim
1937 2228 2344 2307 sapientibus,
2390 2229 2669 2289 iurantes
2699 2230 2762 2288 in
2795 2230 3008 2289 anima
3051 2245 3288 2287 eorum
3319 2245 3434 2305 pro

726 2358 795 2400 se
827 2348 891 2400 et
920 2358 1039 2419 pro
1070 2342 1360 2401 comuni:
1408 2360 1637 2419 pacem
1684 2344 1745 2401 in
1786 2352 2176 2422 perpetuum·
2217 2360 2467 2402 servare
2513 2344 2578 2402 in
2610 2342 2909 2402 omnibus
2940 2351 3004 2403 et
3035 2359 3154 2419 per
3195 2340 3432 2415 omnia,

726 2470 846 2513 nec
891 2451 1238 2513 distrahere
1284 2454 1366 2514 de
1410 2453 1710 2535 predictis
1754 2454 1837 2515 ab
1883 2453 2115 2533 alique.
2165 2453 2479 2515 Henricus
2521 2452 2886 2535 Taglacozo
2935 2452 3020 2514 W
3069 2499 3344 2515 .....
3391 2471 3430 2531 p

728 2563 809 2624 de
856 2564 1041 2624 Wetr
1087 2612 1345 2626 .....
1390 2564 1754 2645 Adalperus
1809 2566 1918 2627 alb
1967 2612 2228 2626 .....
2269 2564 2594 2646 Johannes
2655 2564 2894 2627 Albina
2940 2613 3204 2627 .....
3257 2564 3435 2627 Marc

725 2676 808 2737 de
852 2676 1007 2752 Tac,
1053 2677 1278 2739 Nicola
1324 2680 1551 2740 notarii
1612 2678 1893 2761 Humag,
1955 2679 2185 2741 Vitalis
2245 2678 2299 2741 F
2301 2681 2484 2740 acina
2533 2725 2790 2739 .....
2842 2679 3159 2740 Henricus
3223 2678 3430 2741 Picha.

727 2789 815 2853 Ut
846 2801 1063 2851 autem
1094 2794 1441 2870 prescripta
1471 2794 1704 2874 pagina
1735 2791 1976 2864 firmior
2015 2791 2339 2867 habeatur,
2374 2791 2578 2873 sigillo
2609 2810 2797 2853 cereo
2829 2793 3024 2853 nostri
3049 2802 3115 2853 et
3139 2792 3436 2852 comunis

723 2904 1009 2984 predicte
1054 2909 1387 2985 potestatis
1432 2916 1496 2966 et
1541 2906 1877 2968 consulum
1923 2905 2359 2986 adposuimus,

898 3017 983 3080 Et
1027 3038 1151 3101 ego
1190 3018 1471 3100 Joannes
1515 3017 1665 3080 Ade
1704 3020 1787 3081 de
1817 3018 1951 3082 Alb
1985 3065 2188 3082 .....
2220 3019 2304 3080 de
2338 3020 2564 3081 Pirano
2612 3021 2894 3080 notarius
2937 3018 3136 3079 incliti
3189 3018 3430 3079 domini

724 3127 1013 3212 Gregorii
1062 3132 1462 3206 marchioniS,
1506 3131 1623 3192 hiis
1669 3133 1970 3193 omnibus
2016 3132 2268 3193 interfui
2298 3143 2362 3192 et
2393 3131 2476 3192 de
2508 3130 2816 3192 mandato
2860 3130 3131 3211 predicti
3183 3131 3426 3192 domini

723 3243 1015 3323 Epponis
1059 3246 1373 3324 capitanei
1437 3245 1641 3306 Pirani
1687 3245 1770 3305 ad
1816 3245 2215 3306 voluntatem
2263 3247 2554 3305 comunis
2613 3243 2881 3323 predicti
2926 3245 3188 3324 propria
3239 3263 3426 3304 manu

720 3357 1060 3436 subscripsi
1107 3367 1170 3417 et
1216 3357 1530 3418 roboravi.

896 3468 979 3530 Et
1024 3489 1148 3552 ego
1194 3469 1494 3530 dominus
1556 3469 1765 3532 Lucas
1826 3472 1977 3531 civis
2023 3482 2085 3531 et
2133 3473 2418 3532 notarius
2462 3470 2544 3532 de
2589 3469 2855 3550 Spalato
2899 3470 3018 3531 hiis
3063 3471 3326 3531 interfui
3370 3479 3427 3530 et

724 3580 807 3642 de
854 3583 1166 3643 mandato
1211 3583 1496 3662 predicte
1541 3584 1807 3644 civitatis
1851 3583 2095 3662 Spalati
2165 3594 2530 3665 presentem
2577 3586 2752 3664 pacis
2797 3586 3324 3663 conpositionem
3369 3593 3428 3643 et

721 3697 1205 3755 renovationem
1252 3694 1573 3773 descripsi,
1602 3697 1986 3757 autenticavi
2017 3710 2081 3758 et
2111 3698 2403 3758 roboravi
2438 3708 2504 3757 et
2532 3698 2616 3758 ad
2664 3699 2974 3758 maiorem
3022 3698 3426 3758 securitatem

723 3817 787 3866 et
831 3805 1196 3868 firmitatem
1258 3807 1522 3887 predicti
1585 3807 1825 3869 iudices
1883 3809 2160 3890 sigillum
2216 3829 2329 3871 sue
2391 3811 2800 3871 comunitatis
2853 3809 3146 3889 predicte
3191 3809 3424 3888 apponi

721 3918 1025 3981 fecerunt.

893 4126 1182 4185 Kandler
1233 4128 1376 4187 Cod.
1424 4128 1571 4204 ‘²¹²Pl·
1605 4129 1882 4187 Istriana
1901 4140 1985 4207 po
2015 4131 2334 4204 oreginalu
2367 4152 2407 4189 u
2431 4131 2766 4206 gradskom
2814 4131 3042 4190 arkivu
3074 4153 3116 4190 u
3151 4133 3416 4190 Piranu-

718 4231 945 4307 NJ'ezin
1001 4232 1345 4308 primjerak
1398 4231 1526 4308 koji
1566 4253 1634 4290 se
1678 4233 1893 4291 nalazr'
1933 4253 1974 4290 u
2019 4233 2319 4310 knjiz'nici
2363 4237 2484 4311 jug
2492 4235 2851 4294 oslavenske
2911 4235 3291 4313 akademg'jea
3353 4256 3423 4294 ne

720 4336 847 4392 ima
894 4335 1175 4393 naznake
1218 4345 1459 4394 strana.
