3797 5795
1496 407 1757 469 —409
1820 441 1904 448 —-

384 607 793 674 conpescente,
824 596 985 656 sieut
1017 596 1287 670 dicebat,
1320 597 1649 658 confessus
1680 610 1793 671 est,
1838 616 1907 658 se
1941 597 2303 658 uendidisse
2348 598 2583 659 scilicet
2629 600 3046 680 quadraginta

386 717 611 770 uereten
654 720 715 767 et
762 707 1095 770 dimidium
1155 710 1443 788 predicto
1506 709 1807 771 Luehaeh
1872 722 1936 771 et
1999 711 2186 771 Petro
2247 711 2555 789 equaliter
2600 714 2663 772 in
2712 716 3039 773 communi

386 826 499 882 iure
538 831 833 900 perpetuo
878 823 1333 901 possidendam
1370 843 1487 902 pro
1522 824 1942 905 quadraginta
1989 827 2201 903 pensis
2233 836 2296 884 et
2329 824 2592 886 dimidia
2640 824 3046 886 denariorum

384 935 881 1016 Zagrabiensium,
929 955 1199 1016 quorum
1248 937 1493 1018 singule
1540 940 1823 1016 quinque
1891 956 2089 1015 pense
2159 956 2440 998 marcam
2515 947 2670 998 tunc
2745 939 3049 1016 temporis

383 1048 681 1120 faciebant,
751 1067 909 1126 quas
977 1069 1045 1109 se
1112 1049 1275 1110 dixit
1343 1050 1425 1110 ab
1496 1051 1741 1110 eisdem
1810 1051 2091 1129 plenarie
2160 1051 2488 1128 recepisse.
2558 1048 2917 1111 Astiterunt
2984 1061 3049 1111 et

381 1161 577 1220 fratres
618 1160 1011 1222 uendicionis
1044 1162 1202 1222 Petk
1235 1175 1299 1223 et
1330 1163 1535 1242 Zlopk
1568 1176 1631 1223 et
1662 1165 2118 1244 consanguinei
2151 1162 2456 1237 eiusdem,
2503 1163 2742 1224 scilicet
2773 1162 3048 1236 Dahota‚

388 1271 729 1354 Wlkodrug,
806 1273 1083 1350 Gorena,
1161 1275 1403 1354 Wlkoy
1472 1287 1537 1336 et
1591 1276 1918 1354 Philippus
1979 1275 2140 1336 filius
2200 1275 2474 1354 Dopcha
2545 1287 3047 1350 commetaneUS,

378 1386 629 1446 Endrich
702 1406 923 1448 comes
1000 1393 1321 1460 terrestris,
1390 1391 1497 1468 qui
1572 1388 1928 1467 predictam
2005 1388 2454 1449 uendicionem
2532 1408 2850 1449 consensu
2925 1408 3042 1449 suo

378 1499 726 1560 ratificantes
772 1504 1155 1562 unanimiter
1201 1503 1655 1581 approbarunt,
1701 1502 1875 1563 dicto
1923 1502 2204 1562 Endrich
2246 1505 2486 1562 terestri
2521 1505 2757 1562 comite
2801 1512 3046 1580 protes-

376 1623 550 1678 tante,
603 1615 799 1692 ipsam
867 1633 947 1674 ex
997 1633 1314 1676 consensu
1362 1626 1423 1676 et
1470 1616 1733 1676 licencia
1798 1615 1946 1676 Inus
1993 1626 2144 1675 tunc
2189 1617 2440 1675 comitis
2499 1615 2937 1696 Zagrabiensis
2983 1624 3045 1674 et

375 1725 759 1806 iobagionum
808 1731 992 1788 castri
1040 1731 1331 1789 omnium
1380 1729 1615 1789 saetam
1662 1748 1815 1789 esse.
1866 1729 2084 1790 Habet
2117 1739 2350 1801 autem,
2397 1731 2558 1788 sicut
2602 1739 2815 1807 partes
2860 1729 3046 1788 nobis

374 1839 710 1912 retulerunt,
771 1851 935 1902 terra
1000 1842 1332 1914 ,antedicta
1406 1853 1889 1911 commetaneos
1958 1862 2042 1902 ex
2109 1855 2288 1920 parte
2358 1843 2614 1901 orientis
2684 1841 2766 1902 W
2773 1839 3047 1922 lkodrug

373 1952 756 2028 antedictum,
802 1973 887 2014 ex
930 1965 1110 2033 parte
1172 1955 1519 2016 occidentis
1582 1965 1746 2016 terra
1792 1955 2057 2034 predicti
2126 1954 2446 2028 Luchach,
2495 1972 2689 2032 quam
2739 1954 2930 2015 habet
2977 1956 3042 2012 in

372 2065 627 2144 pignore,
673 2085 757 2127 ex
800 2079 982 2146 parte
1027 2070 1294 2146 capitosi
1332 2068 1591 2128 Leuche
1625 2082 1686 2128 et
1720 2068 1938 2141 Endri‚
1970 2087 2052 2128 ex
2084 2078 2266 2146 parte
2313 2069 2764 2144 septentrionis
2810 2077 3044 2127 terram

372 2176 613 2257 Philippi
658 2178 765 2239 filii
810 2179 1101 2259 Dopcha,
1146 2202 1183 2241 a
1230 2201 1357 2260 qua
1418 2193 1745 2260 separatur
1791 2183 1852 2240 in
1901 2184 2042 2260 piro
2089 2192 2150 2240 et
2199 2181 2282 2240 ibi
2345 2183 2586 2240 intrans
2633 2177 3045 2242 Coztnicham

372 2293 727 2352 terminatur.
776 2293 847 2352 In
894 2297 1069 2354 cuius
1131 2297 1217 2354 rei
1282 2297 1719 2354 testimonium
1784 2305 2114 2373 presentes
2173 2295 2257 2354 ad
2321 2294 2698 2354 instanciam
2759 2293 3044 2371 parcium

368 2403 727 2465 contulimus
786 2406 967 2487 sigilli
1031 2410 1225 2467 nostri
1293 2410 1646 2467 munimine
1708 2409 2056 2468 roboratas.
2118 2406 2360 2467 Datum
2426 2409 2644 2484 quinta
2701 2405 2851 2465 feria
2897 2413 3044 2482 post

368 2513 575 2576 festum
620 2517 871 2579 Thome
918 2520 1189 2597 apostoli
1239 2539 1411 2580 anno
1460 2519 1835 2584 MCCLXV
1841 2519 1916 2580 1⁰.

538 2710 821 2784 Orzgt'nal
846 2732 883 2768 u
918 2712 1139 2768 arkz'r’u
1172 2711 1418 2783 kaptola
1451 2713 1902 2787 zagrebac'kog:
1933 2714 2092 2770 Acta
2124 2723 2256 2788 cap.
2292 2713 2554 2787 antiqua
2587 2711 3036 2783 (neurea'jenol.

362 2845 435 2852 —-
477 2813 583 2870 ινα
626 2815 823 2872 listinc'
862 2817 987 2872 visi
1027 2837 1217 2874 vrr’ca
1264 2818 1504 2874 sw'lena
1550 2837 1772 2874 ervene
1816 2817 1970 2892 bose,
2011 2823 2196 2894 pedat
2218 2819 2294 2892 je
2339 2826 2532 2892 otpaO.

532 2918 771 2977 Tkalc‘ic‘
806 2922 894 2978 M.
944 2923 1087 2978 eccl.
1136 2924 1203 2977 Z.
1254 2922 1304 2979 I.
1360 2924 1427 2975 13
1444 2928 1485 2979 4.
1534 2955 1616 2965 —
1681 2923 1924 2979 IVenzel
1973 2922 2111 2980 Cod.
2148 2922 2296 2997 dipl.
2347 2921 2491 2995 Arp.
2539 2927 2693 2975 cont.
2744 2919 2852 2976 XI.
2903 2920 3037 2975 563.

358 3025 566 3081 donosz'
607 3035 811 3099 regest.
867 3060 945 3067 -—
991 3025 1368 3101 Kukuls'e,’vt'c“
1408 3028 1559 3099 Reg.
1610 3046 1702 3082 no,
1764 3028 1902 3080 920.
2983 3044 3012 3065 ν

1593 3420 1788 3500 881.

362 3578 541 3643 1266.

364 3771 520 3834 Bela
566 3772 746 3855 kragj
786 3769 1074 3855 ugarskc'
1113 3768 1146 3831 z·
1186 3768 1503 3831 krvalskz'
1534 3770 1934 3853 potvrdjuje
1973 3770 2244 3852 povelju
2280 3766 2536 3829 z'zdanu
2584 3768 2671 3828 od
2712 3767 3035 3828 Rolmzda

1108 3884 1285 3945 bana
1322 3882 1519 3966 glede
1564 3882 1791 3966 zemlje
1840 3902 1887 3943 u
1935 3881 2265 3965 Isonjske.

520 4078 661 4139 Bela
695 4078 798 4139 dei
832 4080 1041 4159 gracia
1076 4076 1421 4157 Hungarie,
1453 4074 1802 4147 Dalmacie‚
1848 4072 2188 4148 Cum-acie,
2221 4074 2443 4140 Rame,
2478 4072 2708 4140 Sei-vie,
2756 4071 3037 4146 Gallicie,

368 4190 748 4266 Lodomerie‚
782 4188 1220 4269 Cumanieque
1253 4209 1369 4249 rex
1400 4188 1699 4248 omnibus
1744 4199 2070 4267 presentes
2095 4187 2329 4247 litteras
2362 4188 2734 4263 inspecturis
2764 4186 3030 4245 salutem

364 4305 417 4362 in
448 4307 719 4365 omnium
752 4306 1081 4365 salvatore.
1112 4301 1223 4363 Ad
1256 4303 1689 4362 universorum
1724 4304 2026 4361 noticiam
2061 4312 2280 4360 tenore
2313 4300 2708 4378 presencium
2743 4299 3036 4358 volumus

363 4420 683 4494 pervenire,
751 4416 929 4499 quod
992 4417 1197 4477 Bense
1260 4414 1420 4475 filius
1482 4414 1729 4475 Nicolai
1802 4415 2099 4492 predialis
2171 4413 2251 4471 de
2311 4411 2576 4491 Ryuche
2622 4411 2702 4470 ad
2750 4420 3032 4471 nostram

304 4546 319 4561 ·
360 4532 593 4592 veniens
656 4533 1050 4611 presenciam
1121 4528 1351 4608 optulit
1418 4528 1604 4589 nobis
1674 4527 2066 4607 privilegium
2141 4526 2413 4585 Rolandi
2483 4526 2629 4584 bani
2700 4525 2908 4585 dilecti
2972 4536 3036 4584 et

362 4640 540 4705 fidelis
599 4647 795 4706 nostri
858 4644 1225 4704 consectum
1289 4662 1401 4721 per
1463 4644 1671 4720 ipsum
1736 4641 1977 4701 banum
2040 4640 2120 4699 de
2185 4650 2402 4698 nostro
2473 4636 2779 4697 mandato
2847 4656 3035 4715 super

360 4754 751 4819 distinccione
799 4766 1115 4819 metarum
1164 4765 1326 4817 terre
1374 4755 1520 4815 dicti
1570 4754 1775 4814 Benze
1808 4751 2122 4831 Konyzka
2173 4762 2413 4825 vocate,
2464 4750 2749 4829 petendo
2781 4771 2817 4809 a
2850 4750 3036 4810 nobis

358 4867 685 4951 diligenter,
744 4881 816 4931 ut
884 4873 1091 4949 ipsum
1160 4868 1550 4949 privilegium
1616 4877 1819 4927 ratum
1886 4876 1948 4925 et
2012 4876 2346 4941 acceptum
2413 4864 2645 4924 habere
2692 4873 2754 4923 et
2817 4873 3034 4923 nostro

356 4980 743 5063 dignaremur
788 4984 1115 5065 privilegio
1163 4982 1556 5044 confirmare.
1606 4978 1799 5042 Cuius
1856 4992 2040 5039 tenor
2087 4978 2225 5037 talis
2272 4990 2382 5037 est.

512 5118 767 5193 (Slijedi
809 5118 1023 5173 listina
1072 5116 1235 5172 bana
1283 5114 1572 5171 Rolanacz
1620 5116 1701 5169 od
1733 5134 1795 5186 g.
1847 5114 2015 5169 1:265.
2063 5115 2162 5164 24.
2193 5112 2414 5185 juna.)
