3797 5795
1564 279 1782 342 —65
1845 319 1921 326 ——

391 469 680 529 fratribus
726 467 1154 530 Cisterciensis
1199 468 1438 527 ordinis
1498 469 1716 530 datam
1779 483 1842 532 et
1904 475 2059 534 alias
2120 487 2332 547 terraS,
2396 493 2555 552 quas
2617 475 2745 531 iure
2792 469 3096 547 empticio

391 582 595 642 dictus
653 581 1137 642 archidiaconus
1198 580 1549 642 dinoscitur
1617 585 1979 662 possedisse
2040 598 2105 646 et
2166 587 2298 647 duo
2357 585 2727 646 molendina
2795 582 3100 662 predicta,

391 697 550 756 sicut
596 696 880 772 superius
925 704 1017 753 est
1065 695 1462 772 premissum,
1508 697 1796 757 conferre
1828 700 2027 777 possit
2063 700 2357 760 fratribus
2402 697 2757 777 sepedictis,
2804 694 3101 755 dedimus
3192 700 3203 712 '

393 822 457 869 et
524 810 954 868 concessimus
1022 807 1234 866 eidem
1302 806 1652 885 plenariam
1731 809 2119 885 facultatem,
2189 812 2251 871 id
2323 811 2501 890 quod
2568 830 2682 890 per
2745 808 3099 888 predictum

399 923 652 982 Petrum
727 919 1246 980 archidiaconum
1311 921 1550 981 sactum
1623 935 1718 982 est
1781 925 1841 984 in
1904 927 2225 1002 premissis
2286 925 2683 1003 presencium
2748 920 3105 1000 patrocinio

398 1033 864 1094 confirmantes.
919 1033 1003 1095 Ut
1050 1034 1234 1114 igitur
1279 1036 1585 1112 premissa
1635 1036 1827 1095 robur
1873 1037 2207 1097 obtineant
2253 1023 2563 1116 perpetue
2608 1035 2939 1106 firmitatiS‚
2988 1049 3106 1091 nee

399 1149 644 1226 possint
705 1166 817 1224 per
877 1147 1246 1225 quempiam
1309 1165 1609 1224 processu
1681 1159 2045 1227 temporum
2117 1152 2457 1224 retractari,
2519 1149 2603 1209 ad
2666 1158 2953 1208 eternam
3018 1145 3108 1204 rei

403 1262 778 1320 memoriam
847 1269 1173 1338 presentes
1241 1259 1484 1319 eisdem
1556 1260 1848 1322 fratiibus
1919 1262 2215 1324 dedimus
2284 1262 2521 1323 litteras
2590 1261 2861 1340 duplicis
2930 1257 3109 1338 sigilli

404 1375 598 1432 nostri
647 1372 997 1432 munimine
1031 1373 1377 1431 roboratas
1425 1371 1668 1432 Datum
1701 1393 1814 1452 per
1847 1394 2073 1434 manus
2106 1378 2383 1456 magistri
2420 1373 2776 1455 Smaragdi,
2810 1371 3114 1433 Albensis

404 1485 668 1545 ecclesie
713 1486 1034 1562 prepositi,
1079 1483 1220 1545 aule
1254 1497 1468 1545 nostre
1513 1487 2025 1562 vicecancellarii,
2072 1489 2283 1550 dilecti
2338 1499 2401 1549 et
2444 1488 2647 1549 fidelis
2682 1488 2896 1559 nostri,
2941 1502 3115 1544 anno

407 1598 652 1658 domini
701 1598 1036 1658 millesimo
1083 1597 1525 1658 ducentesimo
1588 1603 2117 1682 quinquagesimo
2188 1603 2481 1680 septimO,
2545 1601 2742 1661 tercio
2808 1596 3119 1659 kalendas

408 1712 635 1789 aprilis,
680 1712 855 1792 regni
903 1722 1118 1772 autem
1167 1713 1361 1770 nostri
1407 1729 1579 1770 anno
1627 1701 1929 1773 vicesimo
1976 1715 2281 1775 secundo.

584 1887 650 1944 Iz
688 1887 990 1962 pry'episa
1037 1885 1284 1961 kaptola
1329 1886 1569 1959 zagreb.
1621 1888 1706 1942 od
1734 1908 1800 1961 g.
1853 1893 2024 1947 1557.
2086 1891 2147 1948 [J
2182 1890 2405 1948 arkivu
2451 1890 2613 1966 kapt.
2664 1889 2902 1964 zagreb.

585 1989 934 2047 Kercselick
987 1989 1255 2047 silenum.
1303 1991 1509 2047 eccles,
1560 1991 1828 2064 Zagrab.
1879 2025 1964 2035 —
2010 1995 2200 2069 Feje‘r
2251 1996 2392 2052 cod.
2445 1995 2594 2071 dipl.
2642 1995 2854 2067 flung.
2908 1993 2945 2050 l
2958 1994 3016 2051 V.
3067 1995 3120 2047 2.
3142 2009 3161 2028 ’

414 2099 556 2154 447.
592 2095 760 2168 (lma
793 2094 1104 2162 izvadak.)
1138 2127 1224 2136 —-
1263 2093 1516 2151 Tkalc‘ic‘
1539 2095 1812 2152 Alontcm.
1851 2099 2105 2174 episcop.
2139 2099 2325 2172 Zagr.
2356 2099 2404 2158 l.
2436 2101 2753 2154 116—117.
2790 2098 2816 2153 i
2844 2097 3119 2153 Monam.

411 2201 574 2258 civit.
621 2201 890 2274 Zagrab.
941 2203 1210 2256 26—27.
1263 2231 1343 2241 —-
1409 2199 1655 2256 Wenzel
1718 2200 1858 2258 Coei.
1911 2203 2058 2278 dipl.
2104 2203 2252 2278 Arp.
2304 2203 2416 2261 XI.
2472 2207 2597 2260 441.
2646 2201 2863 2258 [lanosi
2908 2207 3124 2274 regest·

414 2339 500 2346 ——-
545 2304 922 2380 Kukugjcvic‘
961 2305 1110 2377 Reg.
1163 2323 1258 2360 no.
1315 2305 1449 2362 734.

1686 2594 1879 2674 585.

423 2771 628 2850 1257,
673 2772 776 2834 21.
829 2769 1090 2852 apl-ila.
1137 2769 1197 2835 U
1245 2769 1574 2852 Troqiru.

429 2960 691 3045 Duy'mo
723 2960 806 3023 de
843 2961 1014 3043 Cega
1047 2960 1205 3043 daje
1237 2959 1496 3023 Kz'tos‘a
1544 2960 1789 3042 :emlja
1821 2980 1870 3022 u
1906 2958 2303 3043 Podmorju,
2351 2960 2440 3023 da
2475 2958 2737 3023 nasacti
2774 2960 3134 3045 vz'nograd.

607 3154 676 3213 ln
725 3152 951 3217 Christi
1017 3156 1296 3214 nomine.
1361 3151 1556 3213 Anno
1621 3154 2080 3213 incarnacionis
2126 3155 2261 3213 eius
2309 3153 2645 3214 millesimo
2694 3153 3143 3213 ducentesimo

432 3269 964 3348 quinquagesimo
1011 3266 1174 3340 VII.,
1221 3266 1567 3325 indictione
1614 3266 1777 3339 XV,
1825 3285 2046 3327 mense
2088 3267 2265 3345 aprili
2314 3267 2417 3326 die
2463 3266 2841 3339 X.exeunte,
2889 3277 3141 3344 tempo-

433 3381 605 3440 ribus
637 3380 878 3441 domini
913 3377 1292 3441 Columbani
1340 3378 1718 3438 venerabilis
1748 3380 2049 3457 episcopi,
2090 3377 2393 3458 Stephani
2427 3380 2575 3439 bani
2610 3381 2877 3448 comitis,
2914 3378 3141 3439 Marini

439 3494 641 3567 Blasii,
688 3494 1012 3555 Valentini
1063 3490 1284 3552 Kasari
1336 3505 1398 3551 et
1449 3491 1770 3553 Valentini
1821 3491 1987 3551 Petri
2042 3492 2343 3565 iudicum,
2406 3492 2464 3553 T
2469 3494 2713 3573 ragurii‚
2760 3492 2885 3552 hoc
2930 3502 3145 3552 actum

436 3621 546 3665 est.
595 3606 1004 3667 Manifestum
1068 3618 1179 3675 est,
1240 3582 1418 3685 quod
1488 3590 1785 3681 Duymus
1831 3605 1913 3665 de
1962 3602 2135 3685 Cege
2197 3604 2373 3665 dedit
2440 3604 2694 3683 Kytoso
2742 3616 2804 3665 et
2851 3606 3149 3665 fratribus

439 3721 564 3779 suis
609 3719 1094 3799 quatuordecim
1165 3729 1459 3778 vretenos
1504 3717 1586 3777 de
1633 3728 1798 3777 terra
1845 3736 1958 3777 sua
2005 3720 2123 3778 sita
2168 3718 2339 3797 apud
2390 3737 2641 3779 murum
2689 3721 2751 3778 in
2802 3718 3146 3781 Podmorie

442 3852 629 3911 supra
689 3834 939 3892 vineam
1007 3832 1310 3910 Paparelli
1377 3842 1438 3891 et
1502 3834 1678 3891 iuxta
1744 3833 1907 3890 viam
1974 3830 2298 3909 publicam
2343 3830 2427 3891 ad
2472 3832 2895 3909 plantandum
2958 3833 3019 3891 in
3074 3850 3150 3890 ea

445 3950 694 4006 vineam
729 3946 832 4005 tali
868 3946 1131 4024 quidem
1164 3955 1405 4017 tenore,
1431 3944 1607 4023 quod
1631 3944 1822 4004 iidem
1853 3953 2055 4003 totam
2088 3943 2439 4022 predictam
2474 3956 2708 4004 terram
2740 3944 3155 4033 pastinabunt

447 4078 647 4138 usque
692 4058 775 4119 ad
841 4070 1112 4137 quatuor
1176 4076 1381 4118 annos
1442 4077 1524 4116 ex
1587 4068 1779 4135 pacto
1827 4068 1888 4115 et
1938 4058 2321 4134 pastinatam
2386 4067 2681 4117 tenentur
2740 4075 2881 4116 eam
2946 4057 3156 4117 colere

447 4184 510 4232 et
555 4171 722 4232 bene
769 4170 1058 4232 laborare
1102 4174 1450 4242 annuatim,
1495 4169 1848 4229 secundum
1902 4168 2079 4246 quod
2111 4171 2472 4229 continetur
2504 4170 2563 4229 in
2600 4168 2925 4248 capitulari
2972 4168 3159 4229 huius

449 4286 735 4357 ciuitatiS,
783 4283 956 4359 quod
991 4286 1037 4344 si
1076 4302 1206 4345 non
1239 4284 1520 4356 fecerint,
1565 4294 1749 4342 erunt
1797 4280 2318 4368 condempnandi
2368 4281 2721 4342 secundum
2770 4283 3153 4342 sententiam

452 4397 814 4476 capitularis
897 4397 1257 4476 supradicti.
1351 4396 1676 4475 Tempore
1753 4409 1967 4456 autem
2056 4394 2523 4455 uindemiarum
2614 4395 2784 4455 idem
2862 4394 3161 4473 Duymus

373 4540 378 4543 ·
451 4522 743 4590 quartam
790 4520 1036 4589 partem
1072 4509 1153 4570 de
1185 4520 1324 4569 toto
1361 4519 1571 4569 musto
1619 4508 1796 4587 quod
1830 4510 1890 4568 in
1928 4510 2109 4568 vinea
2141 4508 2327 4568 fuerit
2363 4518 2653 4587 paratum
2702 4510 2827 4568 suis
2862 4510 3163 4586 expensis

453 4622 714 4702 recipiet
759 4625 822 4683 in
871 4624 1050 4683 vinea
1097 4622 1460 4701 supradicta
1507 4624 1680 4681 omni
1729 4640 1902 4681 anno
1949 4632 2011 4680 et
2059 4632 2185 4681 tres
2230 4632 2441 4699 partes
2490 4623 2639 4699 ipsis
2684 4621 2995 4700 relinquet
3044 4640 3162 4699 pro

455 4738 693 4797 labore.
742 4734 1041 4797 Similiter
1087 4754 1240 4796 uero
1272 4736 1354 4796 de
1386 4734 1686 4795 omnibus
1730 4734 1866 4794 aliis
1912 4734 2217 4793 fructibus
2263 4736 2323 4793 in
2372 4734 2599 4795 eadem
2650 4736 2832 4795 vinea
2879 4753 3159 4795 crescen-

456 4852 625 4911 tibus
670 4849 931 4910 habebit
979 4848 1274 4927 Duymus
1322 4860 1612 4927 quartam
1677 4860 1942 4927 partem.
2005 4844 2232 4907 Testes
2292 4861 2437 4907 sunt
2499 4848 2890 4909 Radouanus
2952 4844 3168 4909 Scoci·

459 4963 629 5024 lanin
673 4968 741 5023 'et
793 4960 966 5023 Luce
1016 4954 1198 5022 Petri.

550 5104 693 5146 coo.
730 5105 891 5145 131121„
927 5103 988 5144 v.
3042 5085 3083 5145 ἴ)
