3797 5795
1784 396 2196 459 —574—

1932 688 2069 768 235

633 857 839 922 1270.

634 1055 923 1141 Stjepan
972 1056 1162 1140 kralj
1200 1055 1492 1141 ugarskz'
1532 1054 1565 1118 i
1602 1054 1921 1119 krvatski
1976 1054 2370 1141 potvrdjuje
2415 1052 2671 1118 lz'stinu
2717 1055 2785 1117 B
2787 1055 2883 1117 ele
2951 1074 3070 1117 oca
3136 1074 3344 1139 svoga

632 1169 828 1233 danu
872 1168 1061 1232 brac‘i
1100 1169 1409 1245 Lukac'u,
1480 1166 1681 1247 Vada,
1732 1167 2004 1254 Matzjz‘,
2057 1168 2270 1232 Petru
2313 1166 2656 1231 sino-nima
2702 1174 2970 1251 §upana
3011 1164 3338 1250 Andrzje.

806 1387 1171 1466 Stephanus
1232 1386 1334 1448 dei
1396 1390 1609 1469 gracia
1675 1386 2022 1469 Hungarie‚
2083 1386 2432 1460 Dalmacie,
2491 1384 2778 1461 Croacie,
2837 1387 3060 1461 Rame,
3105 1384 3344 1458 Servie,

631 1502 915 1575 Gallicie‚
946 1500 1355 1575 Lodomerie,
1386 1498 1718 1574 Cumanie‚
1748 1500 2172 1583 Bulgarieque
2214 1519 2332 1561 rex
2377 1501 2680 1560 omnibus
2723 1509 3051 1579 presentes
3095 1499 3337 1560 litteras

631 1617 1007 1695 inspecturis
1052 1613 1319 1675 salutem
1354 1614 1419 1673 in
1450 1613 1669 1675 salutis
1714 1624 1991 1675 auctore.
2039 1612 2151 1675 Ad
2194 1614 2636 1673 universorum
2682 1614 2986 1673 noticiam
3033 1623 3168 1672 tam
3199 1630 3344 1691 pre-

628 1730 917 1791 sencium
948 1744 1146 1806 quam
1179 1726 1535 1787 futurorum
1582 1726 1805 1787 harum
1840 1728 2002 1787 serie
2033 1725 2328 1787 volumus
2371 1726 2720 1804 pervenire,
2750 1724 2926 1805 quod
2957 1724 3345 1785 accedentes

628 1841 712 1903 ad
760 1850 1043 1901 nostram
1108 1842 1507 1918 presenciam
1569 1837 1857 1913 Lukach‚
1907 1837 2105 1918 Wyd‚
2151 1837 2448 1899 Matheus
2505 1848 2571 1899 et
2633 1838 2856 1899 Petrus
2915 1836 3026 1899 filii
3087 1838 3345 1897 comitis

626 1952 886 2015 Endree
916 1951 999 2013 de
1028 1952 1314 2031 partibus
1358 1950 1715 2027 Sclavonie,
1759 1951 2185 2013 exhibuerunt
2217 1951 2404 2012 nobis
2448 1950 2844 2033 privilegium
2892 1950 3140 2011 domini
3187 1948 3343 2010 Bele

627 2066 881 2126 illustris
938 2066 1103 2147 regis
1164 2064 1494 2146 Hungarie
1552 2062 1862 2125 karissimi
1923 2066 2120 2143 patris
2178 2066 2376 2125 nostri
2436 2063 2632 2125 felicis
2677 2062 3163 2137 recordacionis,
3226 2080 3342 2143 pe-

624 2188 837 2239 tentes
882 2176 1218 2251 humiliter,
1261 2186 1332 2237 ut
1376 2179 1588 2256 ipsum
1631 2176 2028 2259 privilegium
2077 2186 2297 2238 nostro
2343 2176 2754 2259 dignaremur
2809 2175 3140 2258 privilegio
3183 2194 3342 2236 con-

624 2288 898 2351 firmare.
945 2287 1140 2352 Cuius
1186 2288 1447 2367 quidem
1496 2289 1799 2371 privilegii
1846 2301 2036 2351 tenor
2079 2290 2220 2351 talis
2266 2299 2392 2351 est:

800 2404 1064 2480 (Slzjedi
1105 2404 1327 2461 listina
1372 2404 1582 2480 kralja
1630 2405 1778 2461 Bele
1823 2406 1907 2463 od
1938 2406 2086 2479 god.
2133 2408 2306 2464 1244.
2358 2410 2409 2464 5.
2456 2404 2756 2478 oktobra).

803 2513 943 2575 Nos
1002 2516 1189 2596 igitur
1248 2515 1544 2593 precibus
1604 2515 2044 2595 predictorum
2105 2514 2380 2577 filiorum
2443 2517 2694 2577 comitis
2739 2514 2996 2577 Endree
3040 2517 3344 2590 inclinati,

622 2629 964 2707 ipsumque
1007 2627 1403 2709 privilegium
1448 2626 1761 2689 karissimi
1805 2630 2002 2708 patris
2046 2630 2246 2690 nostri
2290 2638 2500 2690 ratum
2540 2628 2852 2690 habentes
2881 2639 2945 2690 et
2975 2638 3338 2707 acceptum,

623 2740 1025 2819 presentibus
1093 2741 1547 2820 perpetualiter
1613 2740 2074 2803 confirmamus
2141 2741 2410 2821 duplicis
2477 2742 2656 2824 sigilli
2725 2743 2923 2803 nostri
2985 2746 3345 2804 munimine

623 2852 1013 2916 roborando.
1059 2851 1303 2915 Datum
1333 2872 1447 2933 per
1480 2872 1707 2916 manus
1754 2853 2087 2917 Benedicti
2119 2853 2498 2918 Orodiensis
2543 2856 2810 2918 ecclesie
2841 2858 3166 2937 prepositi,
3197 2857 3345 2920 aule

627 2976 842 3027 nostre
911 2967 1405 3028 vicecancellarii
1474 2966 1687 3028 dilecti
1749 2978 1815 3029 et
1878 2966 2083 3029 fidelis
2149 2971 2362 3029 nostri.
2435 2967 2636 3031 Anno
2703 2969 2950 3031 domini
2997 2970 3342 3032 millesimo

622 3076 1066 3140 ducentesimo
1110 3081 1602 3162 septuagesimO,
1646 3082 1826 3162 regni
1870 3092 2088 3142 autem
2135 3083 2332 3142 nostri
2379 3100 2554 3144 anno
2599 3084 2827 3162 primo.

805 3269 1105 3346 OnJginal
1145 3291 1185 3329 u
1232 3271 1458 3329 arkivu
1504 3271 1741 3348 obitelyi
1786 3275 2049 3350 grofova
2107 3273 2403 3346 Erdoalya
2465 3294 2506 3331 u
2576 3274 2898 3350 Glogovcu.
2987 3309 3068 3318 —
3145 3277 3348 3333 Pec'at

624 3382 819 3451 otpa0,
868 3395 1092 3433 crz’ene
1134 3395 1317 3433 vrvce
1361 3377 1572 3437 ostale.

802 3478 943 3537 Cod.
1007 3479 1153 3555 dipl.
1207 3480 1462 3556 patrius
1537 3480 1667 3538 Vll.
1736 3485 2069 3538 127—128.
2133 3503 2229 3541 no,
2299 3485 2394 3542 97.
2442 3517 2523 3526 —
2587 3483 2966 3559 Kukuljevic‘
3017 3485 3166 3558 Reg.
3233 3504 3330 3542 κο.

626 3583 783 3639 1021.

1908 3876 2043 3954 24.

620 4043 822 4110 1270.

614 4229 832 4296 Lovro
880 4239 1105 4318 §upan
1151 4231 1585 4300 rovifflanski
1624 4238 1988 4325 odredjuje
2051 4241 2272 4325 medje
2315 4241 2547 4327 zemgje
2591 4243 2838 4307 Mabek
2881 4245 3046 4331 kraj
3104 4246 3334 4310 Velike

1562 4372 1637 4414 za
1684 4357 1956 4435 §upana
2001 4351 2407 4418 Prencholo.

785 4539 927 4601 Nos
988 4543 1291 4624 magister
1362 4539 1781 4621 Laurencyus
1840 4562 2064 4605 comes
2108 4545 2192 4608 de
2235 4548 2507 4626 Ryuche
2552 4550 2983 4632 significamus
3025 4555 3334 4616 vniuersis

606 4651 839 4727 quibus
902 4654 1168 4734 expedit
1228 4659 1635 4734 presencium
1680 4675 1796 4736 per
1841 4667 2154 4734 tenorem,
2214 4660 2395 4741 quod
2439 4680 2590 4723 cum
2635 4661 2938 4726 dominus
2981 4685 3100 4727 rex
3143 4667 3333 4730 nobis

608 4763 673 4823 in
719 4769 847 4827 suis
892 4765 1116 4829 litteris
1162 4768 1574 4848 precepisset,
1602 4778 1673 4829 ut
1712 4778 1952 4832 terram
1997 4770 2340 4834 villicatam
2387 4773 2623 4838 Macek
2667 4777 2844 4838 iuxta
2891 4779 3220 4859 Velykam
3266 4784 3330 4842 in

609 4881 920 4940 comitatu
968 4879 1213 4960 Ryuice
1258 4883 1649 4943 existentem
1698 4881 2060 4945 Prencholo
2090 4888 2311 4948 comiti
2341 4907 2598 4951 camere
2627 4889 3066 4972 Zagrabiensis
3109 4912 3328 4954 coram

608 4993 981 5053 testimonio
1040 4994 1296 5074 capituli
1365 4992 1776 5058 Chasmensis
1834 4998 2322 5078 assignaremus
2382 5019 2502 5064 nos
2569 5003 2980 5067 attendentes
3021 5020 3331 5086 precepto

611 5103 855 5165 domini
918 5109 1081 5187 regis
1144 5111 1347 5186 ipsam
1412 5117 1647 5169 terram
1694 5127 1813 5188 pro
1860 5109 2270 5189 beneplacito
2314 5124 2379 5175 et
2423 5115 2754 5179 voluntate
2812 5122 3104 5181 omnium
3153 5121 3330 5182 ioba-
