<?xml version="1.0" encoding="UTF-8"?>
<!DOCTYPE html PUBLIC "-//W3C//DTD XHTML 1.0 Transitional//EN"
    "http://www.w3.org/TR/xhtml1/DTD/xhtml1-transitional.dtd">
<html xmlns="http://www.w3.org/1999/xhtml" xml:lang="en" lang="en">
 <head>
  <title>
</title>
<meta http-equiv="Content-Type" content="text/html;charset=utf-8" />
  <meta name='ocr-system' content='tesseract 3.04.00' />
  <meta name='ocr-capabilities' content='ocr_page ocr_carea ocr_par ocr_line ocrx_word'/>
</head>
<body>
  <div class='ocr_page' id='page_1' title='image "./codexdiplomatic00umjegoog_0641.png"; bbox 0 0 3797 5795; ppageno 0'>
   <div class='ocr_carea' id='block_1_1' title="bbox 1864 426 2278 491">
    <p class='ocr_par' dir='ltr' id='par_1_1' title="bbox 1864 426 2278 491">
     <span class='ocr_line' id='line_1_1' title="bbox 1864 426 2278 491; baseline 0.005 -2"><span class='ocrx_word' id='word_1_1' title='bbox 1864 426 2278 491; x_wconf 79' lang='lat'>——628—</span> 
     </span>
    </p>
   </div>
   <div class='ocr_carea' id='block_1_2' title="bbox 716 616 3445 4200">
    <p class='ocr_par' dir='ltr' id='par_1_2' title="bbox 716 616 3445 4200">
     <span class='ocr_line' id='line_1_2' title="bbox 720 616 3434 695; baseline 0 -19"><span class='ocrx_word' id='word_1_2' title='bbox 720 618 918 677; x_wconf 89' lang='lat' dir='ltr'><strong>biensi</strong></span> <span class='ocrx_word' id='word_1_3' title='bbox 983 636 1100 695; x_wconf 89' lang='lat' dir='ltr'><strong>pro</strong></span> <span class='ocrx_word' id='word_1_4' title='bbox 1161 620 1488 676; x_wconf 92' lang='lat' dir='ltr'><strong>communi</strong></span> <span class='ocrx_word' id='word_1_5' title='bbox 1554 618 1819 678; x_wconf 88' lang='lat' dir='ltr'><strong>utilitate</strong></span> <span class='ocrx_word' id='word_1_6' title='bbox 1882 622 2172 678; x_wconf 89' lang='lat' dir='ltr'><strong>omnium</strong></span> <span class='ocrx_word' id='word_1_7' title='bbox 2237 618 2519 680; x_wconf 86' lang='lat' dir='ltr'><strong>fidelium</strong></span> <span class='ocrx_word' id='word_1_8' title='bbox 2581 621 3090 679; x_wconf 87' lang='lat' dir='ltr'><strong>commeancium</strong></span> <span class='ocrx_word' id='word_1_9' title='bbox 3139 628 3203 678; x_wconf 91' lang='lat' dir='ltr'><strong>et</strong></span> <span class='ocrx_word' id='word_1_10' title='bbox 3252 616 3434 679; x_wconf 89' lang='lat' dir='ltr'><strong>labo-</strong></span> 
     </span>
     <span class='ocr_line' id='line_1_3' title="bbox 719 730 3434 805; baseline 0.001 -16"><span class='ocrx_word' id='word_1_11' title='bbox 719 730 999 789; x_wconf 83' lang='lat' dir='ltr'><strong>rancium</strong></span> <span class='ocrx_word' id='word_1_12' title='bbox 1052 732 1242 789; x_wconf 85' lang='lat' dir='ltr'><strong>missa</strong></span> <span class='ocrx_word' id='word_1_13' title='bbox 1289 730 1721 791; x_wconf 82' lang='lat' dir='ltr'><strong>indesinenter</strong></span> <span class='ocrx_word' id='word_1_14' title='bbox 1766 731 2001 791; x_wconf 87' lang='lat' dir='ltr'><strong>debeat</strong></span> <span class='ocrx_word' id='word_1_15' title='bbox 2049 731 2394 805; x_wconf 87' lang='lat' dir='ltr'><strong>decantari,</strong></span> <span class='ocrx_word' id='word_1_16' title='bbox 2439 734 2602 791; x_wconf 88' lang='lat' dir='ltr'><strong>sieut</strong></span> <span class='ocrx_word' id='word_1_17' title='bbox 2650 733 2854 792; x_wconf 88' lang='lat' dir='ltr'><strong>eciam</strong></span> <span class='ocrx_word' id='word_1_18' title='bbox 2901 732 3186 792; x_wconf 83' lang='lat' dir='ltr'><strong>eiusdem</strong></span> <span class='ocrx_word' id='word_1_19' title='bbox 3236 734 3434 791; x_wconf 84' lang='lat' dir='ltr'><strong>misse</strong></span> 
     </span>
     <span class='ocr_line' id='line_1_4' title="bbox 716 843 3428 923; baseline 0.001 -20"><span class='ocrx_word' id='word_1_20' title='bbox 716 844 905 903; x_wconf 88' lang='lat' dir='ltr'><strong>beate</strong></span> <span class='ocrx_word' id='word_1_21' title='bbox 952 844 1205 923; x_wconf 84' lang='lat' dir='ltr'><strong>virginis</strong></span> <span class='ocrx_word' id='word_1_22' title='bbox 1250 845 1310 902; x_wconf 93' lang='lat' dir='ltr'><strong>in</strong></span> <span class='ocrx_word' id='word_1_23' title='bbox 1360 843 1587 903; x_wconf 89' lang='lat' dir='ltr'><strong>eadem</strong></span> <span class='ocrx_word' id='word_1_24' title='bbox 1652 844 1917 905; x_wconf 89' lang='lat' dir='ltr'><strong>ecclesia</strong></span> <span class='ocrx_word' id='word_1_25' title='bbox 1979 857 2128 905; x_wconf 88' lang='lat' dir='ltr'><strong>ante</strong></span> <span class='ocrx_word' id='word_1_26' title='bbox 2175 846 2441 905; x_wconf 84' lang='lat' dir='ltr'><strong>celebris</strong></span> <span class='ocrx_word' id='word_1_27' title='bbox 2490 845 2860 917; x_wconf 78' lang='lat' dir='ltr'><strong>habebatur,</strong></span> <span class='ocrx_word' id='word_1_28' title='bbox 2906 845 2987 905; x_wconf 91' lang='lat' dir='ltr'><strong>ad</strong></span> <span class='ocrx_word' id='word_1_29' title='bbox 3037 846 3160 905; x_wconf 90' lang='lat' dir='ltr'><strong>hoc</strong></span> <span class='ocrx_word' id='word_1_30' title='bbox 3205 848 3428 906; x_wconf 86' lang='lat' dir='ltr'><strong>minis-</strong></span> 
     </span>
     <span class='ocr_line' id='line_1_5' title="bbox 717 956 3428 1037; baseline 0.001 -22"><span class='ocrx_word' id='word_1_31' title='bbox 717 957 946 1015; x_wconf 84' lang='lat' dir='ltr'><strong>terium</strong></span> <span class='ocrx_word' id='word_1_32' title='bbox 994 956 1430 1016; x_wconf 80' lang='lat' dir='ltr'><strong>exercendum</strong></span> <span class='ocrx_word' id='word_1_33' title='bbox 1479 956 1732 1017; x_wconf 91' lang='lat' dir='ltr'><strong>duobus</strong></span> <span class='ocrx_word' id='word_1_34' title='bbox 1878 958 2231 1018; x_wconf 42' lang='lat' dir='ltr'><strong>“erdotibus</strong></span> <span class='ocrx_word' id='word_1_35' title='bbox 2278 959 2591 1019; x_wconf 75' lang='lat' dir='ltr'><strong>institutis</strong></span> <span class='ocrx_word' id='word_1_36' title='bbox 2641 958 2721 1019; x_wconf 87' lang='lat' dir='ltr'><strong>Et</strong></span> <span class='ocrx_word' id='word_1_37' title='bbox 2769 962 3070 1037; x_wconf 88' lang='lat' dir='ltr'><strong>quoniam</strong></span> <span class='ocrx_word' id='word_1_38' title='bbox 3109 959 3213 1037; x_wconf 91' lang='lat' dir='ltr'><strong>qui</strong></span> <span class='ocrx_word' id='word_1_39' title='bbox 3249 958 3428 1019; x_wconf 89' lang='lat' dir='ltr'><strong>altari</strong></span> 
     </span>
     <span class='ocr_line' id='line_1_6' title="bbox 719 1068 3430 1144; baseline 0 -15"><span class='ocrx_word' id='word_1_40' title='bbox 719 1070 905 1129; x_wconf 87' lang='lat' dir='ltr'><strong>servit</strong></span> <span class='ocrx_word' id='word_1_41' title='bbox 969 1069 1166 1130; x_wconf 91' lang='lat' dir='ltr'><strong>debet</strong></span> <span class='ocrx_word' id='word_1_42' title='bbox 1227 1072 1433 1129; x_wconf 84' lang='lat' dir='ltr'><strong>vivere</strong></span> <span class='ocrx_word' id='word_1_43' title='bbox 1480 1069 1563 1129; x_wconf 92' lang='lat' dir='ltr'><strong>de</strong></span> <span class='ocrx_word' id='word_1_44' title='bbox 1608 1068 1804 1144; x_wconf 87' lang='lat' dir='ltr'><strong>altari,</strong></span> <span class='ocrx_word' id='word_1_45' title='bbox 1849 1089 1914 1130; x_wconf 88' lang='lat' dir='ltr'><strong>m</strong></span> <span class='ocrx_word' id='word_1_46' title='bbox 1961 1073 2498 1131; x_wconf 88' lang='lat' dir='ltr'><strong>sustentacionem</strong></span> <span class='ocrx_word' id='word_1_47' title='bbox 2567 1072 2942 1132; x_wconf 89' lang='lat' dir='ltr'><strong>eorumdem</strong></span> <span class='ocrx_word' id='word_1_48' title='bbox 3018 1072 3430 1132; x_wconf 89' lang='lat' dir='ltr'><strong>sacerdotum</strong></span> 
     </span>
     <span class='ocr_line' id='line_1_7' title="bbox 720 1181 3430 1263; baseline 0.001 -22"><span class='ocrx_word' id='word_1_49' title='bbox 720 1181 889 1241; x_wconf 89' lang='lat' dir='ltr'><strong>idem</strong></span> <span class='ocrx_word' id='word_1_50' title='bbox 940 1184 1239 1262; x_wconf 84' lang='lat' dir='ltr'><strong>magister</strong></span> <span class='ocrx_word' id='word_1_51' title='bbox 1286 1181 1452 1242; x_wconf 90' lang='lat' dir='ltr'><strong>Buza</strong></span> <span class='ocrx_word' id='word_1_52' title='bbox 1500 1184 1661 1242; x_wconf 86' lang='lat' dir='ltr'><strong>inter</strong></span> <span class='ocrx_word' id='word_1_53' title='bbox 1706 1183 1883 1242; x_wconf 89' lang='lat' dir='ltr'><strong>vivos</strong></span> <span class='ocrx_word' id='word_1_54' title='bbox 1930 1181 2264 1257; x_wconf 89' lang='lat' dir='ltr'><strong>ordinavit,</strong></span> <span class='ocrx_word' id='word_1_55' title='bbox 2312 1184 2488 1244; x_wconf 87' lang='lat' dir='ltr'><strong>dedit</strong></span> <span class='ocrx_word' id='word_1_56' title='bbox 2521 1195 2583 1244; x_wconf 89' lang='lat' dir='ltr'><strong>et</strong></span> <span class='ocrx_word' id='word_1_57' title='bbox 2616 1185 2885 1245; x_wconf 91' lang='lat' dir='ltr'><strong>contulit</strong></span> <span class='ocrx_word' id='word_1_58' title='bbox 2929 1188 2993 1244; x_wconf 90' lang='lat' dir='ltr'><strong>in</strong></span> <span class='ocrx_word' id='word_1_59' title='bbox 3039 1194 3430 1263; x_wconf 89' lang='lat' dir='ltr'><strong>perpetuum</strong></span> 
     </span>
     <span class='ocr_line' id='line_1_8' title="bbox 720 1294 3432 1375; baseline 0.001 -22"><span class='ocrx_word' id='word_1_60' title='bbox 720 1294 1101 1354; x_wconf 87' lang='lat' dir='ltr'><strong>beneficium</strong></span> <span class='ocrx_word' id='word_1_61' title='bbox 1164 1294 1450 1355; x_wconf 88' lang='lat' dir='ltr'><strong>eiusdem</strong></span> <span class='ocrx_word' id='word_1_62' title='bbox 1516 1297 1703 1355; x_wconf 84' lang='lat' dir='ltr'><strong>misse</strong></span> <span class='ocrx_word' id='word_1_63' title='bbox 1765 1296 2096 1374; x_wconf 70' lang='lat' dir='ltr'><strong>quoddam</strong></span> <span class='ocrx_word' id='word_1_64' title='bbox 2163 1296 2454 1375; x_wconf 82' lang='lat' dir='ltr'><strong>predium</strong></span> <span class='ocrx_word' id='word_1_65' title='bbox 2520 1298 2600 1357; x_wconf 92' lang='lat' dir='ltr'><strong>ad</strong></span> <span class='ocrx_word' id='word_1_66' title='bbox 2649 1296 2875 1359; x_wconf 80' lang='lat' dir='ltr'><strong>Othok</strong></span> <span class='ocrx_word' id='word_1_67' title='bbox 2935 1300 3214 1359; x_wconf 90' lang='lat' dir='ltr'><strong>vicinum</strong></span> <span class='ocrx_word' id='word_1_68' title='bbox 3281 1316 3432 1357; x_wconf 87' lang='lat' dir='ltr'><strong>cum</strong></span> 
     </span>
     <span class='ocr_line' id='line_1_9' title="bbox 720 1407 3432 1489; baseline 0.002 -23"><span class='ocrx_word' id='word_1_69' title='bbox 720 1407 1021 1467; x_wconf 89' lang='lat' dir='ltr'><strong>omnibus</strong></span> <span class='ocrx_word' id='word_1_70' title='bbox 1066 1408 1470 1486; x_wconf 86' lang='lat' dir='ltr'><strong>pertinenciis</strong></span> <span class='ocrx_word' id='word_1_71' title='bbox 1502 1419 1563 1467; x_wconf 90' lang='lat' dir='ltr'><strong>et</strong></span> <span class='ocrx_word' id='word_1_72' title='bbox 1597 1408 1969 1469; x_wconf 86' lang='lat' dir='ltr'><strong>utilitatibus</strong></span> <span class='ocrx_word' id='word_1_73' title='bbox 2000 1410 2286 1470; x_wconf 83' lang='lat' dir='ltr'><strong>eiusdem</strong></span> <span class='ocrx_word' id='word_1_74' title='bbox 2337 1429 2537 1489; x_wconf 87' lang='lat' dir='ltr'><strong>prope</strong></span> <span class='ocrx_word' id='word_1_75' title='bbox 2583 1410 2844 1471; x_wconf 89' lang='lat' dir='ltr'><strong>fluvium</strong></span> <span class='ocrx_word' id='word_1_76' title='bbox 2892 1412 3093 1473; x_wconf 78' lang='lat' dir='ltr'><strong>Sawa.</strong></span> <span class='ocrx_word' id='word_1_77' title='bbox 3143 1408 3432 1473; x_wconf 88' lang='lat' dir='ltr'><strong>Contulit</strong></span> 
     </span>
     <span class='ocr_line' id='line_1_10' title="bbox 719 1520 3425 1585; baseline 0.001 -5"><span class='ocrx_word' id='word_1_78' title='bbox 719 1522 923 1580; x_wconf 90' lang='lat' dir='ltr'><strong>eciam</strong></span> <span class='ocrx_word' id='word_1_79' title='bbox 971 1520 1134 1581; x_wconf 87' lang='lat' dir='ltr'><strong>duos</strong></span> <span class='ocrx_word' id='word_1_80' title='bbox 1177 1540 1394 1580; x_wconf 85' lang='lat' dir='ltr'><strong>servos</strong></span> <span class='ocrx_word' id='word_1_81' title='bbox 1442 1520 1689 1581; x_wconf 88' lang='lat' dir='ltr'><strong>Budulo</strong></span> <span class='ocrx_word' id='word_1_82' title='bbox 1735 1522 1972 1582; x_wconf 90' lang='lat' dir='ltr'><strong>scilicet</strong></span> <span class='ocrx_word' id='word_1_83' title='bbox 2005 1534 2067 1583; x_wconf 88' lang='lat' dir='ltr'><strong>et</strong></span> <span class='ocrx_word' id='word_1_84' title='bbox 2100 1521 2322 1584; x_wconf 89' lang='lat' dir='ltr'><strong>Ochuz</strong></span> <span class='ocrx_word' id='word_1_85' title='bbox 2369 1542 2518 1583; x_wconf 90' lang='lat' dir='ltr'><strong>cum</strong></span> <span class='ocrx_word' id='word_1_86' title='bbox 2568 1534 2771 1584; x_wconf 88' lang='lat' dir='ltr'><strong>matre</strong></span> <span class='ocrx_word' id='word_1_87' title='bbox 2817 1525 3213 1585; x_wconf 84' lang='lat' dir='ltr'><strong>eorumdem.</strong></span> <span class='ocrx_word' id='word_1_88' title='bbox 3265 1524 3425 1584; x_wconf 90' lang='lat' dir='ltr'><strong>Item</strong></span> 
     </span>
     <span class='ocr_line' id='line_1_11' title="bbox 720 1634 3428 1719; baseline 0.001 -26"><span class='ocrx_word' id='word_1_89' title='bbox 720 1652 914 1693; x_wconf 88' lang='lat' dir='ltr'><strong>unam</strong></span> <span class='ocrx_word' id='word_1_90' title='bbox 975 1636 1225 1694; x_wconf 91' lang='lat' dir='ltr'><strong>vineam</strong></span> <span class='ocrx_word' id='word_1_91' title='bbox 1290 1636 1475 1693; x_wconf 89' lang='lat' dir='ltr'><strong>sitam</strong></span> <span class='ocrx_word' id='word_1_92' title='bbox 1524 1636 1587 1693; x_wconf 91' lang='lat' dir='ltr'><strong>in</strong></span> <span class='ocrx_word' id='word_1_93' title='bbox 1627 1634 1918 1713; x_wconf 90' lang='lat' dir='ltr'><strong>Jelseueh</strong></span> <span class='ocrx_word' id='word_1_94' title='bbox 1981 1638 2143 1696; x_wconf 90' lang='lat' dir='ltr'><strong>inter</strong></span> <span class='ocrx_word' id='word_1_95' title='bbox 2204 1637 2582 1712; x_wconf 81' lang='lat' dir='ltr'><strong>territorium</strong></span> <span class='ocrx_word' id='word_1_96' title='bbox 2649 1637 2904 1716; x_wconf 89' lang='lat' dir='ltr'><strong>capituli</strong></span> <span class='ocrx_word' id='word_1_97' title='bbox 2967 1637 3428 1719; x_wconf 80' lang='lat' dir='ltr'><strong>ZagrabiensiS.</strong></span> 
     </span>
     <span class='ocr_line' id='line_1_12' title="bbox 720 1746 3430 1830; baseline 0.002 -25"><span class='ocrx_word' id='word_1_98' title='bbox 720 1746 817 1805; x_wconf 83' lang='lat' dir='ltr'><strong>Ne</strong></span> <span class='ocrx_word' id='word_1_99' title='bbox 878 1766 1029 1805; x_wconf 84' lang='lat' dir='ltr'><strong>vero</strong></span> <span class='ocrx_word' id='word_1_100' title='bbox 1093 1746 1485 1825; x_wconf 84' lang='lat' dir='ltr'><strong>procedente</strong></span> <span class='ocrx_word' id='word_1_101' title='bbox 1548 1760 1838 1825; x_wconf 88' lang='lat' dir='ltr'><strong>tempore</strong></span> <span class='ocrx_word' id='word_1_102' title='bbox 1882 1766 1922 1807; x_wconf 88' lang='lat' dir='ltr'><strong>a</strong></span> <span class='ocrx_word' id='word_1_103' title='bbox 1969 1752 2280 1809; x_wconf 87' lang='lat' dir='ltr'><strong>memoria</strong></span> <span class='ocrx_word' id='word_1_104' title='bbox 2343 1750 2598 1810; x_wconf 88' lang='lat' dir='ltr'><strong>decidat</strong></span> <span class='ocrx_word' id='word_1_105' title='bbox 2661 1762 2726 1811; x_wconf 87' lang='lat' dir='ltr'><strong>et</strong></span> <span class='ocrx_word' id='word_1_106' title='bbox 2789 1750 3049 1825; x_wconf 88' lang='lat' dir='ltr'><strong>labatur,</strong></span> <span class='ocrx_word' id='word_1_107' title='bbox 3099 1750 3279 1829; x_wconf 91' lang='lat' dir='ltr'><strong>quod</strong></span> <span class='ocrx_word' id='word_1_108' title='bbox 3324 1753 3430 1830; x_wconf 88' lang='lat' dir='ltr'><strong>pia</strong></span> 
     </span>
     <span class='ocr_line' id='line_1_13' title="bbox 718 1858 3428 1943; baseline 0.002 -26"><span class='ocrx_word' id='word_1_109' title='bbox 718 1859 1131 1919; x_wconf 89' lang='lat' dir='ltr'><strong>ordinacione</strong></span> <span class='ocrx_word' id='word_1_110' title='bbox 1193 1860 1480 1919; x_wconf 87' lang='lat' dir='ltr'><strong>eiusdem</strong></span> <span class='ocrx_word' id='word_1_111' title='bbox 1528 1858 2142 1943; x_wconf 77' lang='lat' dir='ltr'><strong>magistri&#39;Busan(!)</strong></span> <span class='ocrx_word' id='word_1_112' title='bbox 2193 1864 2474 1923; x_wconf 89' lang='lat' dir='ltr'><strong>cantoris</strong></span> <span class='ocrx_word' id='word_1_113' title='bbox 2520 1863 2721 1924; x_wconf 72' lang='lat' dir='ltr'><strong>fuerat</strong></span> <span class='ocrx_word' id='word_1_114' title='bbox 2771 1865 3145 1936; x_wconf 87' lang='lat' dir='ltr'><strong>institutum,</strong></span> <span class='ocrx_word' id='word_1_115' title='bbox 3192 1863 3276 1923; x_wconf 90' lang='lat' dir='ltr'><strong>ad</strong></span> <span class='ocrx_word' id='word_1_116' title='bbox 3320 1882 3428 1942; x_wconf 92' lang='lat' dir='ltr'><strong>pe-</strong></span> 
     </span>
     <span class='ocr_line' id='line_1_14' title="bbox 717 1972 3428 2056; baseline 0.002 -25"><span class='ocrx_word' id='word_1_117' title='bbox 717 1974 1019 2031; x_wconf 88' lang='lat' dir='ltr'><strong>ticionem</strong></span> <span class='ocrx_word' id='word_1_118' title='bbox 1054 1972 1335 2032; x_wconf 87' lang='lat' dir='ltr'><strong>fidelium</strong></span> <span class='ocrx_word' id='word_1_119' title='bbox 1372 1984 1734 2034; x_wconf 88' lang='lat' dir='ltr'><strong>nostrorum</strong></span> <span class='ocrx_word' id='word_1_120' title='bbox 1778 1974 2036 2053; x_wconf 89' lang='lat' dir='ltr'><strong>capituli</strong></span> <span class='ocrx_word' id='word_1_121' title='bbox 2061 1975 2498 2056; x_wconf 86' lang='lat' dir='ltr'><strong>Zagrabiensis</strong></span> <span class='ocrx_word' id='word_1_122' title='bbox 2531 1977 2967 2051; x_wconf 89' lang='lat' dir='ltr'><strong>collacionem‚</strong></span> <span class='ocrx_word' id='word_1_123' title='bbox 2991 1977 3428 2037; x_wconf 90' lang='lat' dir='ltr'><strong>donacionem</strong></span> 
     </span>
     <span class='ocr_line' id='line_1_15' title="bbox 719 2085 3429 2171; baseline 0.003 -27"><span class='ocrx_word' id='word_1_124' title='bbox 719 2094 783 2144; x_wconf 89' lang='lat' dir='ltr'><strong>et</strong></span> <span class='ocrx_word' id='word_1_125' title='bbox 829 2085 1306 2146; x_wconf 86' lang='lat' dir='ltr'><strong>ordinacionem</strong></span> <span class='ocrx_word' id='word_1_126' title='bbox 1372 2085 1733 2146; x_wconf 89' lang='lat' dir='ltr'><strong>huiusmodi</strong></span> <span class='ocrx_word' id='word_1_127' title='bbox 1780 2106 1865 2147; x_wconf 85' lang='lat' dir='ltr'><strong>ex</strong></span> <span class='ocrx_word' id='word_1_128' title='bbox 1913 2097 2084 2148; x_wconf 89' lang='lat' dir='ltr'><strong>certa</strong></span> <span class='ocrx_word' id='word_1_129' title='bbox 2129 2091 2399 2149; x_wconf 86' lang='lat' dir='ltr'><strong>sciencia</strong></span> <span class='ocrx_word' id='word_1_130' title='bbox 2464 2090 2848 2151; x_wconf 84' lang='lat' dir='ltr'><strong>authoritate</strong></span> <span class='ocrx_word' id='word_1_131' title='bbox 2909 2091 3215 2151; x_wconf 85' lang='lat' dir='ltr'><strong>duximus</strong></span> <span class='ocrx_word' id='word_1_132' title='bbox 3261 2092 3429 2171; x_wconf 88' lang='lat' dir='ltr'><strong>regia</strong></span> 
     </span>
     <span class='ocr_line' id='line_1_16' title="bbox 719 2196 3431 2281; baseline 0.003 -25"><span class='ocrx_word' id='word_1_133' title='bbox 719 2196 1252 2258; x_wconf 86' lang='lat' dir='ltr'><strong>confirmandum.</strong></span> <span class='ocrx_word' id='word_1_134' title='bbox 1324 2198 1395 2258; x_wconf 92' lang='lat' dir='ltr'><strong>In</strong></span> <span class='ocrx_word' id='word_1_135' title='bbox 1458 2202 1636 2259; x_wconf 90' lang='lat' dir='ltr'><strong>cuius</strong></span> <span class='ocrx_word' id='word_1_136' title='bbox 1705 2201 1792 2259; x_wconf 92' lang='lat' dir='ltr'><strong>rei</strong></span> <span class='ocrx_word' id='word_1_137' title='bbox 1863 2204 2242 2261; x_wconf 88' lang='lat' dir='ltr'><strong>memoriam</strong></span> <span class='ocrx_word' id='word_1_138' title='bbox 2309 2214 2636 2281; x_wconf 88' lang='lat' dir='ltr'><strong>presentes</strong></span> <span class='ocrx_word' id='word_1_139' title='bbox 2697 2206 3132 2265; x_wconf 84' lang='lat' dir='ltr'><strong>concessimus</strong></span> <span class='ocrx_word' id='word_1_140' title='bbox 3194 2201 3431 2264; x_wconf 88' lang='lat' dir='ltr'><strong>litteras</strong></span> 
     </span>
     <span class='ocr_line' id='line_1_17' title="bbox 724 2309 3428 2397; baseline 0.003 -28"><span class='ocrx_word' id='word_1_141' title='bbox 724 2309 993 2388; x_wconf 89' lang='lat' dir='ltr'><strong>duplicis</strong></span> <span class='ocrx_word' id='word_1_142' title='bbox 1061 2310 1241 2392; x_wconf 80' lang='lat' dir='ltr'><strong>sigilli</strong></span> <span class='ocrx_word' id='word_1_143' title='bbox 1312 2314 1507 2371; x_wconf 83' lang='lat' dir='ltr'><strong>nostri</strong></span> <span class='ocrx_word' id='word_1_144' title='bbox 1578 2313 1932 2373; x_wconf 82' lang='lat' dir='ltr'><strong>munimine</strong></span> <span class='ocrx_word' id='word_1_145' title='bbox 2001 2315 2346 2374; x_wconf 73' lang='lat' dir='ltr'><strong>roboratas</strong></span> <span class='ocrx_word' id='word_1_146' title='bbox 2409 2313 2650 2376; x_wconf 88' lang='lat' dir='ltr'><strong>Datum</strong></span> <span class='ocrx_word' id='word_1_147' title='bbox 2697 2335 2813 2395; x_wconf 89' lang='lat' dir='ltr'><strong>per</strong></span> <span class='ocrx_word' id='word_1_148' title='bbox 2859 2335 3086 2377; x_wconf 91' lang='lat' dir='ltr'><strong>manus</strong></span> <span class='ocrx_word' id='word_1_149' title='bbox 3149 2318 3428 2397; x_wconf 88' lang='lat' dir='ltr'><strong>magistri</strong></span> 
     </span>
     <span class='ocr_line' id='line_1_18' title="bbox 723 2421 3434 2502; baseline 0.003 -21"><span class='ocrx_word' id='word_1_150' title='bbox 723 2421 1048 2483; x_wconf 88' lang='lat' dir='ltr'><strong>Benedicti</strong></span> <span class='ocrx_word' id='word_1_151' title='bbox 1096 2426 1398 2502; x_wconf 89' lang='lat' dir='ltr'><strong>prepositi</strong></span> <span class='ocrx_word' id='word_1_152' title='bbox 1446 2423 1821 2486; x_wconf 87' lang='lat' dir='ltr'><strong>Orodiensis</strong></span> <span class='ocrx_word' id='word_1_153' title='bbox 1865 2426 2010 2486; x_wconf 88' lang='lat' dir='ltr'><strong>aule</strong></span> <span class='ocrx_word' id='word_1_154' title='bbox 2055 2436 2271 2487; x_wconf 89' lang='lat' dir='ltr'><strong>nostre</strong></span> <span class='ocrx_word' id='word_1_155' title='bbox 2316 2428 2809 2489; x_wconf 91' lang='lat' dir='ltr'><strong>vicecancellarii</strong></span> <span class='ocrx_word' id='word_1_156' title='bbox 2855 2430 3064 2490; x_wconf 92' lang='lat' dir='ltr'><strong>dilecti</strong></span> <span class='ocrx_word' id='word_1_157' title='bbox 3115 2439 3179 2490; x_wconf 91' lang='lat' dir='ltr'><strong>et</strong></span> <span class='ocrx_word' id='word_1_158' title='bbox 3227 2428 3434 2490; x_wconf 87' lang='lat' dir='ltr'><strong>fidelis</strong></span> 
     </span>
     <span class='ocr_line' id='line_1_19' title="bbox 725 2533 3430 2621; baseline 0.003 -27"><span class='ocrx_word' id='word_1_159' title='bbox 725 2538 938 2595; x_wconf 83' lang='lat' dir='ltr'><strong>nostri.</strong></span> <span class='ocrx_word' id='word_1_160' title='bbox 985 2533 1184 2595; x_wconf 86' lang='lat' dir='ltr'><strong>Anno</strong></span> <span class='ocrx_word' id='word_1_161' title='bbox 1233 2537 1473 2596; x_wconf 91' lang='lat' dir='ltr'><strong>domini</strong></span> <span class='ocrx_word' id='word_1_162' title='bbox 1523 2534 1891 2600; x_wconf 90' lang='lat' dir='ltr'>MCCLXX</span> <span class='ocrx_word' id='word_1_163' title='bbox 1940 2540 2240 2599; x_wconf 74' lang='lat' dir='ltr'><strong>secundo</strong></span> <span class='ocrx_word' id='word_1_164' title='bbox 2271 2540 2760 2602; x_wconf 86' lang='lat' dir='ltr'><strong>Venerabilibus</strong></span> <span class='ocrx_word' id='word_1_165' title='bbox 2804 2543 3090 2621; x_wconf 89' lang='lat' dir='ltr'><strong>patribus</strong></span> <span class='ocrx_word' id='word_1_166' title='bbox 3138 2542 3430 2621; x_wconf 91' lang='lat' dir='ltr'><strong>Philippo</strong></span> 
     </span>
     <span class='ocr_line' id='line_1_20' title="bbox 725 2644 3430 2735; baseline 0.003 -26"><span class='ocrx_word' id='word_1_167' title='bbox 725 2644 1160 2728; x_wconf 88' lang='lat' dir='ltr'><strong>Strigoniensi,</strong></span> <span class='ocrx_word' id='word_1_168' title='bbox 1205 2647 1533 2728; x_wconf 85' lang='lat' dir='ltr'><strong>Stephano</strong></span> <span class='ocrx_word' id='word_1_169' title='bbox 1582 2648 1917 2712; x_wconf 88' lang='lat' dir='ltr'><strong>Colocensi</strong></span> <span class='ocrx_word' id='word_1_170' title='bbox 1965 2652 2108 2711; x_wconf 85' lang='lat' dir='ltr'><strong>aule</strong></span> <span class='ocrx_word' id='word_1_171' title='bbox 2173 2663 2386 2712; x_wconf 86' lang='lat' dir='ltr'><strong>nostre</strong></span> <span class='ocrx_word' id='word_1_172' title='bbox 2447 2654 2825 2714; x_wconf 89' lang='lat' dir='ltr'><strong>cancellario</strong></span> <span class='ocrx_word' id='word_1_173' title='bbox 2871 2663 2933 2715; x_wconf 90' lang='lat' dir='ltr'><strong>et</strong></span> <span class='ocrx_word' id='word_1_174' title='bbox 2971 2654 3222 2733; x_wconf 90' lang='lat' dir='ltr'><strong>Joanne</strong></span> <span class='ocrx_word' id='word_1_175' title='bbox 3270 2654 3430 2735; x_wconf 87' lang='lat' dir='ltr'><strong>Spa-</strong></span> 
     </span>
     <span class='ocr_line' id='line_1_21' title="bbox 726 2760 3432 2845; baseline 0.004 -26"><span class='ocrx_word' id='word_1_176' title='bbox 726 2760 948 2820; x_wconf 88' lang='lat' dir='ltr'><strong>latensi</strong></span> <span class='ocrx_word' id='word_1_177' title='bbox 996 2760 1521 2841; x_wconf 89' lang='lat' dir='ltr'><strong>archiepiscopis;</strong></span> <span class='ocrx_word' id='word_1_178' title='bbox 1568 2762 1920 2843; x_wconf 88' lang='lat' dir='ltr'><strong>Lamperto</strong></span> <span class='ocrx_word' id='word_1_179' title='bbox 1966 2763 2430 2845; x_wconf 88' lang='lat' dir='ltr'><strong>Agriensi,Job</strong></span> <span class='ocrx_word' id='word_1_180' title='bbox 2464 2766 3147 2845; x_wconf 81' lang='lat' dir='ltr'><strong>Quinqueecclesiensi,</strong></span> <span class='ocrx_word' id='word_1_181' title='bbox 3188 2767 3432 2829; x_wconf 88' lang='lat' dir='ltr'><strong>Briccio</strong></span> 
     </span>
     <span class='ocr_line' id='line_1_22' title="bbox 728 2871 3430 2962; baseline 0.002 -26"><span class='ocrx_word' id='word_1_182' title='bbox 728 2871 1170 2949; x_wconf 87' lang='lat' dir='ltr'><strong>Chenadiensi,</strong></span> <span class='ocrx_word' id='word_1_183' title='bbox 1232 2874 1525 2955; x_wconf 90' lang='lat' dir='ltr'><strong>Philippo</strong></span> <span class='ocrx_word' id='word_1_184' title='bbox 1589 2876 1909 2938; x_wconf 87' lang='lat' dir='ltr'><strong>Waciensi</strong></span> <span class='ocrx_word' id='word_1_185' title='bbox 1979 2876 2120 2938; x_wconf 90' lang='lat' dir='ltr'><strong>aule</strong></span> <span class='ocrx_word' id='word_1_186' title='bbox 2181 2878 2444 2940; x_wconf 88' lang='lat' dir='ltr'><strong>domine</strong></span> <span class='ocrx_word' id='word_1_187' title='bbox 2505 2882 2722 2962; x_wconf 85' lang='lat' dir='ltr'><strong>regine</strong></span> <span class='ocrx_word' id='word_1_188' title='bbox 2783 2880 3178 2956; x_wconf 83' lang='lat' dir='ltr'><strong>cancellariO,</strong></span> <span class='ocrx_word' id='word_1_189' title='bbox 3241 2882 3430 2943; x_wconf 84' lang='lat' dir='ltr'><strong>Petro</strong></span> 
     </span>
     <span class='ocr_line' id='line_1_23' title="bbox 727 2989 3432 3072; baseline 0.001 -22"><span class='ocrx_word' id='word_1_190' title='bbox 727 2989 1205 3068; x_wconf 88' lang='lat' dir='ltr'><strong>Vesprimiensi,</strong></span> <span class='ocrx_word' id='word_1_191' title='bbox 1262 2989 1677 3067; x_wconf 90' lang='lat' dir='ltr'><strong>Thymotheo</strong></span> <span class='ocrx_word' id='word_1_192' title='bbox 1740 2989 2161 3072; x_wconf 87' lang='lat' dir='ltr'><strong>Zagrabiensi,</strong></span> <span class='ocrx_word' id='word_1_193' title='bbox 2224 2991 2618 3053; x_wconf 91' lang='lat' dir='ltr'><strong>Lodomerio</strong></span> <span class='ocrx_word' id='word_1_194' title='bbox 2683 2994 3078 3069; x_wconf 91' lang='lat' dir='ltr'><strong>Varadiensi,</strong></span> <span class='ocrx_word' id='word_1_195' title='bbox 3137 2995 3432 3056; x_wconf 90' lang='lat' dir='ltr'><strong>Dionisio</strong></span> 
     </span>
     <span class='ocr_line' id='line_1_24' title="bbox 722 3101 3428 3189; baseline 0.002 -28"><span class='ocrx_word' id='word_1_196' title='bbox 722 3101 1025 3180; x_wconf 90' lang='lat' dir='ltr'><strong>Jauriensi</strong></span> <span class='ocrx_word' id='word_1_197' title='bbox 1073 3111 1137 3162; x_wconf 84' lang='lat' dir='ltr'><strong>et</strong></span> <span class='ocrx_word' id='word_1_198' title='bbox 1183 3102 1372 3162; x_wconf 86' lang='lat' dir='ltr'><strong>Petro</strong></span> <span class='ocrx_word' id='word_1_199' title='bbox 1418 3102 1837 3164; x_wconf 89' lang='lat' dir='ltr'><strong>Transilvano</strong></span> <span class='ocrx_word' id='word_1_200' title='bbox 1885 3105 2201 3183; x_wconf 88' lang='lat' dir='ltr'><strong>episcopis</strong></span> <span class='ocrx_word' id='word_1_201' title='bbox 2261 3105 2558 3166; x_wconf 90' lang='lat' dir='ltr'><strong>ecclesias</strong></span> <span class='ocrx_word' id='word_1_202' title='bbox 2619 3107 2721 3167; x_wconf 88' lang='lat' dir='ltr'><strong>dei</strong></span> <span class='ocrx_word' id='word_1_203' title='bbox 2766 3107 3028 3168; x_wconf 87' lang='lat' dir='ltr'><strong>feliciter</strong></span> <span class='ocrx_word' id='word_1_204' title='bbox 3072 3108 3428 3189; x_wconf 89' lang='lat' dir='ltr'><strong>gubernan-</strong></span> 
     </span>
     <span class='ocr_line' id='line_1_25' title="bbox 726 3214 3431 3296; baseline 0.003 -23"><span class='ocrx_word' id='word_1_205' title='bbox 726 3215 913 3282; x_wconf 81' lang='lat' dir='ltr'><strong>tibus,</strong></span> <span class='ocrx_word' id='word_1_206' title='bbox 976 3214 1167 3293; x_wconf 84' lang='lat' dir='ltr'><strong>Moys</strong></span> <span class='ocrx_word' id='word_1_207' title='bbox 1227 3215 1513 3294; x_wconf 89' lang='lat' dir='ltr'><strong>palatino</strong></span> <span class='ocrx_word' id='word_1_208' title='bbox 1574 3218 1811 3276; x_wconf 89' lang='lat' dir='ltr'><strong>comite</strong></span> <span class='ocrx_word' id='word_1_209' title='bbox 1877 3215 2292 3296; x_wconf 87' lang='lat' dir='ltr'><strong>Supruniensi</strong></span> <span class='ocrx_word' id='word_1_210' title='bbox 2369 3219 2576 3279; x_wconf 89' lang='lat' dir='ltr'><strong>iudice</strong></span> <span class='ocrx_word' id='word_1_211' title='bbox 2638 3217 3093 3293; x_wconf 88' lang='lat' dir='ltr'><strong>Cumanorum,</strong></span> <span class='ocrx_word' id='word_1_212' title='bbox 3161 3220 3431 3282; x_wconf 90' lang='lat' dir='ltr'><strong>Nicolao</strong></span> 
     </span>
     <span class='ocr_line' id='line_1_26' title="bbox 729 3327 3432 3413; baseline 0.003 -27"><span class='ocrx_word' id='word_1_213' title='bbox 729 3327 934 3387; x_wconf 85' lang='lat' dir='ltr'><strong>iudice</strong></span> <span class='ocrx_word' id='word_1_214' title='bbox 996 3330 1166 3388; x_wconf 90' lang='lat' dir='ltr'><strong>curie</strong></span> <span class='ocrx_word' id='word_1_215' title='bbox 1227 3331 1463 3390; x_wconf 90' lang='lat' dir='ltr'><strong>comite</strong></span> <span class='ocrx_word' id='word_1_216' title='bbox 1526 3327 1947 3410; x_wconf 88' lang='lat' dir='ltr'><strong>Symegiensi,</strong></span> <span class='ocrx_word' id='word_1_217' title='bbox 2007 3329 2238 3412; x_wconf 88' lang='lat' dir='ltr'><strong>Egidio</strong></span> <span class='ocrx_word' id='word_1_218' title='bbox 2302 3334 2606 3413; x_wconf 90' lang='lat' dir='ltr'><strong>magistro</strong></span> <span class='ocrx_word' id='word_1_219' title='bbox 2668 3334 3134 3394; x_wconf 88' lang='lat' dir='ltr'><strong>tavarnicorum</strong></span> <span class='ocrx_word' id='word_1_220' title='bbox 3195 3337 3432 3396; x_wconf 88' lang='lat' dir='ltr'><strong>comite</strong></span> 
     </span>
     <span class='ocr_line' id='line_1_27' title="bbox 731 3438 3432 3524; baseline 0.003 -25"><span class='ocrx_word' id='word_1_221' title='bbox 731 3438 1120 3514; x_wconf 87' lang='lat' dir='ltr'><strong>Posoniensi,</strong></span> <span class='ocrx_word' id='word_1_222' title='bbox 1143 3439 1479 3520; x_wconf 89' lang='lat' dir='ltr'><strong>Joachimo</strong></span> <span class='ocrx_word' id='word_1_223' title='bbox 1528 3442 1699 3502; x_wconf 90' lang='lat' dir='ltr'><strong>bano</strong></span> <span class='ocrx_word' id='word_1_224' title='bbox 1733 3446 1939 3504; x_wconf 91' lang='lat' dir='ltr'><strong>tocius</strong></span> <span class='ocrx_word' id='word_1_225' title='bbox 1970 3442 2328 3518; x_wconf 89' lang='lat' dir='ltr'><strong>Sclauonie,</strong></span> <span class='ocrx_word' id='word_1_226' title='bbox 2361 3444 2625 3506; x_wconf 88' lang='lat' dir='ltr'><strong>Matheo</strong></span> <span class='ocrx_word' id='word_1_227' title='bbox 2665 3446 2965 3524; x_wconf 90' lang='lat' dir='ltr'><strong>voyvoda</strong></span> <span class='ocrx_word' id='word_1_228' title='bbox 3009 3445 3432 3507; x_wconf 83' lang='lat' dir='ltr'><strong>Transilvano</strong></span> 
     </span>
     <span class='ocr_line' id='line_1_28' title="bbox 729 3552 3430 3632; baseline 0.003 -21"><span class='ocrx_word' id='word_1_229' title='bbox 729 3555 963 3612; x_wconf 85' lang='lat' dir='ltr'><strong>comite</strong></span> <span class='ocrx_word' id='word_1_230' title='bbox 1010 3553 1093 3613; x_wconf 88' lang='lat' dir='ltr'><strong>de</strong></span> <span class='ocrx_word' id='word_1_231' title='bbox 1140 3552 1383 3627; x_wconf 86' lang='lat' dir='ltr'><strong>Zonuk,</strong></span> <span class='ocrx_word' id='word_1_232' title='bbox 1431 3554 1788 3616; x_wconf 89' lang='lat' dir='ltr'><strong>Laurencio</strong></span> <span class='ocrx_word' id='word_1_233' title='bbox 1836 3556 2010 3616; x_wconf 89' lang='lat' dir='ltr'><strong>bano</strong></span> <span class='ocrx_word' id='word_1_234' title='bbox 2057 3556 2140 3616; x_wconf 91' lang='lat' dir='ltr'><strong>de</strong></span> <span class='ocrx_word' id='word_1_235' title='bbox 2171 3557 2457 3618; x_wconf 89' lang='lat' dir='ltr'><strong>Zewrino</strong></span> <span class='ocrx_word' id='word_1_236' title='bbox 2504 3562 2740 3620; x_wconf 89' lang='lat' dir='ltr'><strong>comite</strong></span> <span class='ocrx_word' id='word_1_237' title='bbox 2786 3559 2870 3621; x_wconf 91' lang='lat' dir='ltr'><strong>de</strong></span> <span class='ocrx_word' id='word_1_238' title='bbox 2915 3558 3208 3632; x_wconf 89' lang='lat' dir='ltr'><strong>Doboca,</strong></span> <span class='ocrx_word' id='word_1_239' title='bbox 3241 3560 3430 3620; x_wconf 89' lang='lat' dir='ltr'><strong>Petro</strong></span> 
     </span>
     <span class='ocr_line' id='line_1_29' title="bbox 732 3666 3428 3756; baseline 0.004 -33"><span class='ocrx_word' id='word_1_240' title='bbox 732 3667 1034 3745; x_wconf 89' lang='lat' dir='ltr'><strong>magistro</strong></span> <span class='ocrx_word' id='word_1_241' title='bbox 1096 3666 1527 3745; x_wconf 87' lang='lat' dir='ltr'><strong>dapiferorum</strong></span> <span class='ocrx_word' id='word_1_242' title='bbox 1589 3671 1825 3729; x_wconf 91' lang='lat' dir='ltr'><strong>comite</strong></span> <span class='ocrx_word' id='word_1_243' title='bbox 1873 3670 1955 3729; x_wconf 92' lang='lat' dir='ltr'><strong>de</strong></span> <span class='ocrx_word' id='word_1_244' title='bbox 2002 3667 2314 3744; x_wconf 89' lang='lat' dir='ltr'><strong>Guesehe‚</strong></span> <span class='ocrx_word' id='word_1_245' title='bbox 2375 3670 2646 3733; x_wconf 81' lang='lat' dir='ltr'><strong>Alberto</strong></span> <span class='ocrx_word' id='word_1_246' title='bbox 2707 3676 3012 3754; x_wconf 88' lang='lat' dir='ltr'><strong>magistro</strong></span> <span class='ocrx_word' id='word_1_247' title='bbox 3075 3691 3428 3756; x_wconf 86' lang='lat' dir='ltr'><strong>agazonum</strong></span> 
     </span>
     <span class='ocr_line' id='line_1_30' title="bbox 729 3778 3438 3864; baseline 0.004 -29"><span class='ocrx_word' id='word_1_248' title='bbox 729 3779 965 3837; x_wconf 92' lang='lat' dir='ltr'><strong>comite</strong></span> <span class='ocrx_word' id='word_1_249' title='bbox 1012 3778 1094 3838; x_wconf 90' lang='lat' dir='ltr'><strong>de</strong></span> <span class='ocrx_word' id='word_1_250' title='bbox 1141 3779 1406 3856; x_wconf 82' lang='lat' dir='ltr'><strong>Sybin0‚</strong></span> <span class='ocrx_word' id='word_1_251' title='bbox 1468 3779 1761 3859; x_wconf 89' lang='lat' dir='ltr'><strong>Philippo</strong></span> <span class='ocrx_word' id='word_1_252' title='bbox 1824 3784 2130 3864; x_wconf 87' lang='lat' dir='ltr'><strong>magistro</strong></span> <span class='ocrx_word' id='word_1_253' title='bbox 2191 3785 2658 3862; x_wconf 84' lang='lat' dir='ltr'><strong>pincernarum,</strong></span> <span class='ocrx_word' id='word_1_254' title='bbox 2713 3786 2914 3847; x_wconf 86' lang='lat' dir='ltr'><strong>Paulo</strong></span> <span class='ocrx_word' id='word_1_255' title='bbox 2974 3787 3147 3848; x_wconf 90' lang='lat' dir='ltr'><strong>bano</strong></span> <span class='ocrx_word' id='word_1_256' title='bbox 3199 3789 3438 3848; x_wconf 88' lang='lat' dir='ltr'><strong>comite</strong></span> 
     </span>
     <span class='ocr_line' id='line_1_31' title="bbox 731 3887 3438 3980; baseline 0.004 -33"><span class='ocrx_word' id='word_1_257' title='bbox 731 3887 1144 3968; x_wconf 89' lang='lat' dir='ltr'><strong>Baachyensi,</strong></span> <span class='ocrx_word' id='word_1_258' title='bbox 1178 3889 1491 3972; x_wconf 87' lang='lat' dir='ltr'><strong>Gregorio</strong></span> <span class='ocrx_word' id='word_1_259' title='bbox 1536 3894 1844 3974; x_wconf 90' lang='lat' dir='ltr'><strong>magistro</strong></span> <span class='ocrx_word' id='word_1_260' title='bbox 1878 3897 2354 3957; x_wconf 87' lang='lat' dir='ltr'><strong>tavarnicorum</strong></span> <span class='ocrx_word' id='word_1_261' title='bbox 2403 3897 2666 3958; x_wconf 86' lang='lat' dir='ltr'><strong>domine</strong></span> <span class='ocrx_word' id='word_1_262' title='bbox 2711 3901 2928 3980; x_wconf 87' lang='lat' dir='ltr'><strong>regine</strong></span> <span class='ocrx_word' id='word_1_263' title='bbox 2959 3902 3199 3960; x_wconf 87' lang='lat' dir='ltr'><strong>comite</strong></span> <span class='ocrx_word' id='word_1_264' title='bbox 3239 3898 3438 3962; x_wconf 89' lang='lat' dir='ltr'><strong>Castri</strong></span> 
     </span>
     <span class='ocr_line' id='line_1_32' title="bbox 726 4001 3445 4082; baseline 0.005 -23"><span class='ocrx_word' id='word_1_265' title='bbox 726 4001 931 4076; x_wconf 83' lang='lat' dir='ltr'><strong>ferrei,</strong></span> <span class='ocrx_word' id='word_1_266' title='bbox 979 4003 1243 4081; x_wconf 88' lang='lat' dir='ltr'><strong>Ponych</strong></span> <span class='ocrx_word' id='word_1_267' title='bbox 1288 4005 1462 4064; x_wconf 91' lang='lat' dir='ltr'><strong>bano</strong></span> <span class='ocrx_word' id='word_1_268' title='bbox 1508 4007 1745 4066; x_wconf 89' lang='lat' dir='ltr'><strong>comite</strong></span> <span class='ocrx_word' id='word_1_269' title='bbox 1793 4005 2164 4082; x_wconf 89' lang='lat' dir='ltr'><strong>Zaladiensi‚</strong></span> <span class='ocrx_word' id='word_1_270' title='bbox 2227 4009 2503 4070; x_wconf 90' lang='lat' dir='ltr'><strong>Michael</strong></span> <span class='ocrx_word' id='word_1_271' title='bbox 2551 4013 2787 4071; x_wconf 89' lang='lat' dir='ltr'><strong>comite</strong></span> <span class='ocrx_word' id='word_1_272' title='bbox 2849 4011 3146 4073; x_wconf 89' lang='lat' dir='ltr'><strong>Nitriensi</strong></span> <span class='ocrx_word' id='word_1_273' title='bbox 3195 4025 3259 4073; x_wconf 93' lang='lat' dir='ltr'><strong>et</strong></span> <span class='ocrx_word' id='word_1_274' title='bbox 3305 4011 3445 4073; x_wconf 90' lang='lat' dir='ltr'><strong>aliis</strong></span> 
     </span>
     <span class='ocr_line' id='line_1_33' title="bbox 730 4116 2976 4200; baseline 0.005 -27"><span class='ocrx_word' id='word_1_275' title='bbox 730 4131 926 4190; x_wconf 88' lang='lat' dir='ltr'><strong>quam</strong></span> <span class='ocrx_word' id='word_1_276' title='bbox 975 4116 1259 4195; x_wconf 87' lang='lat' dir='ltr'><strong>pluribus</strong></span> <span class='ocrx_word' id='word_1_277' title='bbox 1305 4117 1649 4179; x_wconf 88' lang='lat' dir='ltr'><strong>comitatus</strong></span> <span class='ocrx_word' id='word_1_278' title='bbox 1694 4121 1871 4200; x_wconf 88' lang='lat' dir='ltr'><strong>regni</strong></span> <span class='ocrx_word' id='word_1_279' title='bbox 1919 4122 2118 4180; x_wconf 89' lang='lat' dir='ltr'><strong>nostri</strong></span> <span class='ocrx_word' id='word_1_280' title='bbox 2163 4123 2531 4184; x_wconf 90' lang='lat' dir='ltr'><strong>tenentibus</strong></span> <span class='ocrx_word' id='word_1_281' title='bbox 2574 4133 2638 4184; x_wconf 84' lang='lat' dir='ltr'><strong>et</strong></span> <span class='ocrx_word' id='word_1_282' title='bbox 2682 4124 2976 4185; x_wconf 77' lang='lat' dir='ltr'><strong>honores,</strong></span> 
     </span>
    </p>
   </div>
   <div class='ocr_carea' id='block_1_3' title="bbox 728 4308 3438 4706">
    <p class='ocr_par' dir='ltr' id='par_1_3' title="bbox 728 4308 3438 4595">
     <span class='ocr_line' id='line_1_34' title="bbox 916 4308 3438 4394; baseline 0.006 -31"><span class='ocrx_word' id='word_1_283' title='bbox 916 4308 1215 4382; x_wconf 60' lang='lat' dir='ltr'><strong>Ortginal</strong></span> <span class='ocrx_word' id='word_1_284' title='bbox 1254 4329 1294 4366; x_wconf 89' lang='lat' dir='ltr'><em>u</em></span> <span class='ocrx_word' id='word_1_285' title='bbox 1341 4308 1567 4367; x_wconf 81' lang='lat' dir='ltr'><strong>arkivu</strong></span> <span class='ocrx_word' id='word_1_286' title='bbox 1594 4312 2082 4386; x_wconf 76' lang='lat' dir='ltr'><strong>jugoslavenske</strong></span> <span class='ocrx_word' id='word_1_287' title='bbox 2127 4313 2498 4392; x_wconf 64' lang='lat' dir='ltr'><strong>akademije.</strong></span> <span class='ocrx_word' id='word_1_288' title='bbox 2549 4349 2631 4358; x_wconf 89' lang='lat'><strong>-··</strong></span> <span class='ocrx_word' id='word_1_289' title='bbox 2677 4317 2983 4394; x_wconf 75' lang='lat' dir='ltr'><strong>Pn&#39;jepisi</strong></span> <span class='ocrx_word' id='word_1_290' title='bbox 3029 4317 3238 4394; x_wconf 83' lang='lat' dir='ltr'><strong>kralja</strong></span> <span class='ocrx_word' id='word_1_291' title='bbox 3285 4319 3438 4394; x_wconf 80' lang='lat' dir='ltr'><em>Lju-</em></span> 
     </span>
     <span class='ocr_line' id='line_1_35' title="bbox 728 4410 3434 4497; baseline 0.006 -31"><span class='ocrx_word' id='word_1_292' title='bbox 728 4410 939 4470; x_wconf 78' lang='lat' dir='ltr'><strong>devita</strong></span> <span class='ocrx_word' id='word_1_293' title='bbox 983 4413 1035 4472; x_wconf 89' lang='lat' dir='ltr'><strong>I.</strong></span> <span class='ocrx_word' id='word_1_294' title='bbox 1081 4414 1109 4470; x_wconf 81' lang='lat' dir='ltr'><strong>z·</strong></span> <span class='ocrx_word' id='word_1_295' title='bbox 1153 4414 1561 4488; x_wconf 82' lang='lat' dir='ltr'><strong>Sz&#39;gismunda</strong></span> <span class='ocrx_word' id='word_1_296' title='bbox 1624 4416 1845 4473; x_wconf 81' lang='lat' dir='ltr'><strong>nalaze</strong></span> <span class='ocrx_word' id='word_1_297' title='bbox 1886 4436 1953 4473; x_wconf 87' lang='lat' dir='ltr'><strong>se</strong></span> <span class='ocrx_word' id='word_1_298' title='bbox 1997 4437 2038 4474; x_wconf 84' lang='lat' dir='ltr'><em>u</em></span> <span class='ocrx_word' id='word_1_299' title='bbox 2085 4418 2604 4497; x_wconf 83' lang='lat' dir='ltr'><strong>nadbiskupskom</strong></span> <span class='ocrx_word' id='word_1_300' title='bbox 2665 4420 2892 4479; x_wconf 83' lang='lat' dir='ltr'><strong>arkivu</strong></span> <span class='ocrx_word' id='word_1_301' title='bbox 2950 4422 3434 4497; x_wconf 64' lang='lat' dir='ltr'><strong>zagrebadkomu</strong></span> 
     </span>
     <span class='ocr_line' id='line_1_36' title="bbox 732 4517 1504 4595; baseline 0.008 -27"><span class='ocrx_word' id='word_1_302' title='bbox 732 4530 772 4568; x_wconf 88' lang='lat' dir='ltr'><em>u</em></span> <span class='ocrx_word' id='word_1_303' title='bbox 807 4519 1116 4592; x_wconf 84' lang='lat' dir='ltr'><strong>potonjem</strong></span> <span class='ocrx_word' id='word_1_304' title='bbox 1161 4517 1504 4595; x_wconf 82' lang='lat' dir='ltr'><strong>zapisniku.</strong></span> 
     </span>
    </p>

    <p class='ocr_par' dir='ltr' id='par_1_4' title="bbox 914 4619 3437 4706">
     <span class='ocr_line' id='line_1_37' title="bbox 914 4619 3437 4706; baseline 0.004 -27"><span class='ocrx_word' id='word_1_305' title='bbox 914 4619 1167 4679; x_wconf 66' lang='lat' dir='ltr'><strong>Tkalc&#39;ic&#39;</strong></span> <span class='ocrx_word' id='word_1_306' title='bbox 1206 4621 1482 4680; x_wconf 79' lang='lat' dir='ltr'><strong>Monum-</strong></span> <span class='ocrx_word' id='word_1_307' title='bbox 1547 4625 1801 4701; x_wconf 81' lang='lat' dir='ltr'><strong>episcop.</strong></span> <span class='ocrx_word' id='word_1_308' title='bbox 1852 4625 2119 4700; x_wconf 85' lang='lat' dir='ltr'><strong>Zagrab.</strong></span> <span class='ocrx_word' id='word_1_309' title='bbox 2172 4625 2225 4683; x_wconf 90' lang='lat' dir='ltr'><strong>I.</strong></span> <span class='ocrx_word' id='word_1_310' title='bbox 2275 4631 2408 4684; x_wconf 79' lang='lat'><strong><em>164.</em></strong></span> <span class='ocrx_word' id='word_1_311' title='bbox 2459 4630 2486 4685; x_wconf 82' lang='lat' dir='ltr'><strong>i</strong></span> <span class='ocrx_word' id='word_1_312' title='bbox 2525 4629 2805 4689; x_wconf 77' lang='lat' dir='ltr'><strong>Monam.</strong></span> <span class='ocrx_word' id='word_1_313' title='bbox 2853 4632 3019 4688; x_wconf 83' lang='lat' dir='ltr'><strong>civit.</strong></span> <span class='ocrx_word' id='word_1_314' title='bbox 3066 4632 3334 4706; x_wconf 81' lang='lat' dir='ltr'><strong>Zagrab.</strong></span> <span class='ocrx_word' id='word_1_315' title='bbox 3385 4633 3437 4690; x_wconf 83' lang='lat' dir='ltr'><strong>J.</strong></span> 
     </span>
    </p>
   </div>
   <div class='ocr_carea' id='block_1_4' title="bbox 732 4725 3440 4906">
    <p class='ocr_par' dir='ltr' id='par_1_5' title="bbox 732 4725 3440 4906">
     <span class='ocr_line' id='line_1_38' title="bbox 733 4725 3440 4811; baseline 0.007 -36"><span class='ocrx_word' id='word_1_316' title='bbox 733 4725 1001 4784; x_wconf 75' lang='lat'><em>47—48.</em></span> <span class='ocrx_word' id='word_1_317' title='bbox 1066 4759 1149 4769; x_wconf 92' lang='lat'><strong>--</strong></span> <span class='ocrx_word' id='word_1_318' title='bbox 1212 4728 1457 4784; x_wconf 82' lang='lat' dir='ltr'><strong>Wenzel</strong></span> <span class='ocrx_word' id='word_1_319' title='bbox 1503 4728 1643 4787; x_wconf 86' lang='lat' dir='ltr'><strong>Cod.</strong></span> <span class='ocrx_word' id='word_1_320' title='bbox 1703 4729 1851 4805; x_wconf 81' lang='lat' dir='ltr'><strong>dipl.</strong></span> <span class='ocrx_word' id='word_1_321' title='bbox 1911 4729 2148 4806; x_wconf 78' lang='lat' dir='ltr'><strong>Arpad.</strong></span> <span class='ocrx_word' id='word_1_322' title='bbox 2211 4742 2368 4791; x_wconf 86' lang='lat' dir='ltr'><strong>cont.</strong></span> <span class='ocrx_word' id='word_1_323' title='bbox 2437 4733 2581 4792; x_wconf 86' lang='lat' dir='ltr'><em>XII.</em></span> <span class='ocrx_word' id='word_1_324' title='bbox 2655 4738 2747 4791; x_wconf 88' lang='lat'><strong>56.</strong></span> <span class='ocrx_word' id='word_1_325' title='bbox 2814 4736 3035 4793; x_wconf 81' lang='lat' dir='ltr'><strong>donosi</strong></span> <span class='ocrx_word' id='word_1_326' title='bbox 3091 4746 3309 4811; x_wconf 83' lang='lat' dir='ltr'><strong>regest.</strong></span> <span class='ocrx_word' id='word_1_327' title='bbox 3353 4769 3440 4778; x_wconf 90' lang='lat'><strong>——</strong></span> 
     </span>
     <span class='ocr_line' id='line_1_39' title="bbox 732 4825 1651 4906; baseline 0.007 -24"><span class='ocrx_word' id='word_1_328' title='bbox 732 4825 1106 4906; x_wconf 58' lang='lat' dir='ltr'><strong>Kukugjevid</strong></span> <span class='ocrx_word' id='word_1_329' title='bbox 1144 4831 1295 4904; x_wconf 84' lang='lat' dir='ltr'><strong>Reg.</strong></span> <span class='ocrx_word' id='word_1_330' title='bbox 1342 4851 1438 4890; x_wconf 81' lang='lat' dir='ltr'><strong>no,</strong></span> <span class='ocrx_word' id='word_1_331' title='bbox 1487 4835 1651 4889; x_wconf 82' lang='lat'><strong><em>1071.</em></strong></span> 
     </span>
    </p>
   </div>
  </div>
 </body>
</html>
