3797 5795
1502 402 1765 467 —501
1832 438 1915 447 —

344 604 676 674 presentes
720 595 805 657 ad
851 596 1229 656 instanciam
1288 596 1576 674 parcium
1636 595 2022 657 contulimus
2081 594 2266 677 sigilli
2311 596 2508 654 nostri
2555 594 2912 655 munimine
2957 612 3059 653 ro·

345 708 620 769 boratas.
664 707 907 770 Datum
952 710 1019 769 in
1064 707 1273 790 uigilia
1318 707 1585 787 Mathey
1630 708 1922 788 apostoli,
1967 725 2142 769 anno
2185 708 2270 769 ab
2314 708 2761 768 incarnacione
2807 706 3054 768 domini

348 818 871 885 M⁰.CC⁰.LX⁰.
918 839 1115 882 non0‚

532 1012 829 1087 Orzgrinal
881 1032 965 1070 na
1024 1011 1219 1089 kojem
1279 1032 1313 1070 o
1372 1016 1539 1089 &utos
1592 1014 1856 1089 svt'lenoj
1909 1013 2087 1072 vrvci
2125 1014 2252 1071 visi
2284 1018 2471 1090 pedat
2512 1034 2554 1071 u
2617 1012 2706 1069 kr.
2773 1032 2874 1088 ug.
2929 1014 3054 1069 dri.

340 1117 570 1177 arkivu
616 1138 657 1175 u
702 1118 1093 1194 Budimpes'ti
1134 1118 1221 1176 M.
1278 1116 1346 1175 O.
1399 1118 1477 1177 D.
1522 1118 1593 1177 L.
1643 1138 1739 1177 no,
1787 1120 2026 1178 33.319.
2077 1118 2267 1177 Stara
2311 1120 2474 1193 szjgn.
2515 1118 2598 1177 Ν.
2643 1118 2720 1179 R.
2768 1117 2839 1175 A.
2867 1120 3050 1194 fasc.

344 1226 491 1279 465.
538 1244 635 1283 ne.
688 1226 788 1279 20.

520 1326 893 1403 Kukuljevic'
932 1329 1083 1402 Reg.
1134 1347 1227 1385 ne.
1279 1332 1402 1382 815.
1450 1327 1607 1405 (poci
1634 1348 1699 1401 g.
1747 1328 1942 1400 1:261.)
1990 1328 2018 1383 i
2065 1329 2202 1387 983.
2251 1328 2408 1402 (pod
2437 1347 2500 1402 g.
2555 1326 2756 1399 1269.)

1612 1616 1807 1697 968.

344 1774 551 1857 1269,
596 1778 703 1841 21.
750 1774 1199 1861 septembre.
1246 1774 1307 1841 U
1352 1773 1661 1859 Spljetu.

340 1991 615 2075 Kaptol
649 1990 971 2077 spljctski
1024 1990 1243 2054 uvodi
1293 1996 1537 2065 statut,
1601 1993 1691 2055 da
1736 1991 2111 2055 ostam‘tim'
2147 1991 2440 2076 svakoga
2485 1990 2856 2069 kanom'ka,
2910 1991 3062 2076 kojt'

764 2127 955 2171 umre
1000 2110 1061 2169 1.
1110 2109 1349 2181 marta,
1391 2102 1692 2189 pn‘pada
1736 2127 1859 2170 sav
1903 2103 2351 2191 onogodzli‘nji
2377 2102 2650 2189 prilzod.

519 2299 591 2359 In
639 2301 901 2359 nomine
946 2298 1051 2360 dei
1097 2299 1296 2359 eterni
1342 2316 1551 2359 amen.
1622 2296 1819 2359 Anno
1863 2298 2328 2359 incarnacionis
2371 2298 2660 2359 eiusdem
2707 2297 3048 2359 millesimo

339 2412 783 2473 ducentesimo
830 2414 1235 2493 sexagesimo
1282 2429 1476 2485 non0‚
1522 2410 1842 2472 indicione
1874 2409 2276 2486 duodecima,
2322 2410 2576 2473 decimo
2614 2411 2719 2473 die
2764 2420 3046 2472 exeunte

342 2523 706 2603 septembri,
752 2534 1062 2606 regnante
1107 2524 1378 2585 domino
1426 2533 1646 2585 nostro
1692 2522 1845 2587 Bela
1888 2525 2294 2585 serenissimo
2338 2541 2488 2606 rege
2533 2524 2836 2606 Vngarie‚
2882 2535 3043 2586 tem-

339 2638 602 2718 poribus
632 2636 876 2699 domini
901 2636 1209 2717 Johannis
1244 2636 1621 2698 venerabilis
1650 2635 2044 2715 Spalatensis
2073 2636 2548 2716 archiepiscopi,
2581 2636 2793 2699 Miche
2827 2636 3044 2711 Madii,

342 2753 508 2814 Petri
556 2749 901 2825 Cerneche,
945 2749 1149 2812 Dobri
1182 2750 1381 2812 Madii
1414 2749 1712 2811 iudicum.
1760 2748 2086 2828 Quoniam
2130 2752 2422 2811 vniuersa
2468 2750 2828 2811 mortalium
2880 2750 3046 2812 sacta

340 2866 537 2926 nimia
581 2865 887 2944 temporis
932 2863 1299 2944 prolixitate
1345 2874 1409 2926 et
1454 2881 1775 2925 annorum
1821 2862 2212 2925 discursione
2251 2882 2288 2924 e
2319 2864 2631 2925 memoria
2677 2862 3046 2926 dilabuntur

338 2989 403 3040 et
448 2980 701 3058 penitus
760 2977 1068 3039 obliuioni
1129 2977 1479 3052 traduntur,
1542 2979 1657 3038 nisi
1720 2978 1916 3036 nimia
1973 2995 2121 3037 cum
2191 2975 2526 3058 diligencia
2572 2986 2635 3037 et
2682 2977 3043 3038 curiositate

336 3091 442 3153 illa
508 3110 623 3170 per
688 3092 920 3169 scripta
988 3093 1307 3152 autentica
1374 3089 1854 3170 depromantur,
1915 3088 2016 3148 uel
2082 3090 2147 3148 in
2215 3090 2462 3168 scriptis
2527 3107 2725 3150 manu
2792 3089 3046 3168 publica

338 3204 725 3286 redigantur.
802 3203 957 3264 Ideo
1007 3222 1126 3264 nos
1172 3203 1451 3265 domnus
1518 3201 1791 3264 Duimus
1854 3200 2337 3263 archidiaconus
2397 3211 2460 3262 et
2527 3203 2890 3264 vniuersum
2937 3221 3042 3264 ca-

333 3316 609 3397 pitulum
654 3316 919 3379 ecclesie
964 3318 1165 3378 sancti
1206 3315 1467 3377 Domnii
1514 3318 1621 3396 qui
1668 3332 1889 3375 sumus
1935 3313 2036 3374 dei
2071 3313 2284 3375 officio
2331 3317 2674 3394 mancipati
2705 3326 2771 3377 et
2801 3316 3039 3377 cotidie

338 3429 443 3491 die
504 3439 829 3510 noctuque
889 3431 953 3489 in
1014 3428 1243 3490 diuinis
1288 3430 1681 3507 persistimus
1740 3427 2052 3501 laudibus,
2098 3430 2224 3488 oris
2270 3427 2504 3489 debitis
2547 3441 2612 3488 et
2656 3431 2906 3491 statutis
2953 3441 3045 3490 at-

336 3541 677 3603 tendentes
706 3544 911 3603 bonas
942 3555 1004 3602 et
1038 3541 1351 3624 legitimas
1375 3552 1737 3603 nostrorum
1769 3542 2181 3620 antiquorum
2213 3542 2724 3616 consuetudines,
2757 3545 3042 3604 maxime

337 3669 403 3717 et
448 3656 803 3735 specialiter
846 3654 930 3716 de
974 3673 1072 3729 e0,
1134 3653 1313 3734 quod
1358 3657 1407 3716 si
1456 3653 1721 3734 quilibet
1765 3654 2032 3715 clericus
2075 3654 2142 3714 in
2187 3653 2470 3715 calendis
2515 3656 2731 3716 marcii
2780 3655 2862 3715 ab
2910 3655 3034 3716 hoc

335 3768 555 3830 seculo
614 3768 1003 3834 decessisset.
1048 3777 1260 3828 totum
1305 3786 1563 3829 suarum
1610 3767 2017 3829 ecclesiarum
2062 3778 2452 3846 prouentum
2499 3769 2692 3847 ipsius
2735 3769 2882 3828 anni
2932 3767 3041 3829 ha-

336 3879 518 3942 beret
584 3890 650 3942 et
716 3880 799 3942 de
864 3883 1005 3960 ipso
1068 3880 1451 3960 disponeret,
1519 3891 1709 3960 prout
1756 3879 1963 3941 uellet.
2027 3877 2522 3943 Considerantes
2567 3880 2632 3941 id
2678 3899 2906 3942 sanum
2975 3893 3040 3942 et

336 3995 571 4056 iustum
618 3995 773 4068 sore,
816 3993 899 4055 de
946 3996 1143 4055 nostri
1210 3992 1465 4073 capituli
1533 3993 1952 4072 prouentibus
2020 3993 2203 4055 simili
2274 3993 2474 4054 modo
2542 3995 2926 4055 unanimiter
2973 4007 3038 4056 et

336 4105 756 4181 concorditer,
824 4109 1076 4186 spiritus
1147 4107 1347 4168 sancti
1408 4107 1618 4189 gracia
1664 4109 1979 4179 inuocata‚
2039 4108 2374 4168 statuimus
2419 4116 2483 4167 et
2530 4106 2916 4180 ordinamuS,
2980 4109 3041 4168 in

335 4219 583 4298 scriptis
640 4238 755 4298 per
818 4238 1079 4280 manum
1138 4219 1464 4299 publicam
1524 4219 1904 4301 redigente5‚
1948 4219 2127 4300 quod
2174 4222 2224 4280 si
2272 4219 2538 4300 quilibet
2583 4221 2928 4281 canonicus
2973 4223 3037 4282 in

337 4332 619 4393 calendis
680 4335 894 4393 marcii
955 4332 1313 4408 decederet,
1358 4343 1563 4394 totam
1625 4351 1806 4394 suam
1874 4342 2124 4411 partem
2170 4333 2363 4411 ipsius
2408 4334 2558 4393 anni
2605 4333 2883 4393 totaliter
2929 4333 3038 4394 de-

336 4444 515 4505 beret
575 4445 811 4506 habere
872 4455 936 4506 et
992 4444 1075 4506 de
1134 4447 1269 4524 ipsa
1332 4445 1672 4525 disponere
1736 4455 1798 4507 et
1846 4446 2142 4507 ordinare
2187 4457 2252 4507 et
2297 4449 2491 4507 etiam
2537 4447 2602 4506 in
2647 4455 3038 4508 testamento

334 4557 563 4640 legare,
608 4569 797 4636 prout
829 4557 1096 4619 uoluerit
1128 4569 1192 4620 et
1222 4559 1338 4618 sibi
1386 4559 1611 4620 melius
1656 4559 1975 4620 uidebitur
2017 4558 2340 4639 expedire,
2387 4569 2456 4620 ut
2502 4559 2585 4620 de
2631 4578 2744 4620 sua
2775 4562 3032 4638 propria

337 4690 405 4731 re
448 4670 649 4750 possit
714 4669 958 4749 absque
1024 4671 1285 4732 alicuius
1352 4690 1625 4750 persone
1701 4671 2234 4734 contradiccione.
2311 4673 2764 4733 Promittentes
2810 4681 2874 4733 et
2921 4673 3040 4734 sub

334 4785 693 4845 iuramento
744 4781 1087 4857 firmanteS,
1154 4793 1287 4844 tam
1358 4803 1477 4845 nos
1544 4783 2028 4846 archidiaconus
2096 4803 2290 4863 quam
2353 4787 2624 4847 vniuersi
2689 4785 2912 4847 fratres
2957 4785 3040 4846 de

335 4897 615 4976 capitulo
676 4896 800 4956 hoc
859 4907 1166 4958 statutum
1230 4898 1571 4958 obseruare
1617 4907 1679 4958 et
1728 4907 2144 4959 manutenere
2181 4909 2270 4960 ,et
2332 4898 2482 4959 nulli
2542 4901 2639 4959 ius
2683 4917 2869 4961 suum
2931 4897 3042 4958 de-

334 5029 587 5091 negare,
618 5027 738 5070 nec
767 5009 1005 5088 aliquid
1037 5009 1120 5071 de
1150 5013 1289 5089 ipso
1336 5011 1673 5092 infringere
1702 5011 1805 5072 uel
1838 5010 2091 5072 uiolare.
2139 5011 2221 5072 Et
2260 5011 2344 5073 ad
2376 5014 2687 5072 maiorem
2718 5011 3034 5072 cautelam

332 5135 395 5185 et
442 5123 864 5197 securitatem,
895 5134 963 5184 ut
1010 5123 1093 5185 ad
1139 5134 1541 5203 posterorum
1587 5126 1917 5204 perueniat
1965 5126 2266 5186 noticiam
2315 5135 2378 5186 et
2427 5125 2634 5186 nullus
2679 5143 2869 5204 super
2914 5125 3040 5186 hoc
