3797 5795
1510 397 1777 458 —463
1840 432 1918 438 ——

352 593 613 654 cuilibet
688 600 967 650 vestrum
1034 591 1098 648 in
1166 588 1440 650 solidum
1516 589 2018 662 administrandi,
2093 590 2524 668 dispensandi,
2602 591 2920 652 vendendi
3002 603 3062 652 et

357 705 635 776 emendi,
694 701 1117 782 permutandi,
1178 700 1392 774 dandi,
1456 701 1761 772 donandi,
1824 703 2075 783 agendi,
2139 703 2526 764 defendendi
2575 705 2636 762 in
2685 702 2919 764 iudicio
2967 724 3066 764 ec-

358 819 711 879 clesiastico
774 829 837 875 et
899 814 1158 894 seculari
1231 834 1449 875 coram
1519 816 1849 876 ordinariis
1917 827 1981 876 et
2050 816 2357 896 delegatis
2426 817 2753 889 iudicibuS,
2801 818 3066 877 arbitres

358 931 837 993 arbitratoribus
883 942 946 988 et
992 928 1327 989 feudorum
1390 928 1669 988 dominis
1736 928 2142 1011 transigendi.
2190 931 2251 988 in
2299 930 2504 988 causis
2551 929 2855 989 omnibus
2897 932 3065 1008 paci-

356 1045 595 1113 scendi,
627 1041 868 1103 iurandi
904 1041 984 1101 de
1015 1040 1393 1119 calumpnia,
1426 1043 1489 1100 in
1522 1041 1697 1100 litem
1732 1052 1795 1101 et
1826 1041 1910 1102 de
1943 1043 2205 1102 veritate
2225 1041 2502 1102 dicenda
2535 1052 2599 1101 et
2631 1041 3064 1102 iusiurandum

354 1161 614 1236 insuper
646 1153 990 1223 deferendi,
1021 1173 1095 1212 ac
1128 1155 1319 1214 etiam
1362 1153 1617 1232 petendi
1652 1164 1713 1213 et
1748 1154 2088 1232 recipiendi
2139 1173 2546 1233 quecumque
2577 1155 2750 1214 bona
2783 1155 3064 1232 ipsorum

354 1269 903 1348 contemplatione
966 1268 1403 1344 provenientia
1466 1284 1590 1344 que
1655 1266 1972 1345 applicata
2033 1267 2130 1328 vel
2193 1266 2498 1344 deputata
2561 1286 2785 1328 eorum
2849 1268 3066 1329 usibus

359 1401 771 1461 quocumque
840 1377 1039 1439 modo
1107 1378 1320 1438 illicito
1390 1377 1651 1438 detenta
1720 1379 1816 1438 vel
1888 1389 2198 1457 occupata
2269 1391 2431 1448 sunt,
2492 1380 2797 1441 hactenus
2845 1393 2954 1441 aut
3003 1383 3062 1440 in

356 1507 684 1574 posterum
760 1492 1025 1552 detineri
1086 1491 1181 1550 vel
1244 1492 1537 1568 occupari
1602 1493 1956 1571 contigerit,
2030 1511 2104 1552 ac
2167 1495 2382 1552 omnia
2447 1493 2718 1554 faciendi
2782 1513 2907 1574 que
2983 1495 3046 1554 in

358 1609 591 1669 iudicio
638 1609 1052 1685 requiruntur.
1099 1603 1545 1664 Procuratores
1590 1615 1877 1682 preterea
1924 1623 2122 1666 unum
2173 1605 2267 1665 vel
2317 1606 2528 1684 plures
2573 1607 2657 1667 ad
2702 1606 3066 1686 supradicta

356 1723 577 1781 omnia
638 1717 1067 1779 constituendi
1131 1717 1215 1776 ad
1276 1719 1751 1794 requisitionem
1814 1717 2132 1778 dictorum
2197 1721 2458 1778 ministri
2508 1729 2572 1779 et
2619 1720 2882 1780 fratrum
2955 1719 3066 1779 ad-

358 1835 837 1894 ministrationis
903 1829 1203 1908 predicte,
1282 1829 1535 1907 plenam
1610 1833 1987 1890 auctoritate
2054 1831 2444 1909 presentium
2513 1832 2898 1892 facultatem.
2973 1832 3066 1892 Ita

356 1961 575 2006 tamen
623 1944 799 2025 quod
846 1945 927 2004 de
974 1943 1271 2022 predictis
1330 1953 1439 2002 aut
1500 1944 1665 2003 circa
1712 1943 1996 2020 predicta
2043 1947 2107 2003 in
2153 1943 2386 2003 iudicio
2435 1945 2535 2004 vel
2579 1956 2762 2005 extra
2808 1964 2924 2005 vos
2967 1945 3062 2004 vel

356 2072 637 2120 vestrum
708 2057 934 2135 aliquis
981 2075 1089 2116 seu
1140 2077 1177 2116 a
1224 2056 1403 2115 vobis
1469 2065 1914 2133 procuratores
1983 2055 2112 2116 dati
2178 2056 2367 2117 nichil
2412 2059 2666 2134 penitus
2700 2059 3065 2138 ‘peragatiS,

356 2176 475 2234 nisi
508 2171 861 2233 eorundem
896 2171 1155 2229 ministri
1190 2178 1255 2228 et
1290 2169 1552 2228 fratrum
1586 2170 1887 2246 requisito
1920 2169 2186 2229 consilio
2218 2180 2281 2228 et
2314 2170 2604 2232 obtento,
2639 2169 3062 2230 Decernimus

352 2306 528 2367 erg0‚
570 2297 637 2346 ut
683 2305 775 2356 ea,
824 2303 947 2361 que
1007 2301 1119 2361 per
1181 2301 1293 2341 vos
1357 2281 1453 2340 vel
1516 2291 1790 2340 vestrum
1862 2279 2142 2360 aliquem
2214 2300 2332 2342 nec
2401 2301 2529 2342 non
2601 2284 2980 2342 constitutos
3026 2302 3063 2341 a

355 2401 541 2460 uobis
608 2397 879 2477 proinde
950 2397 1115 2456 facta
1185 2396 1414 2454 fuerint
1476 2397 1537 2454 in
1599 2393 1916 2472 predictis,
1979 2394 2236 2472 plenam
2287 2395 2619 2455 obtineant
2681 2394 3064 2455 firmitatem.

354 2512 593 2573 Datum
645 2510 916 2570 Viterbii
966 2509 1039 2568 II.
1088 2507 1395 2568 kalendas
1438 2505 1665 2584 apriliS,
1712 2506 2119 2584 pontificatus
2166 2511 2361 2567 nostri
2411 2528 2582 2569 anno
2630 2517 2874 2587 quarto.

530 2705 871 2779 Fabijam'c‘
912 2704 1118 2761 Storia
1181 2701 1285 2756 dei
1324 2703 1547 2776 frana
1599 2700 1829 2756 minori
1872 2701 1920 2756 l.
1977 2705 2085 2754 415
2105 2705 2310 2760 -416.
2359 2735 2444 2742 ——
2491 2700 2865 2775 Ix⁷7cku(7'evz'c·'
2907 2702 3057 2774 Reg.

356 2830 453 2867 ne.
507 2812 626 2865 951.

1605 3185 1773 3262 929

356 3346 562 3415 1268,
608 3346 715 3409 15.
766 3343 1027 3427 aprile.
1076 3344 1136 3409 U
1182 3342 1537 3425 Zaqrebu.

362 3534 657 3617 Timotej
682 3532 921 3616 biskup
952 3530 1345 3615 zagrebac‘kz'
1369 3532 1627 3616 kupuje
1657 3554 1733 3593 za
1775 3531 2094 3593 dvadeset
2125 3528 2158 3591 ι’
2173 3536 2292 3613 pet
2321 3528 2526 3613 pensi
2547 3528 3053 3592 a‘etz‘rz'»serva‹.

526 3750 890 3830 Capitulum
952 3750 1387 3831 Zagrabiensis
1446 3749 1707 3809 ecclesie
1771 3750 2072 3809 omnibus
2133 3767 2395 3830 presens
2458 3751 2761 3827 scriptum
2809 3750 3053 3826 inspec-

351 3869 505 3926 turis
546 3866 815 3925 salutern
846 3866 911 3924 in
943 3864 1227 3923 domin0.
1260 3862 1369 3924 Ad
1404 3864 1845 3923 uniuersorum
1892 3864 2194 3922 noticiam
2243 3861 2469 3921 harum
2501 3864 2658 3920 serie
2703 3857 3048 3941 (uolumus)

350 3981 698 4059 peruenire,
760 3977 937 4055 quod
1004 3978 1361 4037 constitutis
1423 3977 1486 4035 in
1534 3986 1750 4035 nostra
1814 3978 2138 4053 presencia
2187 3975 2270 4034 ab
2319 3992 2442 4034 una
2505 3983 2685 4052 parte
2747 3974 3050 4054 magistro

356 4092 557 4165 Drisa,
603 4092 840 4151 lectore
885 4091 1149 4150 ecclesie
1180 4099 1395 4149 nostre
1428 4097 1489 4149 et
1521 4089 1604 4149 ab
1636 4087 1831 4147 altera
1878 4084 2161 4167 Georgio
2208 4088 2550 4167 iobagione
2584 4084 3048 4148 Cruciferorum

348 4206 433 4264 de
503 4216 727 4264 sancto
798 4202 1092 4274 MartinO,
1156 4200 1328 4262 idem
1388 4198 1702 4281 Georgius
1765 4212 2040 4279 quatuor
2087 4200 2397 4273 homineS,
2461 4198 2696 4259 scilicet
2762 4197 2927 4259 Pezk
2987 4210 3048 4259 et

353 4318 612 4379 Paulam
674 4335 943 4377 uxorem
990 4319 1122 4375 eius
1168 4325 1231 4373 et
1278 4312 1440 4374 filios
1502 4311 1880 4373 eorumdem
1929 4312 2181 4385 scilicet,
2232 4310 2472 4373 Wlkek
2519 4320 2687 4372 etate
2738 4314 3044 4371 maiorem

346 4442 410 4491 et
444 4430 788 4492 Martinum
834 4431 1165 4501 minorem,
1211 4436 1482 4487 statutos
1514 4427 1577 4485 in
1612 4436 1825 4486 nostra
1856 4426 2185 4504 presencia
2217 4425 2546 4485 consessus
2579 4434 2692 4497 est,
2724 4443 2792 4484 se
2825 4423 3046 4483 uendi-

346 4545 513 4605 disse
571 4542 911 4604 venerabili
957 4542 1119 4619 patri
1165 4541 1432 4600 domino
1493 4539 1819 4617 Tymoteo
1888 4541 2192 4617 episcopo
2257 4548 2477 4597 nostro
2539 4538 2671 4596 iure
2734 4546 3046 4614 perpetuo

347 4656 768 4737 possidendos
812 4674 931 4733 pro
975 4654 1194 4735 viginti
1256 4654 1539 4731 quinque
1586 4652 1799 4729 pensis
1860 4651 2268 4711 denariorum
2333 4648 2872 4730 Zagrabiensium,
2924 4667 3047 4726 que

344 4774 628 4849 quinque
695 4787 941 4829 marcas
1007 4779 1160 4828 tunc
1229 4768 1535 4844 temporis
1602 4764 1941 4837 faciebant,
2009 4782 2169 4843 quas
2230 4762 2438 4823 dictus
2500 4765 2798 4843 magister
2861 4760 3048 4821 Drisa

345 4884 605 4944 nornine
650 4884 842 4960 ipsius
902 4880 1146 4941 domini
1206 4880 1505 4957 episcopi.
1551 4880 1728 4938 cuius
1776 4880 1976 4937 vicem
2024 4880 2088 4937 in
2135 4876 2254 4935 hac
2300 4886 2479 4955 parte
2524 4875 2804 4955 gerebat,
2869 4874 3048 4935 dedit

340 5007 409 5057 et
453 4995 755 5075 persoluit
814 5013 1031 5055 coram
1078 4993 1263 5053 nobis
1310 4990 1590 5071 Georgio
1652 4990 2035 5069 supradicto
2096 4988 2302 5068 Super
2347 5008 2477 5068 quo
2523 5006 2672 5049 cum
2718 4987 3046 5066 predictus

346 5108 527 5179 Pezk,
570 5128 737 5170 uxor
781 5118 844 5168 et
890 5105 996 5167 filii
1028 5108 1161 5165 eius
1204 5103 1505 5165 antedicti
1557 5103 1820 5164 fuissent
1864 5123 1979 5182 per
2025 5122 2144 5163 nos
2189 5104 2488 5182 requisiti,
2539 5101 3043 5180 responderunt:
