3797 5795
1971 372 2383 435 -132—

2086 728 2282 809 641.

830 948 1025 1029 1259,
1072 949 1129 1011 1.
1172 946 1355 1029 jula.
1402 948 1461 1012 U
1506 946 1884 1013 Severinu.

826 1156 998 1218 Bela
1030 1155 1222 1239 kralj
1248 1152 1533 1239 ugarskz'
1560 1153 1593 1217 ι’
1614 1153 1932 1217 hrvatski
1955 1154 2202 1237 daruje
2221 1153 2460 1237 possed
2476 1153 2934 1228 Sczolovnufi')
2961 1174 3004 1215 u
3033 1152 3512 1236 Adedjumurju

1447 1266 1736 1351 biskupu
1784 1266 2244 1351 zagrebaffkom
2293 1267 2326 1328 ι’
2373 1264 2576 1328 Tomi
2614 1274 2909 1349 supanu.

1000 1478 1149 1538 Bela
1197 1478 1307 1539 IV.
1356 1498 1469 1537 rex
1518 1476 1737 1537 volens
1804 1479 2276 1555 possessionem
2333 1476 2690 1538 Sczolovna
2735 1494 2930 1555 quam
2975 1496 3012 1535 a
3058 1486 3272 1536 castro
3320 1474 3516 1538 Szala-

819 1591 1023 1652 diensi
1072 1590 1401 1669 quondam
1448 1601 1819 1668 exemptam
1869 1600 2050 1668 pater
2097 1592 2228 1650 eius
2277 1590 2594 1649 lwachino
2633 1590 2851 1649 comiti
2891 1588 3268 1651 Scibiniensi
3319 1589 3518 1649 bonae

820 1706 1172 1765 memoriae
1218 1703 1348 1764 filio
1393 1705 1645 1763 comitis
1693 1702 1902 1762 Beche
1963 1722 2079 1781 pro
2143 1702 2597 1780 multiplicibus
2649 1702 2922 1762 serviciis
2967 1700 3342 1773 donaverat,
3388 1701 3516 1762 filiis

815 1820 956 1879 eius
1015 1827 1079 1877 et
1140 1816 1479 1877 heredibus
1541 1834 1934 1887 conservare,
1995 1825 2462 1875 commemorat
2519 1814 2797 1889 quedam
2859 1816 2992 1874 eius
3051 1817 3323 1887 servitia,
3368 1816 3518 1875 inter

815 1940 1049 2002 cetera,
1108 1928 1285 2008 quod
1347 1947 1492 1989 cum
1555 1927 1843 1990 Assenus
1892 1927 2081 1988 Burul
2131 1930 2478 2007 imperator
2523 1928 2850 2007 quondam
2887 1926 3306 2008 Bulgarorum
3354 1928 3518 1988 auxi-

808 2044 974 2103 lium
1022 2064 1058 2103 a
1105 2052 1285 2122 patre
1332 2042 1495 2122 regis
1542 2051 1762 2101 contra
1829 2039 2117 2100 infideles
2178 2060 2328 2101 suos
2375 2040 2456 2101 de
2505 2040 2757 2101 Budino
2803 2060 2885 2101 ex
2933 2041 3248 2100 amicitiae
3295 2038 3518 2101 fiducia

806 2156 1237 2234 implorasset,
1283 2175 1397 2215 rex
1444 2156 1579 2233 ipse
1628 2143 2014 2215 Iwachinum
2062 2156 2388 2214 associatis
2434 2154 2548 2213 sibi
2598 2152 2982 2227 saxonibus,
3019 2151 3256 2226 OlaciS‚
3301 2150 3521 2215 Siculis

806 2279 879 2327 et
934 2268 1205 2329 Bissenis
1251 2270 1314 2327 in
1361 2267 1714 2327 subsidium
1795 2268 2160 2334 transmisit,
2223 2270 2325 2344 qui
2391 2285 2537 2327 cum
2585 2285 2774 2345 supra
2819 2264 3076 2326 fluvium
3126 2264 3344 2327 Obozt
3390 2286 3520 2345 per-

810 2382 1094 2441 venisset
1170 2391 1297 2441 tres
1376 2380 1572 2441 duces
1631 2380 1714 2439 de
1784 2378 2100 2442 Cumania
2171 2381 2320 2458 ipsis
2389 2389 2813 2451 occurrentes,
2875 2398 3024 2439 cum
3098 2381 3187 2438 eis
3253 2379 3517 2456 prelium

810 2495 1299 2566 commiserunt,
1346 2511 1617 2570 quorum
1667 2492 1922 2553 duobus
1969 2493 2192 2552 occisis
2239 2492 2491 2552 tertium
2543 2494 2806 2552 nomine
2851 2490 3058 2552 Karaz
3105 2510 3328 2552 comes
3368 2490 3521 2571 jwa-

811 2606 1042 2667 chinus
1089 2609 1372 2666 vinctum
1419 2608 1763 2666 transmisit
1808 2605 1893 2666 ad
1941 2623 2175 2685 regem.
2226 2606 2606 2666 Perveniens
2653 2605 2735 2665 ad
2784 2616 3058 2665 castrum
3111 2604 3321 2665 Budin
3369 2605 3522 2665 duas

813 2730 1035 2796 portas
1094 2720 1360 2780 civitatis
1422 2720 1566 2800 igne
1627 2719 2050 2779 combusserit
2110 2728 2174 2777 et
2235 2729 2380 2795 post
2445 2716 2605 2777 sorte
2680 2718 2947 2796 prelium
3009 2717 3094 2777 ibi
3157 2719 3522 2787 comissum,

815 2831 960 2892 licet
1007 2852 1177 2911 equo
1244 2851 1360 2892 suo
1408 2835 1639 2906 occiso,
1687 2834 1820 2911 ipse
1867 2833 2149 2910 acceptis
2195 2830 2487 2891 letalibus
2533 2831 2734 2913 plagis
2773 2833 2880 2890 vix
2913 2832 3090 2890 vivus
3136 2832 3523 2891 remanserit.

814 2943 1066 3006 Tamen
1116 2957 1389 3024 quatuor
1433 2947 1723 3026 cognatis
1769 2957 1833 3004 ct
1878 2945 2015 3004 aliis
2075 2945 2380 3004 militibus
2445 2965 2556 3024 per
2623 2944 2929 3025 Bulgaros
2974 2945 3198 3004 occisis
3245 2957 3520 3005 castrum

816 3057 1021 3118 Budin
1070 3058 1151 3118 ad
1200 3077 1425 3118 manus
1470 3058 1681 3118 eidem
1727 3057 1867 3118 B..
1905 3106 1914 3115 .
1952 3105 1962 3116 .
2010 3055 2240 3118 Asseni
2289 3059 2573 3117 restituit.
2645 3057 2802 3118 Item
2851 3060 2915 3118 in
2962 3060 3266 3130 exercitu,
3317 3076 3510 3136 quem

810 3183 994 3247 pater
1039 3173 1203 3252 regis
1262 3184 1485 3230 contra
1547 3171 1916 3230 Romanum
1979 3170 2214 3230 ducem
2265 3170 2706 3230 Ruthenorum
2763 3170 3008 3242 levavit,
3056 3173 3116 3230 in
3165 3189 3299 3250 quo
3350 3171 3522 3231 idem

810 3281 948 3343 dux
996 3286 1204 3362 capite
1249 3283 1364 3343 fuit
1412 3293 1755 3354 truncatus
1786 3301 2008 3343 comes
2043 3282 2393 3342 Iwachinus
2426 3283 2592 3343 clara
2626 3302 2818 3361 opera
2867 3283 3189 3344 fidelitatis
3233 3286 3524 3362 prestitit.

808 3399 1113 3471 quocirca
1174 3396 1257 3456 illi
1319 3406 1500 3474 pater
1564 3396 1728 3476 regis
1791 3398 2265 3473 possessionem
2328 3396 2683 3457 Sczolovna
2744 3396 3025 3455 donavit.
3097 3397 3238 3457 Rex
3303 3407 3520 3457 autem

805 3521 960 3583 post
1024 3519 1299 3569 mortem
1360 3511 1556 3586 patris
1615 3511 1706 3568 sui
1769 3507 2136 3568 revocando
2199 3527 2427 3568 omnes
2489 3509 2887 3581 donationes,
2946 3512 3268 3569 revocavit
3331 3511 3524 3570 etiam

803 3621 1146 3696 prefatam,
1192 3620 1305 3682 sed
1353 3632 1647 3699 respectu
1710 3623 2103 3681 servitiorum
2175 3620 2464 3681 Iwacliini
2515 3621 2598 3680 ad
2645 3623 3022 3700 petitionem
3069 3621 3347 3682 filiorum
3399 3625 3529 3682 cius

808 3731 1083 3812 Philippi
1148 3737 1433 3812 episcopi
1504 3733 1940 3814 Zagrabiensis
2000 3745 2062 3793 et
2132 3734 2190 3794 T
2195 3733 2427 3794 homae
2475 3737 2726 3794 comitis
2795 3735 2876 3794 de
2940 3732 3209 3808 C1·ocov‚
3255 3738 3530 3797 restituit

805 3845 963 3921 ipsis
1030 3847 1306 3906 eandem
1376 3848 1843 3925 possessionem
1917 3847 2290 3918 Sczolovna,
2353 3865 2872 3907 commemorans
2934 3849 3214 3926 ipsorum
3265 3867 3528 3928 quoque

804 3963 1095 4032 servitia3
1157 3979 1305 4020 nam
1369 3978 1589 4020 comes
1636 3958 1924 4019 Thomas
1984 3961 2042 4018 in
2110 3961 2335 4019 minori
2400 3960 2610 4019 adhuc
2656 3972 2826 4020 etate
2871 3963 3256 4022 constitutus
3303 3975 3528 4022 contra

804 4069 865 4130 Τ
868 4085 1118 4134 artaros
1162 4074 1335 4152 apud
1382 4071 1643 4133 fluvium
1692 4073 1883 4134 Soiov
1935 4072 2332 4132 laudabiliter
2396 4072 2738 4146 dimicavit,
2797 4074 2900 4132 ubi
2951 4075 3140 4134 letale
3189 4074 3422 4135 vulnus
3467 4076 3528 4134 in

804 4182 1072 4248 brachio
1106 4187 1338 4247 dextro
1369 4187 1707 4264 accipienS‚
1738 4187 1982 4244 amissis
2013 4185 2312 4245 omnibus
2361 4185 2547 4245 bonis
2593 4189 2719 4246 suis
2765 4187 2871 4245 vix
2919 4189 3142 4246 mortis
3171 4187 3526 4265 periculum

801 4303 1021 4360 evasit.
1074 4299 1503 4359 invalescente
1534 4299 1859 4360 Tartarica
1910 4308 2308 4376 tempestate,
2353 4299 2524 4376 apud
2561 4298 2811 4358 Iadram
2858 4301 3050 4358 etiam
3098 4318 3246 4359 cum
3295 4313 3528 4378 patruo

802 4425 924 4469 suo
973 4411 1264 4473 Dionisio
1310 4414 1545 4472 comite
1592 4425 1657 4471 et
1706 4411 1879 4470 bano
1943 4413 2146 4470 tocius
2206 4410 2544 4472 Slavoniae
2591 4411 2835 4471 ardenti
2881 4411 3094 4471 studio
3141 4415 3414 4484 servivit,
3459 4432 3528 4472 se

804 4527 1031 4584 mortis
1077 4524 1361 4603 periculo
1393 4523 1809 4602 exponendo.
1844 4522 2070 4583 Dictus
2101 4535 2313 4583 autem
2349 4525 2689 4602 episcopus
2729 4543 2874 4585 cum
2922 4525 3136 4586 adhuc
3183 4529 3246 4587 in
3295 4527 3524 4586 minori

800 4635 1019 4697 officio
1064 4640 1446 4698 constitutus
1479 4639 1881 4716 prepositura
1917 4635 2340 4714 Dimisiensi(!)
2389 4649 2452 4696 et
2491 4638 2865 4699 cancellaria
2913 4639 3220 4700 dominae
3265 4641 3526 4721 reginae

800 4753 1117 4810 consortis
1162 4751 1328 4829 regis
1391 4750 1579 4810 Belae
1646 4748 2032 4829 fungeretur,
2101 4752 2408 4810 continuo
2455 4749 2667 4809 studio
2731 4753 2998 4824 servivit,
3059 4751 3417 4832 legationes
3463 4755 3524 4810 in

799 4878 1001 4943 regno
1046 4878 1108 4924 et
1156 4874 1337 4924 extra
1385 4883 1658 4946 regnum
1705 4864 1785 4924 ad
1836 4882 2052 4944 regem
2127 4863 2526 4943 (Bohelmiae
2575 4863 2877 4924 dilectum
2926 4877 3276 4946 cognatum
3325 4876 3390 4925 et
3441 4864 3524 4924 ad

798 4987 1009 5049 partes
1069 4977 1388 5050 Bavariae,
1459 4977 1723 5057 quando
1786 4976 1982 5037 filiam
2052 4979 2216 5057 regis
2279 4975 2712 5036 Elisabetham
2777 4975 2907 5036 filio
2973 4978 3154 5038 ducis
3219 4979 3526 5040 Bavariae

798 5091 1346 5150 matrimonialiter
1406 5094 1758 5162 sociaverit,
1822 5108 2098 5166 quorum
2147 5092 2433 5149 omnium
2485 5091 2712 5148 intuitu
2760 5089 2998 5150 dictam
3047 5095 3524 5170 possessionem
