3797 5795
1846 359 2122 423 —402
2189 398 2258 408 —

702 571 828 632 qua
876 551 1128 630 spoliati
1158 563 1266 611 aut
1298 553 1485 611 occisi
1533 551 1781 624 fuerint,
1812 555 2104 614 estimata
2152 555 2506 632 quantitate
2553 553 2843 632 pecunie,
2873 556 3046 617 iuxta
3077 556 3398 617 arbitrium

702 665 1022 759 bonorum
1072 664 1345 725 virorum
1380 673 1444 724 et
1475 676 1948 725 sacramentum
1997 668 2358 726 concivium
2392 666 2474 726 ad
2507 665 2631 726 hoc
2665 667 3016 728 electorum
3049 667 3146 728 vel
3192 668 3400 728 ablata

703 777 1017 850 refundat,
1086 776 1187 837 vel
1258 776 1733 838 malefactorem
1812 777 2152 839 ostendere
2226 789 2534 853 teneatur,
2603 793 2712 840 aut
2781 779 3100 841 homicidii
3173 799 3406 860 penam

702 891 907 952 solvat
960 893 1137 950 iuxta
1184 889 1451 951 ducatus
1498 889 1840 954 Sclauonie
1884 891 2413 952 consvetudinem
2462 893 2903 971 approbatam.
2966 894 3126 954 Item
3175 894 3406 955 tributa

704 1005 863 1064 infra
908 1003 1151 1084 regales
1212 1006 1519 1064 terminos
1565 1007 1627 1064 in
1676 1005 1852 1066 nullo
1904 1005 2048 1065 loco
2095 1005 2340 1066 solvere
2389 1016 2740 1066 teneantur.
2813 1006 2972 1067 Item
3020 1010 3408 1087 quicumque

702 1118 852 1178 civis
912 1116 1105 1176 alium
1169 1119 1373 1177 civem
1435 1119 1772 1196 vituperiiS,
1820 1117 2134 1196 oprobriis
2194 1128 2304 1178 aut
2366 1119 2769 1179 contumeliis
2822 1117 3118 1194 affecerit,
3165 1123 3214 1181 si
3262 1121 3409 1181 inde

702 1231 1033 1290 convictus
1102 1230 1302 1304 fuerit,
1368 1229 1503 1291 leso
1576 1230 1801 1290 decem
1866 1249 2116 1309 pensa5,
2186 1233 2246 1292 in
2316 1249 2704 1312 communes·
2765 1252 3082 1312 expensas
3149 1245 3409 1296 centum

703 1344 997 1404 denarios
1058 1344 1291 1418 solvat;
1352 1345 1460 1422 qui
1508 1346 1553 1404 si
1603 1355 1749 1423 post
1812 1347 2044 1406 trinam
2107 1349 2578 1408 correccionem
2645 1366 2714 1406 se
2777 1365 2906 1406 nou
2953 1347 3408 1422 emendaverit,

701 1458 889 1517 rebus
921 1457 1221 1518 omnibus
1254 1458 1314 1517 in
1350 1476 1696 1517 commune
1743 1458 2074 1537 applicatis
2119 1470 2430 1538 tanquam
2463 1461 2717 1521 infamis
2748 1460 2830 1520 de
2860 1462 3112 1521 civitate
3142 1463 3406 1539 turpiter

702 1570 1077 1648 expellatur.
1126 1569 1191 1631 Si
1240 1571 1379 1648 quis
1424 1573 1616 1630 etiam
1680 1570 1930 1650 alapam
1996 1571 2172 1633 alteri
2243 1573 2488 1634 dederit
2535 1574 2635 1634 vel
2681 1593 2794 1652 per
2839 1576 3042 1634 crines
3087 1574 3410 1634 maliciose

702 1685 984 1755 traxerit,
1030 1682 1306 1744 eandem
1352 1703 1587 1762 penam
1634 1689 1940 1764 paciatur,
1971 1688 2019 1746 si
2054 1705 2204 1747 vero
2247 1686 2382 1761 hec,
2415 1686 2622 1748 iudice
2669 1687 2932 1747 sedente
2963 1705 3082 1766 pro
3114 1686 3408 1747 tribunali

700 1795 797 1854 vel
846 1794 999 1855 alias
1062 1796 1450 1875 ubicumque
1498 1800 1556 1856 in
1607 1800 1741 1858 eius
1787 1809 2138 1877 conspectu
2185 1799 2249 1858 id
2294 1810 2662 1878 perpetrare
2723 1803 3194 1879 presumpserit,
3239 1818 3406 1878 pena

698 1907 877 1986 dupli
937 1908 1263 1987 plectatur,
1310 1910 1487 1990 quod
1532 1912 1579 1970 si
1628 1911 1752 1972 hoc
1797 1913 1859 1970 in
1910 1929 2182 1989 persona
2245 1911 2467 1972 iudicis
2529 1913 2626 1973 vel
2689 1915 3121 1992 cuiuscunque
3167 1915 3263 1973 sui
3309 1931 3404 1972 as-

700 2023 959 2082 sessoris
992 2021 1056 2081 id
1088 2024 1533 2094 attemtaverit,
1564 2023 1791 2084 decem
1841 2043 2086 2084 marcas
2133 2024 2368 2085 usualis
2412 2035 2674 2086 monete
2718 2045 2838 2104 pro
2883 2045 3051 2105 pena
3097 2024 3406 2097 exsolvat,

701 2133 879 2212 quod
911 2135 961 2194 si
994 2134 1305 2194 solvendo
1353 2154 1484 2195 non
1534 2137 1733 2208 fuerit,
1778 2155 2043 2197 manum
2090 2140 2357 2197 amittat.
2406 2139 2469 2200 Si
2519 2139 2659 2214 quis
2707 2157 2857 2199 vero
2889 2138 3144 2210 cut0110‚
3175 2137 3411 2220 gladi0,

704 2247 929 2307 lancea
972 2257 1082 2310 aut
1129 2249 1355 2328 sagitta
1402 2261 1511 2308 aut
1558 2249 1773 2327 aliquo
1818 2250 1928 2310 tali
1978 2249 2179 2310 modo
2225 2251 2416 2311 alium
2465 2252 2890 2312 vulneraverit
2937 2261 2998 2310 et
3047 2251 3412 2311 vulneratus

700 2361 837 2420 sine
884 2360 1140 2421 defectu
1188 2361 1624 2422 membrorum
1671 2374 1998 2423 resanatus
2067 2363 2270 2436 fuerit,
2315 2364 2568 2424 medico
2617 2364 2723 2424 lesi
2773 2364 3113 2424 satisfaciat
3158 2375 3222 2424 et
3275 2364 3408 2424 leso

702 2473 916 2554 viginti
965 2474 1247 2551 quinque
1294 2491 1539 2553 pensas
1588 2478 1868 2555 quinque
1918 2495 2066 2535 vero
2113 2476 2196 2536 ad
2245 2494 2392 2538 usus
2437 2480 2705 2538 civitatis
2751 2478 3112 2556 persolvat3
3158 2478 3206 2537 si
3257 2495 3408 2537 vero

703 2588 767 2647 in
812 2588 1026 2666 aliquo
1089 2590 1523 2652 membrorum
1588 2590 1952 2653 debilitatus
2012 2593 2215 2665 fuerit,
2288 2592 2539 2652 medico
2605 2591 2711 2650 lesi
2777 2591 3118 2650 satisfaciat
3161 2600 3223 2650 et
3277 2590 3408 2650 leso

705 2699 929 2760 decem
977 2720 1223 2762 marcas
1268 2713 1329 2763 et
1376 2703 1459 2763 ad
1506 2723 1655 2765 usus
1700 2707 1966 2765 civitatis
2027 2706 2188 2765 duas
2251 2723 2497 2765 marcas
2567 2703 2902 2783 persolvat.
2954 2703 3019 2765 Si
3068 2705 3208 2782 quis
3257 2723 3410 2762 vero

700 2813 1026 2874 hominem
1096 2815 1477 2876 interfecerit
1544 2828 1608 2878 et
1676 2817 2028 2900 auffugerit,
2089 2819 2216 2879 due
2282 2830 2496 2897 partes
2567 2836 2775 2878 rerum
2845 2835 3102 2878 suarum
3173 2815 3410 2876 cedant

698 2928 1065 3007 parentibus
1127 2932 1336 3005 occisi,
1382 2950 1527 3010 pars
1589 2934 1780 2992 tercia
1839 2934 2092 2993 civitati.
2139 2932 2206 2995 Si
2252 2944 2468 2994 autem
2533 2943 2756 3010 captus
2805 2931 3006 3006 fuerit,
3051 2931 3407 2992 secundum

698 3042 1227 3103 consvetudinem
1289 3043 1371 3103 de
1432 3046 1571 3123 ipso
1633 3045 1912 3105 vindicta
1972 3056 2344 3119 summatur,
2393 3048 2506 3106 nisi
2557 3046 2698 3124 quis
2743 3046 2806 3104 in
2855 3044 3006 3104 ludo
3068 3046 3203 3104 sine
3269 3062 3408 3122 pre-

698 3155 1005 3216 meditata
1068 3158 1315 3218 malicia
1376 3156 1653 3236 aliquem
1724 3159 2123 3232 interfecerit,
2169 3160 2232 3218 in
2278 3158 2401 3218 hoc
2447 3162 2615 3219 enim
2666 3176 2815 3217 casu
2863 3168 3122 3217 centum
3167 3174 3404 3235 pensas

696 3271 984 3349 cognatis
1028 3271 1357 3342 interfecti,
1388 3272 1605 3350 viginti
1652 3290 1802 3332 vero
1848 3290 2080 3349 pensas
2125 3271 2208 3331 ad
2256 3289 2633 3331 communes
2676 3288 2827 3331 usus
2872 3270 3166 3330 refundat
3211 3271 3405 3329 inter-

696 3380 916 3455 fector,
962 3384 1057 3441 cui
1106 3385 1157 3442 si
1204 3383 1469 3444 facultas
1531 3404 1659 3443 non
1728 3386 2063 3458 suffecerit,
2109 3387 2340 3445 civium
2387 3384 2643 3443 arbitrio
2689 3384 3091 3462 relinquatur.
3141 3382 3308 3442 Item
3353 3384 3402 3441 si

696 3495 839 3571 quis
898 3494 982 3554 de
1042 3498 1363 3556 extraneis
1423 3500 1663 3559 intrans
1722 3500 2061 3571 civitatem,
2119 3500 2249 3557 sive
2297 3500 2359 3557 in
2406 3500 2563 3564 vico,
2609 3500 2739 3557 sive
2786 3500 2848 3557 in
2895 3497 3112 3566 dome,
3157 3498 3294 3555 sive
3340 3496 3402 3554 in

697 3605 839 3667 foro
902 3609 1144 3683 similia,
1190 3620 1257 3669 ut
1322 3629 1513 3689 supra
1576 3622 1867 3672 notatum
1931 3622 2043 3679 est,
2088 3612 2560 3690 perpetraverit,
2619 3630 2731 3689 per
2795 3608 3068 3670 iudicem
3131 3611 3404 3669 civitatis

697 3720 1010 3783 iudicetur
1070 3733 1132 3782 et
1194 3722 1437 3783 eisdem
1497 3728 1679 3803 penis
1738 3725 2063 3785 subiaceat
2123 3724 2651 3803 condempnatus.
2699 3720 2764 3784 Si
2815 3742 2964 3783 vero
3025 3740 3110 3781 ex
3180 3722 3406 3782 incolis

697 3833 965 3894 civitatis
1010 3835 1235 3914 aliquis
1265 3838 1395 3896 sive
1426 3848 1768 3899 extraneus
1799 3838 1960 3898 infra
1993 3840 2300 3899 terminos
2345 3838 2611 3898 civitatis
2642 3838 2706 3896 in
2737 3836 2904 3897 furto
2937 3835 3035 3895 vel
3069 3836 3403 3897 latrocinio

698 3946 1131 4025 deprehensus
1178 3949 1379 4022 fuerit,
1425 3969 1539 4029 per
1584 3952 1857 4012 iudicem
1905 3954 2173 4012 civitatis
2219 3953 2529 4029 puniatur.
2579 3950 2738 4010 Item
2786 3952 2836 4009 si
2883 3950 3025 4027 quis
3057 3960 3404 4008 extraneus

698 4060 973 4138 aliquem
1043 4062 1124 4122 de
1185 4064 1438 4124 civitate
1500 4066 1561 4124 in
1622 4084 1811 4125 causa
1872 4065 2237 4143 pecuniaria
2283 4064 2380 4124 vel
2426 4063 2594 4124 illata
2658 4064 2878 4123 iniuria
2941 4061 3204 4121 volverit
3248 4078 3402 4120 con-

698 4175 929 4245 venire,
974 4192 1190 4235 coram
1254 4175 1460 4237 iudice
1520 4178 1783 4237 civitatis
1842 4180 2183 4237 conveniat
2229 4187 2290 4237 et
2338 4177 2507 4237 nulla
2571 4194 2759 4237 causa
2819 4174 2902 4235 ad
2965 4174 3246 4234 duellum
3314 4176 3402 4234 iu-

699 4282 960 4361 dicetur,
1004 4288 1117 4348 sed
1179 4308 1291 4366 per
1351 4300 1544 4350 testes
1590 4300 1652 4349 et
1698 4291 2054 4351 iuramenta
2115 4291 2506 4363 terminetur,
2551 4292 2680 4349 sive
2726 4291 2805 4349 sit
2850 4306 2998 4349 cum
3067 4290 3408 4358 extraneiS,

696 4400 826 4459 sive
889 4420 1033 4462 cum
1102 4402 1413 4483 indigenis
1458 4414 1521 4464 et
1568 4404 1743 4482 quod
1805 4405 1919 4481 ipsi
1986 4413 2179 4463 testes
2239 4404 2420 4463 iurati
2467 4406 2526 4463 in
2576 4402 2965 4482 deponendo
3031 4404 3398 4464 testimonio

694 4512 1011 4592 sigillatim
1058 4534 1133 4575 ac
1179 4515 1573 4597 singulariter
1617 4520 2081 4579 examinentur.
2113 4519 2341 4580 Testes
2387 4529 2602 4579 autem
2650 4518 2934 4579 eiusdem
2981 4518 3287 4577 libertatis
3333 4528 3397 4577 et

694 4626 1108 4701 condicioniS,
1154 4631 1331 4689 cuius
1390 4640 1536 4691 sunt
1582 4632 1697 4705 isti,
1742 4642 2233 4692 assummantur.
2303 4631 2552 4691 Eodem
2617 4630 2836 4705 modo,
2880 4633 3011 4692 sive
3056 4642 3400 4691 extraneus

696 4741 973 4801 inveniat
1035 4743 1208 4821 apud
1272 4743 1526 4816 incolaS‚
1571 4745 1701 4803 sive
1762 4743 1972 4805 incola
2033 4746 2205 4824 apud
2267 4756 2608 4806 extraneos
2669 4764 2927 4823 equum,
2993 4745 3229 4804 bovem
3293 4754 3400 4804 aut

696 4851 940 4932 aliquas
986 4874 1088 4916 res
1134 4857 1406 4932 furtivas,
1453 4876 1706 4935 semper
1750 4865 1963 4931 testeS‚
2009 4868 2076 4917 ut
2123 4876 2314 4936 supra
2359 4857 2656 4931 diximuS‚
2701 4857 3152 4937 producantur.
3225 4856 3400 4921 Item.

696 4970 865 5029 cives
910 4970 992 5031 de
1037 4970 1321 5048 predicta
1367 4972 1620 5032 civitate
1664 4971 1759 5031 vel
1810 4970 2183 5051 iobagiones
2220 4970 2304 5031 de
2335 4970 2493 5030 villis
2537 4970 2620 5031 ad
2669 4972 2870 5049 ipsam
2917 4970 3395 5050 pertinentibus,

700 5100 825 5159 que
891 5101 1095 5162 prope
1163 5086 1543 5144 territorium
1612 5086 1806 5162 ipsius
1872 5085 2141 5144 civitatis
2210 5084 2439 5144 fuerint
2508 5085 2640 5157 site,
2689 5082 2916 5144 nullius
2985 5083 3219 5144 iudicio
3279 5084 3395 5143 nisi
