3797 5795
1540 415 1627 424 —-
1690 383 1817 446 399
1874 419 1950 426 —

1655 674 1847 756 875.

380 845 589 926 1266,
638 845 738 909 12.
788 844 1206 913 novembre.
1256 848 1315 914 U
1362 847 1669 932 Spljetu.

850 1037 1213 1100 Samos-tan
1261 1061 1355 1102 sv.
1408 1040 1797 1102 Benedz'kta
1847 1039 2138 1124 mzjenja
2187 1041 2354 1102 neke
2399 1041 2650 1122 zemlje.

559 1229 757 1292 Anno
818 1230 1063 1292 domini
1128 1232 1465 1294 millesimo
1528 1232 1972 1293 ducentesimo
2033 1235 2440 1314 sexagesimo
2488 1243 2694 1306 sext0‚
2748 1233 3097 1294 indictione

382 1362 576 1417 nona,
622 1343 726 1404 die
786 1343 926 1404 XII.
974 1346 1249 1405 intrante
1312 1345 1664 1420 novembri,
1730 1357 2039 1426 regnante
2101 1345 2369 1405 domino
2432 1355 2652 1406 nostro
2717 1345 2869 1408 Bela
2931 1365 3095 1408 sere-

380 1459 647 1518 nissimo
708 1475 857 1538 rege
922 1455 1269 1538 Hungarie,
1314 1458 1713 1537 temporibus
1773 1457 2018 1518 domini
2085 1456 2384 1536 Johannis
2451 1459 2828 1520 venerabilis
2895 1459 3096 1521 archi-

378 1573 665 1650 episcopi
735 1569 1143 1649 SpalatensiS,
1197 1571 1443 1631 domini
1511 1571 1783 1632 Rolandi
1858 1571 2106 1632 illustris
2177 1572 2382 1631 tocius
2448 1571 2788 1634 Sclauonie
2835 1574 2986 1633 bani
3031 1585 3096 1634 et

380 1686 635 1745 comitis
688 1681 1099 1762 Spalatensis‚
1145 1683 1454 1764 Johannis
1510 1683 1756 1758 vitalis,
1802 1683 1996 1766 Dragi
2066 1683 2297 1746 Sabaei
2365 1697 2428 1746 et
2493 1685 2773 1746 Pruoslai
2833 1685 3096 1747 Dabrali

386 1797 688 1861 iudicum.
735 1795 1017 1858 Domina
1065 1794 1349 1860 Chatena
1397 1798 1717 1858 abbatissa
1768 1799 2131 1858 monasterii
2166 1800 2368 1858 sancti
2401 1797 2726 1859 Benedicti
2774 1819 2900 1860 una
2940 1817 3090 1860 cum

386 1921 529 1972 toto
588 1927 707 1972 suo
768 1921 1093 1971 conuentu
1136 1909 1224 1971 ibi
1268 1921 1676 1992 congregato,
1720 1931 1837 1990 pro
1885 1911 2152 1971 utilitate
2199 1921 2264 1971 et
2309 1911 2591 1972 comodo
2631 1913 2824 1991 ipsius
2869 1931 3092 1972 mona-

384 2025 553 2084 sterii
600 2025 746 2085 fecit
792 2025 1309 2084 comutacionem
1354 2042 1501 2084 cum
1549 2024 1777 2084 clerico
1812 2023 2100 2102 Dyccoy.
2149 2023 2344 2086 Dedit
2378 2043 2657 2104 namque
2697 2027 2812 2104 ipsi
2861 2037 3092 2086 terram

386 2135 713 2214 quandam
761 2137 953 2215 ipsius
998 2138 1361 2197 monasterii
1410 2138 1685 2216 positam
1740 2137 1824 2196 ad
1882 2135 2224 2218 Logarone
2273 2149 2496 2216 suptus
2543 2139 2712 2198 uiam
2747 2155 3090 2199 comunem

384 2261 452 2310 et
517 2261 739 2330 suptus
806 2261 1039 2310 terram
1108 2248 1351 2312 Stefani
1420 2248 1638 2310 Duimi
1700 2260 1764 2310 et
1826 2253 2002 2310 iuxta
2067 2261 2297 2311 terram
2363 2249 2555 2332 Dragi
2626 2247 2968 2313 Comesole
3029 2261 3091 2310 et

385 2365 623 2442 recepit
683 2364 819 2443 ipsa
879 2363 1143 2424 domina
1202 2363 1523 2424 abbatissa
1571 2381 1718 2424 cum
1765 2339 2092 2424 conuentu
2138 2365 2220 2423 ab
2267 2363 2502 2424 eodem
2566 2361 2814 2440 Diccoy
2859 2373 3096 2424 terram

382 2479 659 2556 positam
707 2475 793 2536 ad
838 2493 1094 2536 crucem
1162 2478 1340 2537 iuxta
1408 2488 1643 2537 terram
1711 2476 1997 2537 eiusdem
2071 2478 2436 2538 monasterii
2485 2487 2549 2537 et
2595 2494 2798 2555 prope
2861 2486 3094 2536 terram

382 2587 635 2650 Alberti
697 2588 895 2669 Jancii
943 2601 1007 2650 et
1052 2608 1242 2668 super
1310 2591 1480 2649 uiam
1551 2588 1873 2668 publicam
1923 2600 1986 2649 et
2031 2573 2288 2669 insuper
2356 2589 2721 2669 quindecim
2791 2587 2984 2649 libras
3029 2599 3094 2648 et

385 2704 667 2782 quinque
728 2702 969 2762 solidos
1028 2702 1435 2763 denariorum
1498 2720 1841 2781 paruorum
1891 2702 1976 2762 de
2022 2702 2253 2781 quibus
2315 2705 2567 2763 uocauit
2613 2722 2680 2763 se
2726 2703 2896 2763 bene
2941 2720 3093 2762 con-

385 2825 629 2876 tentam
678 2825 743 2876 et
788 2825 1145 2894 paccatam.
1194 2812 1661 2896 Obligauerunt
1706 2827 1922 2876 autem
1970 2834 2038 2876 se
2083 2815 2241 2876 alter
2269 2834 2388 2893 pro
2419 2815 2620 2876 altero
2652 2814 2998 2876 defendere
3029 2826 3093 2876 et

382 2929 917 3009 discalumpniare
963 2930 1280 3010 predictas
1326 2941 1523 2990 terras
1567 2929 1650 2990 ab
1696 2931 1875 2990 omni
1920 2929 2183 2991 homine
2229 2929 2349 2989 sub
2395 2929 2786 3011 obligatione
2831 2948 3092 2989 suorum

383 3042 724 3104 bonorum.
771 3040 1012 3103 Actum
1056 3055 1152 3105 est
1202 3043 1325 3103 hoc
1370 3042 1543 3121 apud
1590 3045 2050 3103 monasterium
2111 3044 2312 3103 sancti
2382 3042 2710 3104 Benedicti
2755 3043 2875 3103 sub
2920 3044 3093 3103 testi-

386 3158 609 3216 monio
656 3154 877 3218 iudicis
925 3156 1215 3229 Priwslai‚
1262 3155 1504 3229 Dobrii,
1544 3154 1767 3235 Justoli
1815 3167 1878 3216 et
1925 3154 2250 3216 Leonardi
2296 3153 2643 3237 Crisogoni.

560 3268 703 3351 Ego
771 3270 993 3331 Petrus
1060 3272 1295 3331 iuratus
1364 3270 1647 3330 notarius
1714 3266 2107 3348 Spalatensis
2174 3267 2270 3329 his
2337 3268 2588 3329 interfui
2651 3278 2715 3329 et
2763 3280 2830 3329 ut
2876 3268 3092 3329 audiui

384 3384 603 3462 scripsi
650 3392 714 3443 et
760 3382 1080 3462 publicaui
1127 3382 1209 3443 de
1254 3382 1584 3443 uoluntate
1630 3382 1906 3460 partium
1955 3383 2296 3461 utriusque.

572 3575 872 3648 Orzginal
912 3595 951 3631 u
999 3572 1221 3631 arkivu
1267 3583 1625 3631 samostana
1672 3594 1761 3631 sv.
1809 3574 2044 3649 M'arg'je
2092 3594 2132 3631 u
2177 3575 2408 3632 Zadru.

1642 3950 1840 4033 876.

376 4127 579 4209 1266,
626 4127 735 4191 20.
783 4123 1213 4193 novembre..
1260 4126 1321 4191 Π
1364 4125 1704 4209 veneciji.

380 4316 720 4401 Rajnerz'j
783 4316 972 4379 Geno
1043 4316 1227 4378 duzas
1288 4316 1351 4377 V
1342 4314 1597 4402 eneczje
1654 4315 1909 4402 prijeti
1971 4315 2527 4379 Dubrovcfam'ma
2588 4316 2753 4379 radi
2807 4315 3084 4399 nast'lja,

1106 4427 1315 4513 kojz'm
1361 4450 1447 4491 su
1494 4428 1859 4512 adpremz'lz'
1896 4451 2099 4514 svoga
2145 4430 2374 4525 kneaa.

553 4622 884 4683 Rainerius
945 4620 1134 4683 Geno
1196 4621 1299 4683 dei
1359 4623 1559 4703 gratia
1624 4622 1929 4695 Venecie‚
1973 4620 2308 4683 Dalmacie
2367 4630 2563 4700 atque
2625 4617 2889 4683 Croacie
2935 4620 3088 4695 dux,

379 4734 683 4796 dominus
741 4744 967 4815 quarte
1026 4736 1223 4814 partis
1268 4744 1334 4795 et
1380 4732 1643 4795 dimidie
1701 4736 1900 4795 totius
1959 4736 2206 4814 imperii
2251 4736 2501 4795 romani
2544 4734 2934 4795 vniuersitati
2981 4751 3088 4794 co-

379 4848 707 4908 munitatis
754 4847 1073 4929 Ragusine
1119 4845 1415 4909 fidelibus
1459 4848 1586 4909 suis
1631 4847 1920 4908 salutem.
1968 4845 2146 4909 Sicut
2191 4867 2304 4926 per
2349 4847 2504 4908 alias
2550 4857 2800 4907 nostras
2845 4846 3086 4908 litteras

378 4960 564 5021 uobis
624 4959 901 5021 dicendo
962 4960 1263 5035 mitimus,
1320 4960 1633 5021 redeunte
1680 4960 1997 5022 Venecias
2041 4962 2179 5020 uiro
2241 4960 2437 5021 nobili
2478 4957 2772 5040 Johanne
2819 4958 3086 5038 Quirino

382 5073 619 5133 comite
665 5083 895 5147 uestr0‚
924 5092 1040 5152 per
1070 5072 1311 5133 dictum
1360 5075 1554 5152 ipsius
1584 5083 1649 5134 et
1680 5072 1950 5133 aliorum
1997 5074 2102 5151 qui
2152 5090 2298 5133 cum
2332 5092 2414 5133 eo
2445 5073 2698 5134 fuerunt
2730 5072 3086 5147 habuimuS‚
