3797 5795
1885 347 2253 408 *36*

721 645 851 702 exit
898 640 980 702 de
1026 661 1102 702 ea
1161 640 1246 701 ad
1313 659 1506 702 vnam
1569 643 1864 702 semitam
1933 650 1996 701 et
2060 659 2173 720 per
2232 659 2395 713 eam,
2455 640 2670 700 eundo
2736 639 3019 700 similiter
3079 641 3142 698 in
3202 639 3413 714 berch,

721 757 851 815 exit
895 754 980 816 ad
1026 754 1352 834 quandam
1402 764 1639 814 metam
1688 765 1752 814 et
1797 754 1880 814 ab
1926 773 2000 814 ea
2048 754 2217 814 cadit
2265 755 2327 813 in
2373 763 2565 832 caput
2613 752 2787 813 vallis
2834 756 3097 814 nomine
3130 752 3415 814 Horous-

723 867 913 928 touch
958 879 1022 929 et
1068 867 1326 928 ulterius
1368 877 1546 928 tenet
1608 878 1847 927 metam
1910 885 2055 928 cum
2119 865 2259 927 filiis
2317 877 2380 926 et
2444 869 2731 947 cognatis
2794 867 3121 940 Pestuani;
3186 867 3267 929 de
3313 889 3415 928 ca-

721 983 850 1060 pite
894 990 1110 1041 autem
1153 980 1321 1041 dicte
1367 980 1544 1040 vallis
1589 980 2007 1054 descendens,
2081 998 2306 1058 parum
2354 977 2639 1040 ascendit
2685 982 2746 1039 in
2794 978 2990 1040 berch
3036 978 3120 1040 ad
3162 991 3412 1059 partem

721 1093 1113 1166 orientalem,
1177 1093 1326 1153 inde
1387 1112 1502 1172 per
1561 1093 1758 1154 colles
1803 1103 1865 1152 et
1912 1093 2106 1152 valles
2151 1093 2366 1154 eundo
2426 1092 2791 1171 peruenitur
2852 1092 2936 1152 ad
2996 1103 3238 1153 metam
3296 1093 3417 1154 snb

723 1206 949 1267 arbore
1013 1206 1168 1268 tulfa
1231 1206 1560 1285 triplicata,
1607 1205 1841 1267 deinde
1889 1206 1973 1266 ad
2018 1217 2209 1285 caput
2257 1208 2517 1266 minoris
2562 1204 2884 1267 Desniche
2942 1216 3007 1266 et
3052 1225 3166 1284 per
3212 1209 3412 1285 ipsam

723 1319 937 1380 eundo
983 1319 1240 1380 inferius
1300 1319 1472 1378 cadit
1537 1321 1599 1378 in
1663 1321 1969 1379 maiorem
2031 1317 2417 1380 Desnicham
2482 1331 2542 1378 et
2613 1321 2675 1379 in
2737 1339 2813 1379 ea
2873 1318 3091 1380 eundo
3151 1321 3283 1380 exit
3330 1319 3412 1380 ad

725 1442 962 1492 metam
1011 1442 1282 1492 terream
1333 1433 1398 1490 in
1445 1431 1731 1510 planicie,
1793 1432 2012 1511 ibique
2073 1431 2301 1493 relictis
2368 1432 2507 1493 filiis
2569 1433 2864 1493 Pestuani
2931 1434 3147 1510 incipit
3196 1444 3413 1492 tenere

726 1556 964 1606 metam
1011 1562 1160 1604 cum
1194 1544 1426 1622 choy
1477 1542 1604 1604 filio
1651 1543 1868 1605 Borisa
1913 1553 1977 1604 et
2024 1544 2107 1604 ibi
2154 1545 2323 1605 cadit
2371 1548 2432 1604 in
2478 1564 2743 1624 paruam
2790 1545 3038 1616 vallem,
3086 1563 3212 1624 que
3242 1546 3417 1606 ducit

725 1659 786 1717 in
831 1657 1103 1718 riuulum
1150 1655 1472 1718 Desnicha
1517 1667 1578 1717 et
1625 1677 1738 1735 per
1783 1677 1927 1718 eam
1976 1657 2192 1718 eundo
2240 1657 2493 1718 inferius
2542 1661 2675 1718 exit
2706 1657 2791 1718 ad
2822 1658 3149 1738 quandam
3183 1657 3412 1718 vallem

725 1770 807 1831 ad
853 1781 1099 1850 partem
1147 1770 1538 1843 orientalem,
1586 1789 1712 1848 que
1757 1770 2039 1832 similiter
2086 1769 2259 1831 ducit
2305 1772 2588 1849 superius
2632 1771 2715 1831 ad
2776 1771 2972 1831 berch
3031 1772 3113 1832 ad
3178 1783 3417 1831 metam

727 1893 996 1944 terream
1061 1883 1276 1960 ibique
1337 1882 1504 1942 cadit
1553 1885 1614 1942 in
1664 1901 1962 1964 magnam
2036 1883 2264 1943 vallem
2327 1894 2391 1944 et
2438 1885 2499 1942 in
2548 1884 2681 1961 ipsa
2727 1883 2942 1944 eundo
2988 1884 3243 1944 inferius
3287 1887 3419 1944 exit

725 1996 809 2056 ad
853 1996 1180 2076 quandam
1230 1996 1458 2056 vallem
1505 2015 1766 2075 paruam
1817 2007 1879 2056 et
1942 2015 2054 2074 per
2102 1996 2271 2057 illam
2334 1996 2547 2056 eundo
2611 1999 2743 2056 exit
2804 1995 2887 2056 ad
2948 1996 3143 2057 berch
3204 2016 3420 2057 uersus

728 2109 1058 2170 meridiem
1106 2109 1188 2168 ad
1237 2119 1478 2169 metam
1525 2109 1643 2170 sub
1689 2111 1915 2169 arbore
1978 2109 2178 2186 nyrfa‚
2248 2111 2422 2168 iuxta
2484 2121 2714 2169 terram
2782 2107 3025 2187 Coyani
3090 2109 3421 2170 descendit

727 2225 790 2282 in
837 2221 1067 2283 vallem
1117 2269 1128 2280 .
1178 2270 1188 2280 .
1239 2269 1250 2280 .
1301 2269 1311 2280 .
1366 2270 1376 2281 .
1440 2233 1505 2282 et
1551 2224 1610 2282 in
1661 2241 1736 2282 ea
1783 2220 1999 2282 eundo
2060 2240 2284 2300 parum
2354 2223 2486 2281 exit
2549 2224 2611 2281 in
2657 2240 2781 2281 vna
2832 2221 3083 2282 modica
3129 2223 3292 2283 ualle
3338 2222 3421 2282 ad

729 2335 921 2396 berch
981 2347 1044 2396 et
1090 2334 1240 2395 inde
1288 2335 1525 2395 directe
1573 2335 1744 2394 vadit
1806 2334 1889 2394 ad
1954 2346 2191 2395 metam
2254 2334 2375 2394 sub
2433 2334 2661 2394 arbore
2720 2333 3120 2405 berekenefa,
3188 2335 3421 2396 deinde

727 2451 904 2509 iuxta
950 2458 1184 2508 terram
1233 2444 1469 2530 Vde(z)
1517 2447 1685 2508 cadit
1733 2449 1795 2506 in
1843 2447 2073 2507 vallem
2121 2451 2381 2507 nomine
2428 2446 2770 2507 Predelech
2838 2461 2899 2507 et
2950 2450 3010 2508 in
3072 2467 3145 2508 ea
3207 2449 3421 2508 eundo

729 2563 861 2622 exit
907 2581 1020 2640 per
1065 2561 1394 2640 quandam
1441 2561 1668 2621 vallem
1717 2579 1983 2639 paruam
2030 2559 2111 2620 ad
2162 2571 2401 2620 metam
2449 2571 2717 2620 terream
2768 2563 2941 2621 iuxta
2975 2563 3162 2634 uiam,
3207 2563 3419 2640 ibique

731 2694 844 2753 per
886 2676 1056 2734 uiam
1122 2673 1337 2734 eundo
1398 2677 1460 2733 in
1521 2673 1714 2733 berch
1775 2676 2141 2752 peruenitur
2200 2673 2281 2734 ad
2330 2674 2562 2745 locum,
2632 2673 2739 2734 ubi
2802 2673 3143 2734 reflectitur
3206 2693 3426 2734 uersus

733 2788 1105 2848 orientalem
1175 2799 1423 2865 partem
1486 2786 1568 2847 ad
1637 2786 1796 2847 duas
1866 2797 2085 2855 metaS,
2155 2805 2425 2865 quarum
2498 2805 2617 2846 vna
2678 2797 2775 2846 est
2838 2786 3088 2848 Martini
3160 2789 3426 2860 comitis,

732 2902 926 2962 altera
959 2900 1214 2983 Vde(z),
1265 2902 1478 2980 ibique
1525 2901 1742 2961 relicto
1793 2897 2031 2981 Vde(z)
2094 2911 2269 2960 tenet
2332 2911 2570 2961 metam
2616 2919 2763 2961 curn
2812 2900 3147 2961 Mortunus
3193 2912 3257 2960 et
3302 2920 3413 2979 per

731 3015 1068 3093 planiciem
1115 3014 1352 3074 directe
1399 3013 1614 3073 eundo
1659 3013 1828 3073 cadit
1876 3014 1939 3072 in
1988 3012 2377 3073 Desnicham
2426 3015 2487 3073 in
2537 3024 2706 3073 meta
2754 3014 2873 3073 sub
2920 3014 3147 3073 arbore
3177 3013 3259 3073 de
3292 3016 3428 3091 piro

735 3140 798 3187 et
845 3126 1233 3187 transeundo
1294 3126 1564 3187 riuulum
1630 3126 1805 3186 uadit
1870 3128 2031 3186 inter
2093 3126 2251 3187 duas
2312 3128 2605 3204 antiquas
2673 3128 2985 3186 sessiones
3046 3126 3284 3186 directe
3344 3126 3427 3184 ad

738 3252 1022 3299 montem
1071 3239 1154 3299 ad
1200 3239 1359 3300 duas
1407 3250 1625 3311 metam,
1672 3258 1943 3318 quarum
1992 3257 2112 3298 vna
2158 3250 2253 3299 est
2290 3238 2540 3299 Martini
2590 3242 2855 3310 comitis,
2904 3239 3098 3299 altera
3148 3239 3425 3311 Mortun‚

737 3353 970 3413 deinde
1015 3351 1345 3413 descendit
1391 3354 1454 3413 in
1499 3353 1732 3412 siccam
1783 3352 2011 3412 vallem
2058 3364 2121 3412 et
2169 3353 2251 3412 ibi
2302 3352 2584 3412 tenendo
2632 3367 2870 3412 metam
2917 3370 3065 3412 cum
3122 3351 3425 3414 Othmich

736 3466 1021 3543 procedit
1071 3466 1325 3525 inferius
1371 3483 1572 3542 usque
1617 3464 1700 3524 ad
1748 3465 1979 3534 locum,
2026 3465 2129 3525 vbi
2176 3468 2307 3524 exit
2355 3468 2415 3524 in
2466 3483 2591 3525 una
2637 3465 2797 3525 valle
2858 3464 2941 3524 ad
3004 3464 3164 3525 duas
3210 3476 3429 3537 metaS,

739 3596 1005 3657 quarum
1055 3597 1175 3637 vna
1225 3590 1318 3637 est
1366 3580 1557 3657 ipsius
1621 3577 1893 3650 Martini,
1957 3578 2151 3637 altera
2215 3576 2518 3639 Othmich
2580 3579 2756 3637 iuxta
2832 3580 3021 3651 uiam,
3086 3596 3201 3656 per
3260 3579 3429 3638 uiam

738 3691 953 3752 eundo
999 3692 1364 3770 peruenitur
1410 3694 1636 3751 iterum
1686 3690 1768 3749 ad
1816 3690 1976 3750 duas
2024 3701 2243 3761 metas,
2292 3709 2560 3769 quarum
2608 3709 2729 3749 vna
2776 3701 2869 3749 est
2916 3688 3175 3751 Gordus
3227 3689 3430 3750 fratris

738 3806 849 3878 sui,
895 3804 1089 3865 altera
1137 3804 1402 3883 predicti
1451 3803 1746 3875 Otmich;
1794 3803 1943 3863 inde
1990 3803 2159 3863 cadit
2206 3804 2268 3863 in
2318 3804 2639 3882 quandam
2690 3802 2917 3862 vallem
2988 3815 3049 3863 et
3114 3822 3227 3881 per
3288 3822 3431 3862 eam

740 3918 1138 3979 descendens
1185 3917 1352 3978 cadit
1400 3920 1460 3976 in
1506 3917 1777 3977 riuulum
1825 3916 2143 3977 Desnicha
2190 3928 2253 3976 et
2301 3936 2413 3995 per
2460 3917 2660 3994 ipsam
2694 3915 2909 3976 eundo
2941 3918 3073 3976 exit
3107 3917 3169 3975 in
3203 3916 3430 3976 vallem

740 4033 1000 4092 nomine
1050 4030 1462 4108 Hymellinna
1522 4040 1586 4090 et
1630 4029 1806 4089 vadit
1865 4030 1947 4089 ad
2010 4040 2200 4108 caput
2247 4029 2551 4097 eiusdem,
2614 4030 2826 4108 ibique
2872 4041 3017 4089 sunt
3067 4028 3193 4089 due
3242 4040 3431 4097 mete,

740 4162 1005 4223 quarum
1058 4162 1179 4203 vna
1227 4140 1742 4215 GorduS,·altera
1791 4142 2097 4220 Stephani
2149 4142 2430 4223 Vngari;
2498 4142 2647 4202 inde
2693 4142 2775 4203 ad
2824 4145 2991 4202 uiam
3041 4145 3161 4203 itur
3207 4143 3429 4202 iterum

741 4256 822 4316 ad
870 4257 1028 4317 duas
1077 4267 1298 4325 metaS,
1357 4255 1589 4316 abhinc
1636 4274 1749 4333 per
1795 4256 1961 4314 uiam
2012 4254 2225 4314 eundo
2273 4274 2491 4315 uersus
2554 4255 2879 4315 meridiem
2944 4258 3311 4333 peruenitur
3355 4255 3435 4314 ad

741 4369 900 4429 duas
946 4380 1168 4437 metas,
1229 4387 1498 4447 quarum
1545 4387 1667 4427 vna
1715 4379 1808 4427 est
1856 4364 2131 4440 Gordus,
2177 4368 2371 4427 altera
2419 4368 2745 4445 Stephani,
2813 4367 3047 4428 deinde
3116 4371 3291 4428 iuxta
3340 4367 3436 4427 sil-

743 4481 954 4542 uulam
1005 4501 1116 4560 per
1178 4499 1441 4559 paruam
1505 4481 1738 4540 uallem
1808 4480 2138 4539 descendit
2208 4479 2290 4540 ad
2362 4491 2601 4541 metam
2664 4481 2782 4541 sub
2842 4482 3069 4541 arbore
3130 4480 3435 4562 gestansa,

741 4594 975 4654 abhinc
1019 4597 1198 4653 iuxta
1243 4594 1526 4654 fenetum
1574 4595 1768 4672 ipsius
1813 4591 2072 4653 Gordus
2117 4612 2230 4670 per
2275 4604 2479 4653 metas
2539 4596 2600 4653 in
2664 4612 2927 4654 nemore
2990 4593 3205 4654 eundo
3266 4594 3436 4655 cadit

743 4709 803 4767 in
853 4704 1198 4773 Gruseuch,
1259 4710 1364 4785 qui
1429 4706 1712 4786 distingit
1775 4704 2006 4765 limites
2052 4703 2473 4767 Grassanicha
2534 4719 2595 4767 et
2658 4705 2870 4788 Garig‚
2932 4726 3044 4785 per
3104 4704 3429 4767 Gruseuch

743 4830 958 4879 autem
1019 4819 1234 4879 eundo
1297 4820 1660 4897 peruenitur
1727 4818 1810 4878 ad
1877 4830 2070 4896 caput
2139 4819 2425 4879 eiusdem
2494 4822 2718 4880 iterum
2788 4820 2871 4879 ad
2942 4832 3179 4880 metam
3248 4822 3437 4899 ipsius

745 4932 996 4992 Martini
1046 4934 1313 5007 comitiS,
1361 4933 1574 5009 ibique
1621 4932 1740 4991 sub
1787 4930 2068 5010 quadam
2116 4933 2296 4991 vinea
2344 4933 2757 5013 progrediens
2809 4932 2977 4993 cadit
3025 4934 3087 4992 in
3136 4952 3434 5015 magnam

745 5048 908 5104 viam
956 5055 1017 5105 et
1065 5064 1178 5123 per
1223 5048 1424 5123 ipsam
1489 5044 1704 5104 eundo
1774 5045 1964 5125 longe
2034 5046 2093 5103 in
2165 5044 2358 5104 berch
2428 5048 2795 5124 peruenitur
2862 5045 2943 5106 ad
3014 5056 3251 5107 metam
3324 5048 3439 5107 sub
