3797 5795
1791 397 2209 460 —355—

645 587 816 650 bulla
848 588 1152 667 plumbea
1184 607 1330 648 cum
1365 586 1472 648 filo
1505 589 1689 648 sirico
1719 587 2061 666 pendente,
2094 599 2162 646 ut
2192 586 2539 665 predicitur
2569 604 2704 646 non
2736 586 2992 657 abrasiS,
3026 605 3157 647 non
3200 587 3360 645 abo-

642 702 781 775 litis,
827 720 946 762 nec
992 703 1056 761 in
1100 700 1311 780 aliqua
1357 720 1573 762 earum
1609 713 1789 779 parte
1835 702 2159 778 suspectis,
2205 700 2289 760 ab
2330 701 2507 759 omni
2539 718 2798 777 prorsus
2828 701 2981 759 vitio
3014 711 3077 760 et
3110 701 3350 777 suspic-

645 817 818 874 tione
863 814 1241 888 carentibus,
1286 816 1347 874 in
1396 816 1714 893 presentia
1761 813 2137 874 venerabilis
2171 815 2277 872 viri
2313 812 2559 872 domini
2594 860 2605 870 .
2642 860 2651 870 .
2700 812 2911 872 vicarii
2942 815 3353 891 suprascripti

643 946 768 988 una
816 945 964 987 cum
1009 928 1436 1006 suprascripto
1485 926 1717 987 Lentio
1765 937 1827 986 et
1874 925 2273 1004 infrascripto
2321 923 2638 1006 Gregorio
2706 926 2964 985 notariis
3026 924 3173 998 vidi,
3218 924 3343 1006 legi

645 1050 707 1101 et
754 1039 1024 1100 fideliter
1067 1039 1388 1100 ascultaui.
1437 1038 1562 1117 Qui
1609 1038 1911 1099 dominus
1958 1040 2222 1098 vicarius
2254 1055 2655 1119 cognoscens
2686 1036 2927 1098 dictum
2969 1038 3343 1116 exemplum

646 1171 794 1213 curn
841 1154 966 1212 suis
1011 1151 1419 1233 originalibus
1463 1151 1798 1212 antedictis
1828 1173 1864 1212 a
1898 1152 2095 1212 verbo
2142 1150 2225 1210 ad
2274 1134 2541 1212 verbnm
2588 1170 2703 1228 per
2746 1151 3034 1211 ordinem
3083 1170 3353 1211 concor-

646 1265 798 1326 dare
860 1277 922 1325 et
983 1275 1052 1325 ut
1111 1264 1322 1326 eidem
1384 1265 1687 1343 exemplo
1749 1275 2083 1342 tamquam
2146 1266 2274 1324 suis
2321 1263 2733 1344 originalibus
2800 1265 3100 1343 predictis
3167 1264 3347 1325 adhi-

646 1379 872 1438 beatur
925 1377 1008 1438 de
1075 1389 1289 1438 cetero
1357 1378 1548 1456 plena
1624 1377 1798 1452 fides,
1867 1396 2049 1438 suam
2119 1388 2183 1437 et
2250 1376 2631 1455 episcopalis
2690 1380 2860 1438 curie
2920 1377 3347 1439 Bononiensis

643 1493 1086 1551 auctoritatem
1135 1492 1508 1568 interposuit
1555 1501 1618 1550 et
1663 1491 2011 1552 decretum.
2060 1487 2255 1553 Cuius
2300 1488 2548 1549 domini
2596 1492 2803 1550 vicarii
2868 1491 3180 1551 mandato
3244 1510 3351 1551 me

645 1606 852 1682 ipsum
921 1615 1150 1663 testem
1219 1605 1574 1682 subscripsi,
1642 1605 2079 1681 suprascriptis
2146 1602 2503 1674 millesimO,
2567 1601 2911 1663 indictione
2981 1618 3047 1664 et
3120 1603 3223 1664 die
3288 1613 3353 1664 et

645 1717 1044 1796 presentibus
1089 1715 1276 1776 dictis
1321 1716 1606 1787 testibuS,
2652 1717 2663 1724 '

821 1833 981 1906 (δίς.
1017 1833 1168 1894 not.)
1218 1829 1358 1911 Ego
1391 1828 1735 1911 Gregorius
1781 1829 2107 1889 Benedicti
2156 1827 2239 1888 de
2288 1826 2465 1898 Caxi‚
2500 1829 2650 1888 civis
2682 1828 3121 1899 Bononiensis,
3154 1831 3351 1908 impe-

645 1944 778 2004 riali
837 1945 1214 2004 auctoritate
1271 1945 1568 2014 notariuS‚
1629 1944 2129 2020 suprascriptum
2191 1941 2567 2019 exemplum
2614 1942 2697 2002 ab
2745 1943 3158 2022 originalibus
3226 1944 3355 2003 suis

645 2056 949 2134 predictis
999 2056 1188 2116 literis
1235 2056 1602 2135 apostolicis
1646 2053 1919 2116 fideliter
1964 2053 2327 2132 exemplaui
2362 2064 2425 2114 et
2458 2055 2692 2132 scripsi,
2740 2055 2928 2115 nichil
2972 2055 3221 2116 addens
3250 2055 3354 2116 uel

648 2171 955 2241 minuens
987 2169 1165 2247 quod
1199 2180 1401 2229 mutet
1447 2187 1704 2229 sensum
1751 2168 1852 2229 uel
1900 2170 2251 2228 veritatem.
2326 2167 2409 2227 Et
2454 2167 2875 2244 postmodum
2923 2169 2985 2227 in
3036 2171 3353 2246 presentia

644 2281 795 2341 dicti
842 2280 1086 2341 domini
1135 2281 1344 2341 vicarii
1389 2300 1510 2340 vna
1543 2299 1688 2341 cum
1724 2281 2156 2358 suprascripiis
2190 2279 2423 2340 Lentio
2471 2290 2535 2340 et
2582 2279 2852 2340 Nicolao
2901 2284 3163 2341 notariis
3210 2281 3357 2356 vidi,

647 2395 769 2475 legi
815 2403 878 2454 et
926 2393 1193 2454 fideliter
1240 2393 1563 2456 ascultaui.
1613 2392 1738 2470 Qui
1773 2393 2075 2452 dominus
2106 2394 2372 2452 vicarius
2418 2411 2820 2472 cognoscens
2851 2393 3095 2454 dictum
3128 2413 3351 2455 exem-

645 2505 822 2584 plum
868 2524 1016 2565 cum
1064 2508 1191 2566 suis
1237 2506 1644 2586 originalibus
1691 2505 2026 2566 antedictis
2072 2504 2155 2565 de
2200 2505 2400 2566 uerbo
2448 2505 2533 2564 ad
2580 2506 2847 2566 uerbum
2894 2525 3009 2584 per
3056 2507 3347 2566 ordinem

645 2619 1036 2679 concordare
1083 2629 1145 2678 et
1193 2629 1261 2678 ut
1329 2619 1539 2680 eidem
1609 2619 1914 2696 exemplo
1984 2628 2315 2697 tamquam
2385 2620 2514 2678 suis
2582 2619 2989 2700 originalibus
3054 2619 3356 2698 predictis

643 2731 1019 2792 adhibeatur
1065 2731 1147 2791 de
1193 2741 1407 2792 cetero
1454 2733 1643 2811 plena
1691 2731 1868 2804 fides,
1926 2749 2107 2791 suam
2156 2742 2219 2790 et
2273 2731 2655 2809 episcopalis
2716 2733 2885 2800 curie
2932 2731 3356 2792 Bononiensis

635 2846 1082 2906 auctoritatem
1131 2847 1506 2924 interposuit
1551 2856 1615 2906 et
1663 2845 2009 2906 decretum.
2059 2842 2263 2910 Cuius,
2299 2845 2548 2905 domini
2598 2846 2802 2905 vicarii
2868 2845 3179 2907 mandato
3244 2863 3352 2906 me

639 2961 702 3018 in
750 2970 976 3019 testem
1025 2959 1380 3037 subscripsi.
1427 2958 1564 3021 Sub
1625 2977 1815 3032 anno,
1879 2958 2244 3028 indictione,
2306 2957 2429 3026 die,
2476 2976 2714 3031 mense,
2765 2959 2927 3028 loco,
2979 2959 3245 3018 testibus
3294 2970 3362 3018 et

643 3070 1016 3149 pontificatu
1061 3071 1378 3150 predictiS,
1424 3082 1612 3150 prout
1659 3073 1944 3149 superius
1990 3082 2085 3130 est
2132 3090 2525 3148 expressum.

1912 3520 2107 3598 842.

651 3693 851 3769 1265,
900 3694 1007 3757 25.
1053 3691 1480 3759 novembro„
1525 3692 1584 3757 U
1630 3691 1987 3775 Zaqrebu.

651 3890 806 3951 Ban
861 3891 1139 3953 Roland
1176 3890 1524 3974 prept'suje
1570 3889 1604 3953 z·
1631 3892 2037 3975 potvrcljuje
2084 3890 2321 3953 lis-tine
2367 3890 2849 3975 zqgrebac'koga
2914 3898 3183 3975 §upana
3246 3890 3353 3952 Tc·-

645 4002 906 4086 burctja
962 4008 1219 4079 (1260.)
1270 4003 1303 4065 ι’
1345 4004 1664 4066 Martz'na
1713 4008 1934 4079 (1265.
2000 4008 2103 4092 25.
2171 4002 2446 4088 aprila),
2514 4002 2663 4086 koje
2707 4002 3031 4082 sadrfiaju
3082 4002 3356 4065 dobt’lak

1275 4116 1482 4179 nekz‘ll
1527 4118 1814 4199 zemalja
1858 4126 1942 4201 po
1990 4118 2202 4179 knezu
2250 4115 2662 4179 sldt'roslavu.

819 4310 958 4372 Nos
1005 4312 1335 4373 Rolandus
1382 4312 1586 4372 banus
1633 4314 1840 4371 tocius
1902 4310 2242 4373 Sclavonie
2309 4307 2740 4390 significamus
2800 4310 3033 4388 quibus
3095 4310 3357 4388 expedit

640 4423 967 4498 uniuersis,
1011 4424 1192 4502 quod
1238 4420 1342 4483 filii
1383 4423 1612 4504 Jurgys
1661 4422 1951 4485 Volkota
1998 4436 2061 4483 et
2095 4421 2482 4495 Volkuzlou,
2527 4440 2603 4482 ac
2642 4421 2868 4484 Obrad
2915 4422 3080 4485 filius
3122 4422 3359 4503 Jurenk

640 4556 728 4596 ex
787 4554 915 4597 una
977 4545 1156 4616 parte
1219 4547 1281 4596 et
1341 4554 1562 4596 comes
1611 4536 1953 4597 Mirozlaus
2012 4536 2097 4595 ab
2156 4534 2354 4595 altera
2416 4554 2634 4596 coram
2696 4537 2882 4596 nobis
2944 4538 3360 4615 personaliter

641 4651 989 4718 constituti.
1035 4649 1223 4710 iidem
1263 4648 1548 4711 Volkota
1596 4660 1660 4709 et
1708 4647 2074 4709 Volkuzlou
2120 4668 2195 4708 ac
2244 4646 2470 4709 Obrad
2516 4648 2785 4710 confessi
2834 4660 3000 4721 sunt,
3046 4648 3353 4725 quasdam

643 4762 986 4841 particulas
1055 4774 1218 4823 terre
1287 4782 1512 4823 eorum
1573 4762 2033 4841 impignoratas
2083 4763 2199 4840 ipsi
2248 4760 2570 4835 MiroslaO,
2630 4780 2790 4840 quas
2856 4762 3169 4822 redimere
3230 4780 3358 4821 non

643 4884 992 4954 potuerunt
1037 4875 1122 4934 ab
1167 4876 1419 4942 eodem,
1467 4876 1794 4953 reliquisse
1841 4884 1905 4934 et
1938 4875 2191 4935 dedisse
2224 4874 2401 4934 dicto
2436 4874 2737 4935 Miroslao
2769 4886 2833 4935 et
2862 4878 2992 4936 suis
3024 4876 3364 4936 heredibus

645 4992 707 5048 in
757 4996 1138 5067 perpetuum
1201 4988 1658 5067 possidendam
1721 4988 1987 5065 pacifice
2052 5002 2114 5048 et
2178 4989 2410 5066 quiete,
2474 4990 2634 5048 sicut
2694 4989 2945 5066 plenius
3010 4992 3071 5049 in
3137 4990 3357 5049 litteris

648 5100 948 5177 Tyburcii
1012 5110 1074 5159 et
1145 5100 1399 5161 Martini
1480 5102 1792 5160 comitum
1861 5100 2382 5181 Zagrabiensium
2462 5101 2735 5161 uidimus
2802 5105 3128 5171 contineri,
3208 5122 3371 5180 quas
