3797 5795
1565 374 1831 439 —519
1894 410 1974 419 -—-

1676 788 1870 868 980.

416 947 623 1013 1269.
682 946 783 1031 (Iz
828 964 1012 1029 prve
1056 943 1226 1029 pole
1274 944 1598 1029 godino).

508 1134 687 1199 Bela
730 1135 970 1221 herceg
1009 1134 1328 1200 hrvatski
1357 1134 1755 1220 potvrdjuje
1792 1134 2067 1221 povelju
2113 1154 2232 1197 oca
2275 1153 2484 1218 svoga
2524 1132 2666 1195 dan
2713 1130 3006 1194 Berz'nu.
3115 1172 3123 1181 -

586 1328 738 1389 Bela
783 1328 887 1389 dei
931 1330 1131 1409 gratia
1200 1329 1394 1389 totius
1438 1318 1791 1401 Sclavonie‚
1852 1326 2178 1389 Dalmatie
2222 1336 2288 1387 et
2335 1323 2590 1389 Croatie
2636 1324 2774 1386 dux
2818 1322 3119 1385 omnibus

408 1458 671 1521 presens
728 1443 1031 1519 scriptum
1094 1442 1485 1503 intuentibus
1552 1440 1823 1503 sal-utem
1869 1442 1934 1502 in
1980 1443 2272 1501 omnium
2331 1439 2662 1501 salvatore.
2710 1435 2822 1499 Ad
2869 1438 3114 1497 univer-

406 1570 625 1615 sorum
672 1554 963 1614 notitiam
1012 1553 1237 1615 harum
1284 1556 1443 1615 serie
1488 1555 1782 1616 volumus
1826 1556 2172 1633 pervenire,
2235 1551 2413 1632 quod
2459 1550 2742 1631 hospites
2788 1546 2986 1610 nostri
3031 1548 3118 1609 de

408 1666 621 1745 Beryn
664 1676 729 1727 et
772 1665 860 1727 ad
890 1686 1033 1728 eam
1078 1669 1471 1747 pertinentes
1515 1667 1599 1728 ad
1646 1676 1933 1729 nostram
1979 1666 2362 1729 accedentes
2405 1664 2792 1744 presentiam
2838 1683 2876 1723 a
2921 1662 3115 1723 nobis

408 1778 725 1841 humiliter
766 1779 1192 1859 supplicando
1237 1781 1572 1859 petierunt,
1616 1789 1686 1840 ut
1732 1780 2128 1861 privilegium
2177 1778 2422 1839 domini
2467 1779 2632 1861 regis
2676 1777 2871 1855 patris
2917 1776 3115 1835 nostri

405 1890 715 1953 karissimi
782 1912 974 1972 super
1048 1893 1337 1955 libertate
1404 1894 1554 1971 ipsis
1627 1911 1933 1954 concessa
2008 1900 2230 1953 nostro
2305 1891 2714 1973 dignaremur
2781 1887 3111 1969 privilegio

403 2003 799 2066 confirmare.
846 2005 1169 2067 Petierunt
1214 2007 1425 2079 etiam,
1457 2015 1528 2066 ut
1557 2024 1675 2085 pro
1704 2006 1906 2067 tribus
1949 2004 2360 2085 ponderibuS,
2405 2022 2532 2084 que
2577 2002 2817 2063 debent
2861 1999 3119 2061 solvet-ea

404 2137 518 2197 per
591 2118 869 2200 singulas
942 2121 1323 2193 mansioneS,
1394 2120 1725 2179 annuatim
1800 2117 2168 2198 quindecim
2243 2116 2542 2178 denarios
2615 2113 2878 2175 banales
2954 2110 3113 2173 dare-

399 2240 788 2293 tenerentur.
837 2229 1032 2296 Cuius
1077 2230 1383 2314 privilegii
1428 2242 1615 2293 tenor
1659 2232 1802 2292 talis
1846 2240 1961 2291 est.
3109 2246 3116 2252 ·

575 2344 837 2420 (Slg'jea'i
879 2345 1097 2405 listina
1142 2345 1353 2422 ἀναξία
1399 2346 1551 2403 Bele
1594 2348 1681 2405 od
1708 2366 1773 2420 g.
1802 2348 1982 2404 1264.
2035 2348 2089 2401 9.
2129 2342 2495 2421 septembra,
2542 2341 2677 2415 koje
2721 2360 2801 2399 ne
2822 2341 3114 2417 priopc‘u-

383 2450 577 2525 jem0‚
604 2451 721 2525 jer
766 2469 846 2507 ne
888 2450 1089 2526 spada
1134 2469 1219 2507 na
1264 2452 1429 2525 nasu)

570 2558 711 2621 Nos
754 2560 1071 2641 siquidem
1114 2560 1411 2641 perlectis
1454 2562 1781 2623 tenoribus
1826 2560 2132 2642 privilegii
2180 2558 2428 2621 domini
2471 2560 2634 2641 regis
2662 2558 2860 2639 patris
2905 2556 3110 2619 nostri

394 2670 705 2734 karissimi
772 2675 1015 2752 ipssum
1075 2674 1471 2755 privilegium
1517 2674 1600 2735 de
1646 2674 1843 2735 verbo
1905 2674 1990 2735 ad
2049 2672 2319 2735 verbum
2377 2672 2780 2752 presentibus
2841 2672 3113 2733 fecimus

400 2786 605 2861 inseri,
651 2805 733 2849 eo
777 2787 918 2848 solo
982 2798 1231 2848 tantum
1296 2796 1563 2861 mutat0,
1624 2787 1802 2866 quod
1864 2806 1983 2867 pro
2029 2787 2230 2848 tribus
2275 2785 2684 2866 ponderibus,
2746 2804 2872 2865 que
2933 2786 3110 2864 prius

402 2917 549 2960 cum
612 2897 913 2984 statera(!)
975 2899 1444 2980 persolvebant,
1506 2900 1871 2978 quindecim
1937 2900 2235 2962 denarios
2303 2900 2568 2962 banales
2625 2897 2872 2960 solvere
2931 2908 3110 2960 tene-

401 3026 603 3074 antur.
649 3013 945 3075 Preterea
990 3015 1425 3075 concessimus
1470 3013 1731 3089 eisdem,
1764 3026 1829 3075 vt
1860 3014 2056 3077 iidem
2104 3015 2212 3095 qui
2257 3025 2406 3075 sunt
2449 3014 2570 3075 sub
2601 3015 2838 3074 comite
2883 3011 2966 3072 de
2997 3010 3110 3076 Se-

400 3127 655 3206 gustino
703 3128 1029 3188 constituti
1090 3126 1336 3188 allatori
1398 3128 1485 3189 nil
1548 3127 1702 3189 dare
1763 3138 2115 3189 teneantur.
2177 3129 2263 3192 Ut
2308 3129 2496 3208 igitur
2553 3126 2738 3187 huius
2781 3126 2870 3185 rei
2915 3127 3109 3187 series

398 3236 571 3298 salva
637 3247 702 3299 et
766 3240 1144 3300 inconcussa
1209 3249 1523 3320 perpetuo
1583 3251 1960 3319 perseveret,
2019 3240 2104 3301 ad
2148 3239 2680 3319 supplicationem
2741 3236 3100 3300 eorundem

398 3347 723 3429 hospitum
766 3353 832 3412 in
879 3353 1315 3413 testimonium
1362 3363 1427 3413 et
1472 3349 1960 3414 ratificationem
2007 3351 2312 3435 privilegii
2351 3352 2620 3433 predicti
2665 3353 2860 3432 patris
2905 3351 3112 3416 nostri

397 3459 707 3523 karissimi
750 3474 1080 3542 presentes
1124 3467 1555 3526 concessimus
1599 3464 1839 3526 litteras
1882 3465 2066 3547 sigilli
2097 3467 2296 3526 nostri
2342 3467 2696 3528 munimine
2741 3465 3114 3526 roboratas:

397 3571 638 3636 Datum
696 3595 814 3656 per
878 3595 1107 3639 manus
1173 3577 1548 3639 venerabilis
1606 3579 1802 3656 patris
1865 3578 2145 3640 Ladislai
2209 3580 2494 3658 episcopi
2552 3579 2892 3658 Tyniensis
2951 3575 3097 3638 aule

394 3697 613 3749 nostre
655 3689 1029 3765 cancellarii,
1073 3691 1283 3752 dilecti
1328 3700 1393 3752 et
1436 3690 1643 3752 fidelis
1672 3694 1887 3758 nostri.
1937 3690 2137 3754 Anno
2179 3691 2425 3754 domini
2471 3691 2810 3752 millesimo
2854 3689 3094 3752 ducen-

394 3801 625 3860 tesimo
672 3800 827 3863 LX⁰
870 3821 1047 3864 nono
1091 3802 1361 3864 ducatus
1406 3813 1625 3865 autem
1670 3805 1869 3865 nostri
1914 3823 2087 3865 anno
2133 3805 2360 3883 primo,
2527 3811 2532 3816 “

568 4009 636 4067 Iz
680 4011 927 4069 izvorne
962 4013 1224 4088 potvrde
1267 4013 1475 4089 kralja
1511 4014 1810 4090 Stjepana
1857 4016 1944 4072 od
1972 4035 2036 4089 g.
2091 4017 2266 4074 1270.
2315 4035 2358 4072 u
2403 4015 2496 4074 kr.
2546 4035 2644 4090 ug.
2695 4017 2823 4074 dri.
2876 4015 3110 4076 arkivu

396 4132 438 4170 u
484 4114 757 4172 Budtmu
804 4115 891 4200 Μ
954 4115 1025 4176 O.
1073 4117 1153 4174 D.
1202 4116 1273 4204 L.
1320 4136 1418 4178 no.
1471 4121 1597 4174 561.
1663 4118 1887 4192 (Stara
1932 4119 2047 4193 szg.
2098 4118 2182 4177 Ν
2232 4121 2306 4206 R.
2352 4119 2428 4177 A.
2471 4123 2636 4192 fasc,
2694 4123 2818 4178 612.
2867 4140 2960 4180 no,
3009 4123 3110 4195 2).

392 4216 668 4295 Prijepis
708 4227 791 4295 po
836 4219 1013 4277 istom
1065 4220 1273 4278 izwm
1319 4240 1361 4278 u
1405 4221 1772 4302 rukopisnoj
1807 4221 2004 4280 zbirci
2041 4223 2518 4301 Hevenesyffevos
2555 4224 2669 4283 vol.
2708 4228 2802 4283 29.
2851 4229 2975 4282 208
3018 4228 3096 4284 do

396 4322 516 4379 211.
562 4341 603 4380 u
646 4323 1071 4400 sveuc‘zlthnqj
1111 4323 1420 4382 bibli'otecz
1462 4346 1503 4383 u
1548 4327 1954 4403 Badimpes‘tae.
2143 4385 2148 4392 ,
2817 4341 2824 4348 “

469 4503 477 4513 ³
568 4426 758 4501 Fey'e'r
798 4427 952 4495 cad.
1000 4429 1147 4504 dipl.
1196 4429 1413 4504 Hung.
1461 4429 1571 4488 IV.
1621 4433 1674 4488 3.
1725 4433 2076 4487 529—530.
2113 4464 2196 4475 --
2226 4431 2604 4509 Kukuljevu‘
2638 4435 2788 4510 Reg.
2819 4455 2916 4494 no
2961 4439 3095 4493 995.
