3797 5795
102 184 113 661 -———--—÷———-—-rv-
103 20 113 163 -›-·-.-v-.

1865 326 2280 391 -140-.-

718 520 1007 593 intrante,
1084 520 1480 598 temporibus
1549 519 1791 579 domini
1864 516 2250 581 Columbani
2325 518 2697 579 venerabilis
2779 518 3080 597 episcopi,
3143 516 3414 576 Romani

715 632 951 693 Stoche
997 644 1057 692 et
1106 631 1343 710 Duymi
1407 630 1489 692 de
1550 629 1725 713 Cega
1786 632 2086 705 iudicum,
2145 631 2430 712 Tragurii
2507 630 2630 691 hoc
2673 640 2886 691 actum
2935 641 3046 690 est.
3115 627 3419 689 Pasculus

720 760 779 804 et
830 744 1048 805 Helias
1102 746 1300 805 ambo
1363 747 1583 806 fratres
1643 744 1747 806 filii
1810 745 2141 824 quondam
2201 743 2420 811 Berisii
2481 742 2746 809 Soldani
2807 762 2922 821 per
2981 742 3102 804 hoc
3157 760 3421 821 presens

718 858 1209 917 instrumentum
1256 870 1402 918 sunt
1456 858 1728 918 confessi
1776 869 1839 918 et
1888 857 2206 917 manifesti
2253 876 2322 916 se
2367 858 2679 935 recepisse
2723 876 2762 917 a
2807 858 3130 916 canonicis
3174 854 3420 934 Tragu-

716 970 1023 1030 riensibus
1071 969 1488 1050 quadraginta
1535 970 1724 1030 libras
1770 970 2178 1031 denariorum
2212 988 2555 1048 paruorum
2603 979 2998 1041 uenetorum,
3034 986 3152 1046 pro
3186 967 3421 1045 quibus

719 1084 979 1142 nomine
1025 1084 1265 1160 precise
1311 1094 1373 1143 et
1421 1082 1843 1143 irrevocabilis
1890 1082 2272 1143 venditionis
2334 1082 2576 1143 eisdem
2624 1083 2946 1142 canonicis
2993 1080 3417 1141 vendiderunt

717 1204 779 1252 et
830 1193 1143 1255 dederunt
1192 1196 1513 1273 quandam
1564 1207 1795 1256 terram
1843 1196 1962 1257 sibi
2010 1196 2141 1255 iure
2187 1194 2566 1255 hereditario
2610 1196 3053 1274 pertinentem,
3099 1195 3288 1253 sitam
3337 1192 3418 1251 ad

721 1308 929 1366 vicum
1012 1326 1199 1385 supra
1284 1323 1514 1368 terram
1598 1306 1841 1370 Stanne
1909 1308 2125 1369 relicte
2191 1308 2400 1368 Rosco
2469 1318 2532 1368 et
2602 1310 2778 1368 iuxta
2845 1308 3011 1366 viam
3103 1316 3419 1385 perpetuo

716 1419 1191 1496 possidendam,
1235 1421 1463 1481 dantes
1509 1424 1563 1482 ei
1612 1420 1867 1500 plenam
1931 1431 2315 1500 potestatem
2381 1421 2619 1481 dictam
2667 1432 2898 1481 terram
2946 1418 3224 1491 tenendi,
3272 1437 3420 1479 ven-

716 1531 929 1599 dendi,
1006 1533 1289 1594 donandi
1353 1545 1416 1595 et
1478 1534 1559 1594 de
1622 1537 1757 1613 ipsa
1834 1553 2096 1595 omnem
2159 1535 2553 1596 voluntatem
2616 1552 2796 1594 suam
2858 1531 3147 1605 faciendi,
3221 1550 3419 1610 quam

717 1655 945 1705 terram
994 1650 1419 1724 promiserunt
1465 1648 1615 1725 ipsis
1660 1650 1983 1708 canonicis
2013 1659 2075 1708 et
2105 1648 2233 1708 suis
2277 1646 2748 1708 successoribus
2791 1646 2875 1706 ab
2921 1647 3094 1705 omni
3144 1662 3420 1724 persona

715 1756 1226 1837 discalumpniari
1260 1778 1408 1820 cum
1442 1779 1700 1821 suorum
1736 1761 2054 1821 bonorum
2089 1763 2376 1821 omnium
2405 1760 2812 1841 obligatione,
2844 1772 2971 1819 tam
3008 1760 3420 1838 presentium,

720 1888 914 1947 quam
964 1871 1337 1942 futurorum,
1384 1876 1831 1933 renunciantes
1876 1877 2049 1934 omni
2120 1876 2482 1952 exceptioni
2545 1884 2610 1933 et
2673 1874 2847 1932 omni
2894 1873 3004 1932 iuri
3055 1870 3418 1949 capitularis

713 2000 833 2057 pro
881 2002 978 2057 e0‚
1026 1985 1203 2063 quod
1250 2005 1381 2045 non
1430 1986 1595 2046 facta
1628 1999 1722 2046 est
1758 1988 2000 2047 mentio
2033 1987 2114 2047 de
2147 1987 2439 2060 ureteniS,
2471 1986 2619 2065 quia
2652 1988 2785 2063 ipsa
2825 1995 2988 2044 terra
3035 2002 3154 2043 nec
3198 1984 3417 2063 augeri

712 2112 833 2154 nec
884 2099 1077 2157 minui
1141 2109 1372 2176 potest,
1418 2112 1479 2159 et
1526 2118 1644 2177 pro
1698 2101 1953 2160 cambio
2013 2111 2385 2177 receperunt
2431 2120 2470 2158 a
2516 2100 2840 2160 canonicis
2902 2115 3100 2157 unum
3148 2113 3410 2175 passum

708 2206 791 2267 de
844 2222 1007 2269 terra
1052 2230 1166 2289 per
1228 2210 1491 2292 longum
1552 2224 1615 2271 et
1676 2212 1962 2291 amplum
2027 2213 2199 2291 apud
2262 2211 2468 2272 Blatta
2517 2211 2598 2271 de
2645 2206 2953 2271 Pantano'.
2998 2210 3230 2271 Testes
3274 2219 3416 2267 sunt

710 2318 925 2382 Cerne
971 2320 1327 2392 Chualotte,
1374 2324 1747 2386 Sabaciolus
1792 2338 1855 2385 et
1903 2326 2003 2385 alii
2052 2325 2278 2404 plures.

892 2456 1199 2531 (Drugom
1248 2456 1492 2523 rukom)

892 2565 1031 2647 Ego
1076 2566 1374 2629 Silvester
1417 2568 1500 2629 de
1551 2568 1714 2631 Urso
1761 2571 2162 2629 examinator
2209 2587 2470 2630 manum
2519 2587 2731 2629 meam
2780 2568 2982 2627 mitt0.

894 2678 973 2739 Et
1020 2698 1142 2761 ego
1188 2678 1528 2741 Geruasius
1573 2683 1938 2741 communis
1983 2680 2271 2762 Tragurii
2317 2682 2554 2742 iuratus
2585 2681 2866 2741 notarius
2897 2700 2932 2740 a
2967 2677 3239 2740 Pasculo
3271 2695 3411 2737 cum

705 2791 903 2853 Helia
954 2791 1115 2853 hanc
1162 2804 1402 2853 cartam
1448 2797 1663 2872 scripsi
1712 2808 1775 2855 et
1820 2798 2006 2875 signo
2052 2805 2362 2855 consueto
2409 2796 2668 2875 signaui.

890 2913 1297 2990 (Adonogram
1346 2925 1493 2981 not.)

901 3107 1195 3180 original
1236 3128 1274 3164 u
1322 3108 1545 3166 arkiru
1592 3109 1839 3184 kaptola
1888 3130 1927 3165 u
1985 3110 2266 3181 Trogiru.

888 3212 1142 3268 Farlati
1187 3213 1500 3284 Illyricum
1546 3233 1811 3271 sacrum.
1858 3215 1902 3270 l
1908 3215 1966 3270 V.
2017 3216 2155 3268 346.
2190 3247 2276 3254 -—
2324 3214 2567 3270 H'e·nzel
2601 3213 2741 3270 Cad.
2774 3211 2918 3286 dipl.
2961 3210 3110 3285 Arp.
3147 3229 3280 3265 con.
3317 3208 3416 3263 XI.

716 3319 1031 3374 4139—70.
1082 3351 1163 3357 —
1216 3317 1589 3391 Kukuljew'c‘
1627 3319 1777 3390 Regu
1829 3337 1926 3376 no,
1984 3322 2117 3374 776.

1966 3625 2158 3704 648.

714 3755 917 3820 1259.

708 3943 887 4006 Bela
934 3945 1123 4028 kralj
1165 3945 1454 4030 ugarskt'
1497 3946 1529 4008 ι’
1566 3945 1885 4008 krvafskz'
1940 3947 2309 4031 dosudjuje
2367 3947 2822 4032 gradjam'ma
2868 3944 3102 4030 opc‘t'nc
3151 3943 3412 4008 Gradec

1666 4059 1909 4143 :emlju
1958 4061 2472 4124 Ambrozz'novu.

886 4253 1024 4314 Nos
1058 4249 1259 4331 mela)
1295 4254 1394 4313 dei
1430 4256 1638 4334 gracia
1672 4273 1785 4312 rex
1820 4254 1879 4314 V
1886 4255 2100 4334 ngat-ie
2149 4253 2580 4334 significamus
2633 4253 2930 4312 universis
2975 4253 3211 4328 quibus
3256 4253 3402 4311 scire

700 4367 1067 4441 expedierit
1114 4369 1511 4444 presencium
1561 4385 1675 4444 per
1720 4377 2029 4440 tenorem,
2077 4365 2255 4445 quod
2300 4383 2448 4426 cum
2499 4365 2780 4444 Perynus
2827 4376 3145 4425 mercator
3207 4367 3396 4444 requi-

704 4490 876 4538 reret
925 4481 1006 4540 de
1054 4480 1295 4540 civibus
1343 4481 1571 4539 nostris
1619 4479 1701 4539 de
1748 4493 1970 4539 monte
2017 4478 2226 4541 Grech
2276 4480 2360 4540 de
2407 4478 2711 4560 Zagrabia
2758 4490 2987 4538 terram
3035 4475 3392 4539 Ambrosini

700 4587 967 4652 duobus
1029 4595 1249 4653 aratris
1310 4592 1751 4656 sufficientem,
1811 4605 1873 4652 et
1932 4593 2210 4671 quedam
2258 4595 2676 4654 instrumenta
2737 4610 2924 4670 super
2967 4591 3196 4652 eadem
3245 4602 3392 4651 terra

701 4701 995 4766 exiberet
1042 4716 1101 4765 et
1152 4707 1301 4766 dicti
1355 4707 1521 4764 cives
1554 4724 1590 4765 e
1622 4723 1931 4765 converso
1979 4716 2265 4765 nostrum
2314 4705 2749 4766 exhibuissent
2795 4704 3188 4785 privilegium
3235 4703 3390 4764 bulla

704 4826 925 4877 nostra
956 4838 1145 4878 aurea
1177 4820 1566 4878 roboratum.
1602 4818 1657 4878 N
1665 4837 1738 4876 os
1769 4818 2106 4878 observare
2137 4818 2424 4878 volentes
2456 4820 2662 4897 ipsum
2695 4816 3089 4899 privilegium
3123 4833 3386 4878 nostrum

706 4927 883 4989 bulla
927 4951 1115 4991 aurea
1166 4933 1498 5002 munitum,
1543 4932 1873 5010 presertim
1921 4950 2066 4991 cum
2103 4932 2236 5009 ipsa
2282 4943 2446 4992 terra
2494 4933 2570 4992 sit
2615 4931 2776 4991 infra
2823 4943 3026 4992 metas
3072 4943 3232 4992 terre
3273 4948 3386 4990 me-

709 5055 956 5104 morate
1000 5046 1281 5112 civitatis,
1328 5063 1454 5122 que
1500 5059 1672 5104 mete
1720 5047 1779 5103 in
1829 5046 1967 5122 ipso
2013 5043 2338 5125 privilegio
2385 5045 2614 5103 civium
2663 5047 3087 5114 continentur,
3132 5043 3376 5105 eandem
