3797 5795
1817 314 2230 377 -274-—

661 507 898 585 poterit
944 518 1006 565 et
1055 505 1330 566 defendi.
1379 506 1448 565 In
1498 504 1798 565 omnibus
1861 506 2117 583 insuper
2180 507 2581 566 monasteriis
2652 508 2839 567 uestri
2888 506 3127 566 ordinis
3171 508 3377 567 cuius-

661 618 1356 698 cumque-conditionis
1401 620 1680 679 existant
1727 620 2099 679 visitationis
2146 617 2436 693 offitium,
2482 636 2603 679 nec
2648 637 2779 679 non
2813 629 2879 679 et
2908 618 3375 681 abbatissarum

660 732 1082 806 confirmatiO,
1127 732 1231 793 uel
1291 730 1633 793 infirmatio
1694 750 1808 810 per
1869 732 2145 793 eandem
2208 731 2493 813 regulam
2542 730 2671 793 fieri
2717 731 2885 793 adeo
2946 731 3217 811 prouide
3264 732 3376 793 de-

660 846 1066 918 mandantur,
1127 863 1203 905 ac
1249 847 1337 905 sic
1397 843 1772 905 familiarum
1837 846 2370 905 monasteriorum
2416 846 2607 905 uestri
2656 844 2897 905 ordinis
2942 862 3093 905 cura
3140 854 3205 904 et
3250 844 3375 905 sol-—

661 958 924 1019 licitudo
986 968 1200 1019 uestro
1261 960 1681 1018 committitur
1741 957 2064 1031 cardinali,
2111 957 2288 1035 quod
2334 959 2780 1037 perspicaciter
2844 959 3113 1019 intuenti
3158 968 3374 1037 potest

661 1071 904 1150 liquido
950 1089 1257 1150 apparere
1303 1089 1418 1149 per
1462 1072 1667 1149 ipsam
1726 1071 2014 1152 regulam
2076 1071 2433 1131 animarum
2480 1070 2664 1131 saluti
2710 1080 3086 1143 uestrarum,
3132 1070 3374 1131 ordinis

659 1185 997 1258 honestati,
1045 1184 1315 1245 libertati
1379 1202 1454 1245 ac
1515 1186 1832 1245 securitati
1893 1184 1959 1244 in
2020 1199 2349 1263 posterum
2405 1202 2601 1262 quam
2648 1184 2979 1245 salubriter
3024 1195 3088 1244 et
3138 1183 3373 1245 utiliter

657 1298 1046 1377 prouidetur.
1111 1298 1454 1359 Monemus
1501 1316 1618 1358 uos
1683 1298 1870 1378 igitur
1938 1306 2003 1357 et
2070 1314 2388 1379 rogamuS,
2450 1315 2525 1357 ac
2587 1306 2793 1358 uestre
2861 1296 3193 1359 deuotioni
3240 1315 3371 1377 qua

658 1430 1000 1491 possumus
1043 1411 1384 1473 affectione
1430 1411 1842 1492 suggerimuS,
1874 1411 2175 1489 quatinus
2220 1424 2582 1471 reuerenter
2626 1411 3045 1489 suscipientes
3078 1410 3367 1491 regulam

659 1525 1057 1604 prelibatam,
1105 1542 1300 1601 quam
1348 1524 1532 1584 uobis
1577 1523 1696 1584 sub
1745 1524 1941 1583 nostri
1986 1521 2167 1604 sigilli
2215 1524 2583 1584 testimonio
2628 1524 2957 1597 mittimuS,
3002 1542 3077 1583 ac
3127 1522 3368 1585 deuote

657 1651 972 1718 quantum
1003 1638 1304 1699 dominus
1330 1636 1576 1697 dederit
1599 1636 2017 1697 obseruantes
2049 1637 2551 1697 conuersationis
2575 1647 2783 1696 uestre
2808 1635 3365 1697 holocaustomata

657 1750 1007 1812 medullata
1051 1751 1140 1811 sic
1183 1753 1516 1829 patienter,
1555 1752 1644 1809 sic
1689 1748 1983 1811 modeste
2030 1751 2246 1829 sicque
2292 1748 2639 1827 prudenter
2684 1759 2748 1809 et
2794 1749 3087 1830 religiose
3132 1748 3365 1809 offerre

656 1866 1082 1942 omnipotenti
1131 1863 1398 1924 domino
1444 1861 1767 1935 studeatiS,
1813 1861 1991 1939 quod
2025 1865 2159 1942 ipse
2190 1862 2293 1922 illa
2326 1865 2387 1922 in
2422 1862 2623 1922 odore
2668 1865 2998 1923 suauitatis
3042 1865 3366 1941 accipiens

653 1996 874 2038 aurem
921 1994 1032 2037 sue
1078 1977 1329 2055 pietatis
1373 1978 1597 2037 uestris
1643 1977 2037 2051 orationibus
2082 1975 2431 2035 clementer
2476 1975 2752 2049 inclinet,
2800 1978 3099 2055 quatinus
3145 1988 3207 2037 et
3242 1996 3363 2036 nos

653 2093 880 2152 uestris
947 2090 1318 2151 utilitatibus
1385 2100 1639 2149 nostros
1706 2088 1959 2149 labores
2034 2087 2372 2149 liberaliter
2445 2101 2865 2167 exponentes,
2934 2107 3059 2166 que
3129 2089 3363 2149 fuerint

653 2214 920 2282 accepta
965 2204 1180 2285 diuine
1225 2204 1572 2263 maiestatis
1619 2202 1818 2263 oculis
1865 2201 2247 2281 impleamus
2294 2220 2539 2280 uosque
2584 2204 2897 2281 premium
2933 2202 3365 2263 retributionis

653 2328 874 2377 eterne
940 2318 1192 2395 possitis
1261 2315 1529 2393 prouide
1597 2316 1963 2394 promereri.
2014 2312 2314 2377 Ceterum
2383 2314 2697 2389 uolumuS,
2761 2314 2940 2394 quod
3006 2325 3254 2375 nostras
3298 2328 3366 2377 et

653 2429 921 2507 predicti
989 2428 1300 2510 generalis
1369 2430 1629 2488 ministri
1700 2428 1937 2488 litteras
2004 2427 2375 2506 prouinciali
2446 2428 2733 2487 ministro
2796 2427 3366 2489 administrationis

653 2540 998 2604 Sclauonie
1043 2542 1333 2607 directas,
1379 2560 1498 2602 nec
1545 2560 1674 2601 non
1723 2555 1787 2601 et
1834 2558 1995 2619 quas
2041 2542 2236 2601 etiam
2280 2551 2495 2600 uestro
2544 2542 2845 2601 visitatori
2900 2540 3245 2623 dirigimus,
3291 2552 3361 2601 ut

654 2656 841 2715 uobis
887 2656 1142 2727 clareat,
1187 2655 1454 2733 quando
1499 2666 1562 2713 et
1609 2674 1727 2732 pro
1774 2653 2006 2733 quibus
2050 2653 2243 2725 iidem
2288 2653 2684 2732 prouintialis
2732 2655 3034 2727 minister,
3079 2655 3363 2714 visitator

652 2780 715 2828 et
763 2769 987 2829 fratres
1033 2790 1070 2829 a
1118 2768 1304 2829 nobis
1371 2768 1604 2828 fuerint
1671 2766 2033 2845 requirendi
2081 2777 2143 2827 et
2190 2768 2279 2827 eis
2326 2770 2551 2827 uestris
2597 2766 2961 2827 commodis
3029 2766 3365 2827 intendere

651 2881 857 2957 liceat,
903 2884 964 2944 in
1013 2882 1274 2964 singulis
1321 2882 1544 2942 uestris
1603 2879 1932 2942 transcribi
1994 2881 2395 2941 monasteriis
2439 2880 2699 2942 faciatis.
2746 2876 2854 2942 Ad
2902 2880 3021 2941 hcc
3065 2880 3251 2941 uobis
3295 2881 3361 2942 in

652 2997 882 3056 uirtute
951 2995 1316 3056 obedientie
1385 2994 1665 3055 districte
1734 2993 2147 3073 precipiendo
2216 2995 2609 3073 presentium
2669 3007 2893 3056 tenore
2958 2994 3363 3063 mandamus,

649 3111 950 3186 quatinus
1011 3111 1144 3168 viro
1205 3107 1496 3186 prouidO,
1557 3108 1726 3167 fratri
1777 3155 2157 3169 .......
2207 3107 2445 3168 ordinis
2506 3107 2850 3177 Minorum,
2895 3120 3229 3187 assumpto
3277 3107 3362 3168 de

651 3223 961 3282 mandato
1021 3220 1288 3300 predicti
1347 3221 1658 3301 generalis
1720 3221 1985 3282 ministri
2030 3220 2113 3280 ad
2175 3232 2382 3280 uestra
2446 3223 2831 3282 monasteria
2876 3219 3211 3294 uisitanda,
3256 3222 3359 3281 cui

646 3346 712 3393 et
784 3354 902 3395 nos
971 3336 1343 3396 visitationis
1411 3333 1680 3394 offitium
1753 3335 1919 3394 circa
1989 3345 2199 3394 uestra
2270 3336 2657 3394 monasteria
2725 3333 2843 3393 sub
2908 3345 3081 3394 certa
3149 3334 3359 3394 forma

647 3445 952 3508 duximus
1011 3446 1568 3520 committendum,
1629 3448 1691 3506 in
1755 3446 2069 3520 omnibus
2132 3465 2257 3524 que
2318 3445 2402 3507 ad
2450 3445 2621 3507 idem
2684 3446 2957 3508 offitium
3018 3449 3359 3526 pertinent,

647 3558 1008 3620 intendatis.
1057 3560 1295 3620 Forma
1328 3578 1480 3620 uero
1514 3562 1826 3620 cautionis
1870 3559 2173 3638 predictis
2219 3557 2513 3619 fratribus
2546 3580 2583 3620 a
2615 3559 2799 3620 uobis
2843 3559 3191 3638 prestande
3237 3559 3358 3620 hec

645 3683 779 3733 est:
846 3672 981 3732 Nos
1041 3673 1183 3733 talis
1243 3672 1566 3733 abbatissa
1611 3683 1674 3732 et
1719 3690 1970 3732 sorores
2028 3672 2171 3732 talis
2218 3673 2578 3732 monasterii
2628 3692 2745 3750 pro
2792 3672 2979 3732 nobis
3023 3683 3087 3733 et
3132 3691 3358 3733 mona-

645 3787 841 3846 sterio
909 3797 1128 3846 nostro
1198 3785 1486 3854 dicimus,
1533 3785 1914 3846 confitemur
1976 3797 2039 3845 et
2099 3787 2292 3846 etiam
2363 3787 2899 3866 recognoscimuS,
2945 3785 3123 3863 quod
3190 3784 3355 3845 ordo

645 3895 910 3959 fratrum
961 3898 1284 3959 Minorum
1317 3898 1419 3958 uel
1451 3899 1672 3959 fratres
1717 3898 2003 3959 eiusdem
2052 3897 2291 3958 ordinis
2336 3899 2523 3958 nobis
2552 3918 2665 3959 seu
2697 3901 3087 3960 monasterio
3132 3907 3355 3960 nostro

642 4025 758 4071 seu
827 3995 1115 4090 personis
1182 4013 1246 4072 in
1315 4031 1395 4072 eo
1465 4010 1846 4093 degentibus
1912 4011 1998 4072 ad
2068 4011 2377 4090 obsequia
2423 4031 2535 4072 seu
2581 4013 2927 4073 ministeria
2986 4011 3355 4073 exhibenda

639 4121 1046 4202 aliquatenus
1091 4143 1174 4184 ex
1219 4124 1442 4185 debito
1489 4143 1620 4184 non
1666 4135 1981 4186 tenentur.
2032 4124 2112 4185 Et
2161 4124 2397 4186 idcirco
2461 4125 2645 4184 dictis
2691 4125 2899 4186 ordini
2946 4137 3011 4185 et
3057 4125 3355 4186 fratribus

640 4252 990 4310 precauere
1055 4237 1364 4304 uolentes,
1413 4256 1494 4297 ne
1540 4257 1654 4315 per
1719 4237 1931 4313 aliqua
2000 4238 2312 4316 obsequia
2384 4238 2484 4298 uel
2555 4240 2918 4309 ministeria,
2980 4257 3104 4318 que
3166 4238 3356 4298 nobis

639 4345 799 4410 dicti
842 4351 1064 4411 fratres
1109 4350 1192 4410 de
1222 4351 1396 4410 facto
1440 4369 1552 4410 seu
1599 4349 1973 4411 liberalitate
2018 4369 2132 4410 sua
2176 4351 2279 4411 uel
2327 4369 2503 4411 mera
2556 4352 2757 4432 gratia
2802 4350 3219 4424 exhibebunt,
3266 4371 3353 4411 ex

637 4474 1163 4542 quantacumque
1210 4463 1620 4524 diuturnitate
1666 4464 1973 4541 temporis
2019 4465 2219 4542 possit
2266 4464 2357 4524 eis
2403 4463 2821 4541 preiudicium
2866 4465 3172 4545 generari,
3204 4482 3355 4542 pro-

639 4573 954 4636 mittimus
999 4576 1108 4636 tibi
1157 4575 1264 4636 tali
1312 4575 1482 4637 fratri
1531 4578 1792 4636 nomine
1838 4575 2158 4637 dictorum
2206 4575 2447 4637 ordinis
2492 4588 2556 4637 et
2600 4577 2863 4638 fratrum
2912 4578 3239 4656 recipienti
3289 4587 3355 4637 et

637 4688 986 4765 stipulanti,
1032 4689 1206 4767 quod
1277 4691 1619 4750 ministeria
1690 4690 1790 4750 uel
1857 4690 2167 4764 obsequia
2234 4689 2319 4748 ab
2387 4693 2478 4750 eis
2538 4689 2743 4751 taliter
2806 4689 3175 4751 exhibenda
3218 4690 3353 4751 ullo

639 4814 930 4879 unquam
993 4811 1302 4880 tempore,
1355 4803 1692 4862 occasione
1751 4803 2157 4881 prestationis
2220 4802 2583 4863 huiusmodi
2648 4822 2733 4864 ex
2795 4803 3016 4864 debito
3063 4821 3194 4864 non
3240 4823 3354 4883 pe—

640 4919 870 4990 temus,
939 4933 1058 4976 nec
1125 4931 1315 4994 super
1382 4916 1471 4975 eis
1542 4915 1947 4976 monebimur
2014 4925 2241 4977 contra
2309 4916 2591 4977 eundem
2636 4916 2929 4977 ordinem
2982 4916 3081 4977 uel
3128 4917 3355 4978 fratres

643 5023 838 5102 ipsius
881 5028 1122 5089 ordinis
1167 5027 1448 5107 aliquam
1494 5029 1915 5106 questionem.
1965 5029 2045 5089 Et
2095 5030 2159 5087 in
2206 5028 2388 5090 huius
2433 5031 2522 5090 rei
2570 5031 3005 5092 testimonium
3052 5030 3359 5092 uolumus
