3797 5795
1496 418 1534 424 -
1600 382 1863 443 133—

309 591 419 633 rex
465 574 557 632 eis
617 574 904 633 restituit.
967 570 1263 633 Tandem
1324 583 1617 650 tempore
1686 592 1816 650 quo
1876 591 1992 651 per
2050 571 2450 651 Stephanum
2513 571 2755 631 barium
2815 572 3012 631 totius

306 685 649 747 Slavoniae
692 696 753 745 et
798 686 1106 746 comitem
1154 684 1416 745 Paulum
1464 685 1739 746 iudicem
1807 687 2021 745 curiae
2066 694 2380 763 occupata
2425 694 2489 743 et
2535 684 2802 744 confusa
2849 694 3008 743 tem-

304 816 461 875 pore
506 796 919 857 Tartarorum
966 800 1099 857 iura
1144 796 1497 858 castrorum
1546 800 1610 858 in
1654 808 1891 858 statum
1935 798 2224 859 debitum
2257 798 2538 856 revocari
2572 797 2844 857 faciebat
2876 816 3008 871 rex,

304 909 566 969 suborta
613 909 1011 971 dubitatione
1057 910 1141 970 de
1188 912 1375 971 metis
1442 912 1683 971 revisae
1726 920 1873 971 sunt
1921 922 2134 971 metae
2179 929 2293 988 per
2337 908 2730 970 Felicianum
2778 928 3004 988 prepo-

301 1026 581 1102 positum
628 1020 1083 1097 Colocensem;
1128 1042 1395 1103 quarum
1428 1026 1631 1103 prima
1678 1026 1897 1102 incipit
1929 1024 2012 1083 ab
2041 1024 2344 1101 aquilone
2377 1022 2459 1083 de
2491 1032 2654 1082 terra
2701 1020 3006 1083 Vulchuk

300 1156 337 1195 a
366 1134 561 1196 fluvio
594 1136 857 1197 Ehnech
904 1137 1131 1210 lut050‚
1178 1136 1327 1197 inde
1374 1156 1486 1215 per
1532 1148 1729 1197 terras
1775 1156 1944 1216 quae
1991 1136 2182 1217 Mege
2229 1136 2524 1196 dicuntur
2569 1135 2652 1197 ad
2701 1152 3000 1216 magnam

302 1251 466 1309 viam
515 1268 637 1329 qua
687 1252 811 1309 itur
860 1250 1306 1323 Varasdinum,
1376 1249 1525 1310 inde
1595 1252 1795 1330 vergit
1855 1269 1970 1328 per
2033 1249 2340 1310 Bedniam
2405 1260 2466 1309 et
2529 1250 2752 1308 transit
2797 1249 3001 1326 ipsam

300 1376 361 1422 et
404 1364 690 1439 pervenit
751 1362 837 1423 ad
898 1362 1157 1423 fluvium
1224 1361 1518 1441 Stopnik‚
1581 1364 1685 1423 ubi
1748 1373 1843 1423 est
1904 1364 1990 1422 ab
2050 1365 2294 1423 oriente
2356 1373 2518 1422 terra
2567 1358 2894 1421 Horasnik
2939 1370 3003 1419 et

298 1494 409 1553 per
441 1492 693 1535 cursum
727 1478 922 1555 ipsius
952 1474 1229 1553 Stopnik
1258 1488 1321 1535 et
1352 1495 1465 1555 per
1498 1476 1825 1553 quandam
1859 1476 2080 1536 baram
2126 1476 2208 1536 ad
2255 1478 2422 1536 viam
2471 1484 2534 1536 et
2580 1474 2661 1534 ad
2711 1484 2998 1533 montem

302 1586 599 1661 Gradich,
639 1591 705 1648 in
752 1608 883 1668 quo
924 1598 1203 1649 castrum
1248 1590 1597 1668 antiquitus
1650 1591 1854 1650 iuerat
1900 1599 1963 1650 et
2008 1608 2121 1667 per
2168 1590 2499 1649 circuitum
2547 1589 2784 1647 montis
2829 1588 3002 1646 venit

296 1702 377 1760 ad
440 1719 739 1782 magnam
813 1702 979 1762 viam
1050 1720 1215 1781 quae
1284 1702 1539 1763 berczut
1601 1703 1831 1763 dicitur
1876 1712 1940 1761 et
2000 1721 2115 1780 per
2160 1701 2430 1763 eandem
2485 1703 2650 1761 viam
2697 1700 2870 1761 vadit
2916 1698 3000 1759 ad

298 1813 667 1894 Zogenefrie
686 1812 755 1894 (ἒ)
803 1825 867 1874 et
913 1814 1084 1875 cadit
1114 1818 1176 1875 in
1209 1817 1377 1875 viam
1411 1814 1768 1881 Slobiduta,
1802 1815 1906 1876 ubi
1942 1815 2026 1875 ab
2057 1817 2300 1875 oriente
2346 1828 2440 1875 est
2487 1824 2650 1873 terra
2699 1814 2761 1875 V
2766 1810 3001 1873 ulchuk

299 1944 464 2003 quae
510 1926 763 2007 Zegene
808 1939 1072 1988 vocatur
1115 1938 1179 1988 et
1209 1948 1247 1989 a
1277 1938 1457 2006 parte
1505 1928 1902 1988 meridionali
1950 1940 2045 1988 est
2091 1938 2254 1988 terra
2302 1928 2538 1988 Razina
2577 1937 2642 1986 et
2675 1929 2735 1985 in
2769 1925 2994 1985 eadem

296 2040 393 2099 via
440 2058 555 2117 per
602 2040 789 2100 bercz
834 2042 1009 2101 venit
1072 2041 1155 2101 ad
1216 2042 1467 2102 vineam
1529 2054 1593 2102 et
1658 2044 1971 2101 transiens
2015 2043 2184 2101 viam
2231 2039 2563 2101 descendit
2610 2038 2693 2099 ad
2738 2037 2994 2098 fiuvium

296 2152 531 2213 Razina
563 2164 625 2213 et
659 2155 721 2213 in
758 2156 1069 2213 minorem
1118 2154 1421 2215 Razinam
1454 2175 1491 2214 a
1538 2165 1719 2233 parte
1767 2154 2162 2215 meridionali
2213 2165 2358 2213 sunt
2397 2138 2770 2233 iobagiones
2812 2153 2997 2211 castri

295 2263 623 2327 Crisiensis
688 2264 1001 2328 Scibislov
1068 2280 1133 2327 et
1194 2269 1448 2349 cognati
1519 2270 1653 2327 eius
1718 2278 1781 2328 et
1844 2270 2132 2346 superius
2193 2266 2276 2327 ad
2338 2284 2574 2344 aquam
2627 2263 2888 2342 Wopak
2933 2276 2996 2323 et

293 2378 581 2438 ascendit
644 2378 969 2457 quendam
1046 2381 1249 2455 bercz,
1324 2380 1528 2441 tendit
1588 2380 1673 2441 ad
1722 2392 2031 2450 montem,
2099 2380 2205 2439 ubi
2284 2390 2377 2439 est
2441 2378 2637 2451 holm,
2722 2380 2784 2438 in
2869 2376 2996 2437 fine

292 2492 489 2568 ipsius
552 2492 741 2551 bercz
808 2492 977 2552 cadit
1044 2496 1106 2553 in
1178 2491 1724 2571 Lizkochpotoka‚
1786 2494 1891 2553 ubi
1958 2492 2123 2553 ultra
2184 2503 2278 2553 est
2340 2502 2504 2553 terra
2551 2488 2864 2553 Greiacov
2933 2501 2994 2550 et

290 2603 622 2664 descendit
671 2606 733 2665 in
785 2604 1089 2672 Bedniam
1123 2624 1289 2685 quae
1322 2608 1491 2667 venit
1525 2604 2046 2685 Greiacopotoka
2095 2625 2132 2665 a
2177 2614 2356 2683 parte
2404 2604 2784 2664 occidentali
2830 2614 2994 2664 terra

288 2716 619 2778 GreiacOV.
670 2718 789 2778 Per
818 2720 986 2778 viam
1019 2720 1080 2778 in
1113 2718 1299 2779 bercz
1330 2721 1501 2780 venit
1531 2719 1615 2779 ad
1648 2730 1837 2797 caput
1870 2718 2163 2779 Strmech
2197 2729 2260 2777 et
2294 2728 2525 2777 terram
2577 2714 2996 2780 Chresnieucz

286 2848 449 2910 quae
499 2841 592 2890 est
643 2828 993 2893 Christiani.
1042 2832 1237 2892 Porro
1270 2842 1433 2893 terra
1480 2832 1683 2911 Potey
1729 2851 1895 2912 quae
1942 2829 2235 2892 Zuhodol
2281 2831 2508 2891 dicitur
2553 2842 2616 2890 et
2663 2829 2993 2891 descendit

282 2943 363 3004 ad
408 2957 606 3022 caput
640 2943 1089 3023 Zolonapotok
1132 2955 1197 3005 et
1243 2947 1412 3006 venit
1443 2945 1527 3006 ad
1576 2964 1876 3027 magnam
1923 2948 2091 3006 viam
2139 2945 2476 3016 Varastini,
2522 2944 2606 3004 ab
2652 2943 2989 3004 occidente

283 3068 371 3116 est
421 3068 591 3117 terra
638 3055 965 3118 Crisiensis
1022 3057 1131 3118 filii
1192 3058 1489 3132 Zenesae,
1550 3059 1658 3118 ubi
1720 3069 1994 3120 castrum
2057 3059 2414 3118 construxit
2461 3067 2525 3116 et
2571 3057 2743 3117 vadit
2789 3075 2992 3135 prope

284 3171 619 3230 ecclesiam
700 3173 901 3231 sancti
969 3171 1220 3232 Martini
1286 3183 1347 3231 et
1410 3171 1800 3232 transeundo
1876 3171 2209 3232 ecclesiam
2273 3191 2386 3250 per
2455 3174 2621 3232 viam
2691 3172 2859 3232 cadit
2927 3173 2991 3231 in

289 3281 625 3344 Chernech
657 3283 902 3362 potoka
934 3303 1047 3363 per
1078 3303 1271 3362 quem
1319 3286 1538 3345 circuit
1584 3285 1917 3344 ecclesiam
1963 3295 2225 3345 sanctae
2259 3282 2478 3348 Crucis
2522 3294 2585 3344 et
2619 3287 2991 3345 terminatur

280 3398 341 3456 in
390 3394 719 3456 Vulchuk.

454 3535 527 3592 K
518 3535 835 3612 ukuljevic‘
878 3539 1021 3611 Reg.
1058 3537 1145 3594 br.
1184 3541 1220 3592 7
1232 3542 1345 3608 74.,
1382 3549 1463 3614 po
1510 3539 1714 3595 listini
1755 3539 2075 3614 nalazec'oj
2099 3559 2165 3595 se
2198 3559 2238 3596 u
2269 3541 2550 3614 nyegvvoj
2587 3539 2795 3608 zbirct',
2828 3541 2988 3596 sada

260 3642 565 3714 jantac¹n0
612 3660 653 3697 u
700 3640 1079 3698 budimskom
1140 3641 1380 3700 arkivu.
1464 3645 1559 3700 ὃν.
1622 3645 1649 3698 i
1706 3645 1951 3700 [mazel
1998 3643 2139 3701 cod.
2200 3645 2351 3720 dipl.
2399 3643 2631 3719 Arpad.
2689 3644 2819 3701 VII.
2867 3647 2990 3699 309

276 3747 351 3801 do
401 3747 556 3814 372„
594 3746 749 3820 gdje
792 3765 859 3802 se
904 3766 943 3802 u
984 3748 1235 3822 potvrdi
1291 3746 1497 3822 kralja
1559 3747 1782 3819 ‚Matije
1842 3749 1926 3804 od
1971 3768 2034 3820 g.
2095 3751 2259 3803 1486.
2307 3767 2421 3804 ova
2469 3749 2805 3805 dar-ovnz'ca
2852 3758 2986 3824 spo-

278 3850 487 3923 minje.
572 3849 723 3906 Kod
777 3851 955 3925 rzjec‘i
1020 3851 1232 3908 Comes
1292 3852 1369 3907 de·
1438 3851 1491 3909 C
1488 3871 1661 3908 νοσοῖ·
1720 3853 1966 3908 domec'e
2041 3852 2286 3910 lis'enzel
2297 3873 2317 3907 .·
2363 3854 2467 3923 (J).
2553 3853 2650 3909 Sr.
2713 3854 2740 3908 z·
2795 3873 2986 3927 ovoga

274 3953 569 4010 zbornika
619 3954 666 4011 I
668 3955 731 4012 V.
786 3956 982 4008 421-
992 3957 1127 4013 422.
1199 3949 1336 4012 ‘Ima
1389 3958 1503 4030 jos*
1541 3957 1746 4030 sedan
1814 3955 1996 4014 krac'i
2061 3966 2265 4030 regest
2329 3975 2368 4012 u
2439 3955 2732 4032 rukopisu
2798 3960 2987 4033 jugo-

276 4066 602 4124 slavenske
670 4065 1020 4142 akademije
1084 4069 1269 4142 (sign.
1330 4069 1379 4126 l.
1452 4070 1509 4125 d.
1580 4071 1688 4141 32)
1750 4089 1823 4126 sa
1894 4070 2206 4126 naslovom
2226 4091 2246 4126 .·
2313 4069 2605 4128 Actorum
2675 4078 2737 4126 et
2794 4071 2986 4146 diplo-

278 4163 510 4210 matum
540 4154 855 4231 familiae
900 4156 1201 4212 comitum.
1263 4155 1448 4213 Ors'ic'
1497 4160 1630 4214 765.

272 4474 471 4553 1259,
516 4475 619 4536 21.
663 4472 843 4553 juia.
889 4470 949 4537 U
992 4471 1249 4537 zadru.
1538 4368 1730 4447 642⁹
1806 4469 1811 4474 ·

276 4646 595 4729 Ptroneg
638 4644 675 4706 ι’
720 4643 1051 4728 Diminoj
1094 4645 1387 4729 prodaju
1450 4647 1786 4708 dozvolom
1834 4653 2226 4710 samoslana
2272 4669 2364 4710 sv.
2422 4647 2784 4710 Krs‘evana
2830 4648 2984 4731 svoj

893 4756 1237 4842 vz'nograd
1276 4756 1673 4842 suprusz'ma
1724 4759 1992 4821 lvanku
2047 4759 2077 4822 ι’
2120 4761 2352 4823 Grube'.

446 4933 516 4993 In
565 4931 793 4996 Christi
844 4935 1122 4993 nomine.
1170 4931 1365 4994 Anno
1414 4937 1875 4996 incarnacionis
1939 4937 2071 4995 eius
2135 4937 2471 4996 millesimo
2533 4933 2976 4996 ducentesimo

274 5049 805 5128 quinquagesimo
852 5066 1045 5120 nono,
1092 5051 1326 5108 mensis
1372 5049 1515 5117 iulii,
1585 5047 1689 5107 dic
1756 5049 2089 5109 vnde—eima
2139 5060 2434 5117 exeunte,
2495 5046 2816 5110 indicione
2883 5067 2970 5107 se·
