3797 5795
1904 385 2169 448 —420
2230 423 2314 430 —

742 577 990 637 Petrine
1035 588 1099 637 et
1144 579 1233 638 sie
1278 597 1391 656 per
1436 581 1641 656 ipsam
1688 577 1895 637 tendit
1944 576 2029 636 ad
2076 587 2362 637 austrum
2408 576 2737 637 dimittens
2785 588 3074 639 montem
3120 599 3157 639 a
3203 577 3454 638 dextris

738 701 802 751 et
847 691 1136 769 pervenit
1183 691 1267 751 ad
1314 689 1473 751 duas
1542 701 1746 750 metas
1811 701 2068 764 terreaS,
2114 709 2240 768 que
2305 701 2452 751 sunt
2517 691 2680 750 ultra
2739 701 3032 751 montem
3081 689 3336 754 Chudin
3383 694 3445 752 in

740 806 855 878 via,
902 805 966 864 in
1012 806 1380 865 summitate
1439 806 1679 864 montis
1738 803 2010 877 alteriuS,
2057 804 2207 864 inde
2252 802 2595 866 reflectitur
2639 803 2726 864 ad
2770 804 3139 884 aquilonem
3205 803 3454 864 directe

741 920 803 978 in
849 915 1079 977 vallem
1126 916 1211 977 ad
1258 926 1549 977 montem
1596 913 1853 979 Chudin
1900 926 1966 976 et
2011 935 2124 994 per
2169 916 2444 978 eandem
2493 915 2725 978 vallem
2771 917 3230 978 descendendo
3280 919 3458 978 iuxta

740 1041 1029 1090 montem
1076 1029 1475 1108 sepedictum
1521 1029 1811 1108 pervenit
1858 1039 1922 1089 et
1969 1031 2376 1111 coniungitur
2421 1040 2588 1091 terre
2634 1032 2935 1109 episcopi.

912 1223 1207 1296 Privileg.
1254 1230 1579 1280 monaster.
1632 1223 1704 1280 B.
1772 1223 1831 1280 V.
1876 1221 2131 1279 sisariae
2176 1224 2253 1279 de
2309 1223 2557 1298 Toplica
2607 1243 2702 1280 no.
2755 1223 2808 1282 L
2824 1224 2988 1282 VIII.

921 1325 1173 1383 Tkaleic‘
1226 1327 1501 1383 Menum.
1564 1327 1819 1402 episcop.
1887 1326 2159 1407 Zagrab.
2207 1327 2256 1384 I.
2310 1329 2420 1382 135
2435 1329 2650 1386 -136.
2715 1360 2800 1370 —
2859 1328 3239 1404 Kukuljevic'
3297 1329 3446 1402 Reg.

742 1450 835 1486 no,
894 1433 1032 1485 927.

2006 1721 2202 1802 890.

738 1897 939 1977 1267,
986 1897 1046 1961 5.
1088 1896 1436 1979 ianuam.
1482 1895 1543 1961 U
1588 1896 1930 1980 Veneeiji.

736 2103 1071 2190 Rajnerij
1094 2105 1283 2168 Zeno
1316 2104 1501 2167 duzd
1530 2103 1850 2167 mletacsz‘
1886 2103 2224 2189 opomz'nje
2273 2103 2630 2189 Spljec‘ane
2663 2104 2826 2167 rada·
2841 2127 3106 2190 gusara
3130 2105 3454 2178 omzls‘kc‘lz,

1738 2218 1829 2280 da
1876 2215 1950 2280 ih
1996 2239 2082 2280 ne
2120 2216 2448 2301 primaju.

912 2410 1241 2471 Rainerius
1288 2407 1475 2471 Geno
1521 2409 1624 2470 dei
1670 2412 1872 2491 gratia
1920 2409 2322 2471 Venetorum
2353 2421 2471 2470 etc.
2505 2409 2641 2470 dux
2679 2410 2997 2471 nobilibus
3043 2413 3192 2470 viris
3242 2422 3446 2472 recto-

732 2523 908 2583 ribus
954 2520 1197 2601 Spalati
1244 2531 1307 2583 et
1352 2520 1639 2582 eiusdem
1688 2535 1848 2582 terre
1895 2525 2222 2583 communi
2272 2523 2544 2584 salutem
2591 2535 2655 2582 et
2701 2541 2896 2583 omne
2943 2525 3208 2584 bonum.
3275 2521 3438 2587 Cum

734 2634 1071 2716 Draganus
1117 2635 1199 2696 de
1245 2633 1518 2696 Almisio
1564 2653 1711 2695 cum
1758 2653 1887 2694 uno
1935 2635 2108 2716 ligno
2154 2646 2404 2696 armato
2451 2635 2792 2714 providum
2840 2639 3042 2696 virum
3098 2635 3442 2697 Nicolaum

738 2747 1059 2808 Blondum
1118 2747 1377 2808 fidelem
1440 2757 1727 2807 nostrum
1776 2749 1836 2807 in
1883 2750 2065 2826 aquis
2123 2747 2466 2809 Sclauonie
2530 2767 2676 2809 cum
2739 2751 2926 2809 bonis
2971 2759 3034 2809 et
3079 2749 3274 2810 rebus
3321 2752 3446 2810 suis

736 2863 974 2940 ceperit
1021 2859 1115 2921 his
1158 2859 1399 2933 diebus,
1444 2859 1852 2939 prudentiam
1911 2855 2187 2922 vestr'am
2249 2881 2362 2941 per
2423 2872 2749 2940 presentes
2811 2863 3187 2941 requirimus
3236 2874 3303 2923 et
3350 2882 3449 2923 ro-

735 2992 981 3054 gamuS,
1026 2984 1340 3053 quatenus
1370 2974 1419 3034 si
1452 2977 1787 3057 contigerit
1832 2977 1998 3035 viros
2038 2975 2118 3035 de
2151 2972 2423 3035 Almisio
2455 2975 2540 3034 ad
2572 2985 2784 3053 partes
2831 2985 3068 3035 vestras
3113 2976 3450 3049 accedere,

734 3085 1265 3147 deliberationem
1328 3086 1571 3147 domini
1620 3087 1861 3148 Nicolai
1913 3099 1976 3147 et
2020 3090 2488 3147 restitutionem
2535 3088 2857 3148 bonorum
2902 3088 3016 3147 sibi
3063 3088 3430 3150 ablatorum

735 3218 932 3277 opem
994 3212 1055 3260 et
1118 3218 1381 3278 operam
1451 3202 1680 3260 nostris
1746 3201 2039 3279 precibus
2106 3199 2314 3260 taliter
2383 3200 2686 3260 exhibere
2753 3199 2974 3272 velitiS,
3021 3201 3200 3279 quod
3277 3201 3450 3261 idem

736 3310 1041 3373 Nicolaus
1084 3331 1305 3391 preces
1352 3322 1599 3373 nostras
1642 3313 1755 3373 sibi
1805 3313 2158 3373 fructuosas
2203 3314 2480 3379 sentiret,
2512 3332 2590 3373 ac
2621 3332 2733 3391 per
2763 3314 3216 3374 executionem
3253 3316 3446 3374 vestri

736 3428 946 3501 operis
990 3444 1058 3485 se
1102 3425 1373 3486 libertati
1438 3428 1699 3503 pristine
1766 3425 2044 3507 gaudere
2111 3428 2488 3498 restitutum,
2555 3444 2801 3504 nosque
2846 3426 3114 3505 perinde
3159 3439 3444 3487 vestram

736 3539 1060 3614 poscimus
1125 3536 1528 3616 prudentiam
1598 3538 1680 3599 de
1748 3538 2045 3600 laudabili
2114 3556 2327 3615 opere,
2387 3541 2546 3598 sicut
2593 3540 2901 3616 cupimu5‚
2963 3539 3447 3600 commendare.

734 3647 978 3710 Datum
1028 3652 1089 3710 in
1136 3661 1355 3711 nostro
1403 3650 1609 3711 ducali
1656 3651 1891 3729 palatio
1937 3652 1995 3712 5.
2045 3654 2318 3711 intrante
2367 3652 2646 3722 ianuarii,
2692 3651 3040 3711 indictione
3087 3652 3165 3712 X.

908 3868 1144 3925 Lucius
1190 3868 1287 3923 De
1333 3888 1518 3941 regno
1566 3869 1775 3927 Dalm.
1826 3876 1888 3923 et
1938 3868 2141 3926 Croat.
2191 3869 2227 3927 l.
2276 3870 2386 3926 JV.
2438 3889 2487 3926 c.
2542 3872 2617 3936 9.,
2667 3872 2798 3925 179.

910 3972 1289 4046 Kukuljevic'
1328 3975 1477 4047 leeg.
1528 3993 1621 4029 no.
1680 3978 1816 4029 946.
1866 3974 2070 4040 (Alec'e
2118 3993 2157 4029 u
2195 3976 2339 4047 god.
2389 3976 2588 4032 1:268.)

1999 4310 2192 4389 891.

724 4476 933 4560 1267,
982 4484 1045 4547 5.
1086 4480 1432 4562 januam.
1481 4482 1541 4548 U
1586 4481 1895 4567 Spljetu.

732 4666 1041 4734 Kataldo
1096 4652 1321 4734 Czkole
1382 4673 1599 4735 zalafie
1656 4695 1731 4734 za
1780 4674 1924 4756 dug
1966 4678 2372 4735 samostanu
2418 4695 2511 4736 sv.
2565 4673 2952 4736 Benedz'kta
2997 4674 3194 4756 svoju
3245 4674 3442 4736 kuc‘u.

905 4860 1105 4923 Anno
1154 4863 1397 4925 domini
1450 4864 1785 4925 millesimo
1833 4863 2280 4926 ducentesimo
2329 4867 2734 4947 sexagesimo
2781 4870 3072 4945 septim0‚
3118 4866 3434 4927 indicione

724 4974 999 5050 decima,
1030 4976 1137 5037 die
1171 4978 1249 5040 V.
1284 4980 1555 5039 intrante
1602 4980 1879 5051 ianuarii,
1926 4988 2236 5060 regnante
2282 4979 2552 5039 domino
2599 4994 2820 5040 nostro
2854 4980 3004 5041 Bela
3035 4981 3436 5041 serenissimo

724 5106 879 5169 rege
912 5088 1257 5173 Hungarie‚
1304 5092 1701 5169 temporibus
1746 5093 1920 5152 enim
1959 5091 2268 5171 Johannis
2313 5092 2688 5153 venerabilis
2735 5096 3191 5173 archiepiscopi
3223 5092 3442 5173 Spala-
