3797 5795
1596 392 1997 457 —109-

1702 687 1894 767 624.

447 882 646 947 1258.

437 1069 849 1135 Podloinz'ci
885 1070 1290 1157 zagorskoga
1326 1070 1552 1156 gracia
1595 1090 1691 1133 sv.
1744 1067 2048 1155 Gjurgja
2095 1068 2389 1145 (Belca),
2422 1065 2705 1151 vmc‘aju
2748 1066 2921 1151 pred
2966 1065 3143 1151 Stje-

427 1192 681 1269 panem
752 1185 990 1247 banom
1057 1182 1451 1248 Vratislavu
1499 1182 1533 1246 ι’
1570 1180 1828 1246 ΑῙονείί
1867 1182 1999 1245 dva
2045 1180 2198 1245 rala
2241 1179 2491 1265 z'emlje,
2550 1178 2699 1264 koje
2742 1200 2827 1242 su
2878 1177 2975 1242 im
3022 1177 3143 1242 bile

1300 1294 1468 1359 otelt'
1507 1295 1612 1359 iza
1649 1294 1931 1379 prevale
1976 1294 2294 1359 tatarske.

615 1489 748 1550 Nos
811 1488 1174 1568 Stephanus
1240 1490 1444 1549 banus
1504 1490 1710 1549 tocius
1769 1484 2108 1549 Sclauonie
2154 1496 2218 1547 et
2263 1488 2632 1567 capitaneus
2678 1484 2863 1548 Stirie
2910 1483 3143 1567 signifi-

436 1622 656 1663 camus
701 1602 1002 1663 omnibus
1046 1620 1307 1681 presens
1352 1603 1656 1680 scriptum
1703 1602 2097 1680 inspecturis,
2157 1599 2335 1678 quod
2382 1618 2530 1661 cum
2577 1598 2879 1661 dominus
2926 1608 3143 1659 noster

437 1714 586 1776 Bela
631 1715 884 1777 illustris
943 1734 1060 1775 rex
1105 1714 1390 1797 Vngarie
1436 1724 1634 1775 terras
1677 1716 1864 1775 castri
1904 1734 1941 1775 a
1987 1724 2279 1793 tempore
2326 1710 2665 1777 Colomani
2728 1713 2896 1793 regis
2942 1710 3139 1773 felicis

437 1830 744 1889 memorie
790 1828 1094 1890 alienatas
1140 1828 1416 1889 iudicare
1459 1846 1574 1907 per
1623 1838 1828 1888 totam
1861 1826 2273 1891 Sclauoniam
2318 1825 2505 1887 nobis
2550 1826 2951 1904 precepisset,
2997 1835 3135 1885 tan-

435 1941 588 2002 dem
634 1942 1040 2020 pervenimus
1084 1940 1167 2001 ad
1216 1939 1547 2023 Zagoriam
1581 1950 1647 2001 et
1677 1940 1764 2001 ibi
1795 1941 2150 2018 incepimus
2194 1948 2391 1999 terras
2435 1940 2621 1999 castri
2662 1937 2951 1999 iudicare.
2998 1935 3139 1999 An-

435 2053 620 2114 dreas
680 2054 865 2135 igitur
923 2072 1144 2116 comes
1189 2052 1642 2116 Vorosdiensis
1701 2064 1766 2113 et
1811 2070 2030 2114 secum
2091 2070 2319 2114 omnes
2381 2052 2753 2133 iobagiones
2820 2054 3008 2112 castri
3054 2051 3139 2113 de

433 2166 718 2248 Zagoria,
769 2166 1034 2228 scilicet:
1097 2164 1402 2229 Salamon
1451 2165 1762 2245 Volpoth‚
1806 2164 2173 2245 Stephanus
2234 2164 2546 2243 Volpoth‚
2602 2164 2928 2245 Johannes
2973 2163 3135 2227 filius

428 2279 758 2360 Johanni3‚
827 2280 1044 2340 Petrus
1127 2278 1291 2340 filius
1353 2278 1690 2357 Voychen‚
1761 2278 2024 2341 Ladizlo
2092 2278 2255 2340 filius
2323 2275 2575 2351 Vra210‚
2638 2276 2899 2339 Mortun
2969 2276 3133 2339 filius

425 2390 688 2473 Jordan,
735 2391 1037 2453 Beneduc
1106 2391 1416 2470 Volpoth‚
1463 2390 1644 2453 Benk
1688 2390 1850 2453 filius
1923 2390 2266 2463 Benedicti,
2328 2390 2547 2453 Petrus
2606 2389 2770 2452 filius
2829 2389 3139 2467 Turdina,

431 2504 821 2566 Laurencius
888 2504 1049 2566 filius
1117 2502 1387 2577 Nezbor‚
1455 2504 1606 2565 Ivan
1675 2502 1836 2565 filius
1897 2503 2117 2577 IruzIO,
2192 2503 2377 2566 Ende
2436 2502 2599 2565 filius
2664 2502 2991 2566 Michaelis
3070 2515 3135 2566 et

429 2636 658 2678 omnes
701 2617 1074 2699 iobagiones
1118 2618 1302 2677 castri
1350 2616 1434 2677 de
1481 2616 1746 2697 Zagoria
1805 2626 2078 2695 accepto
2124 2636 2163 2677 a
2208 2617 2395 2677 nobis
2438 2616 2702 2677 homine
2766 2626 2999 2679 terram
3047 2618 3130 2679 ad

433 2729 566 2791 duo
611 2740 814 2790 aratra
860 2728 1276 2791 sufficientem
1335 2750 1420 2791 ex
1483 2739 1647 2790 terra
1692 2730 1892 2790 sancti
1941 2727 2199 2811 Georgii
2244 2748 2283 2790 a
2330 2729 2653 2792 Vratizlao
2698 2740 2763 2791 et
2808 2750 2848 2791 a
2894 2728 3137 2793 Noreta

433 2841 573 2904 filiis
613 2840 768 2924 Jaco
835 2842 1390 2904 reambulaverunt
1461 2844 1722 2905 nomine
1789 2844 1995 2916 castri,
2051 2843 2224 2924 ipsos
2290 2840 2453 2904 filios
2517 2841 2672 2925 Jaco
2718 2843 2802 2905 ad
2850 2854 3134 2905 nostram

434 2956 694 3018 citando
739 2958 1152 3036 presenciam.
1183 2955 1267 3017 Et
1313 2973 1462 3018 cum
1510 2967 1776 3035 utraque
1823 2975 1969 3035 pars
2014 2975 2235 3018 coram
2280 2958 2466 3018 nobis
2511 2956 2725 3018 suisset
2770 2960 3147 3032 constituta,

434 3069 717 3148 prefatus
763 3067 1059 3130 Andreas
1103 3087 1323 3130 comes
1367 3079 1431 3130 et
1477 3089 1706 3130 omnes
1753 3070 2125 3151 iobagiones
2168 3072 2355 3131 castri
2410 3079 2895 3150 proposuerunt,
2954 3070 3133 3151 quod

437 3181 538 3243 illa
583 3181 890 3260 particula
951 3192 1114 3241 terre
1182 3180 1398 3243 suisset
1443 3183 1626 3242 castri
1673 3191 1737 3242 et
1781 3200 1925 3242 eam
1972 3182 2198 3260 prefati
2246 3181 2353 3242 filii
2391 3181 2547 3262 jaco
2594 3184 2900 3246 violenter
2944 3202 3133 3245 occu-

433 3304 708 3373 passent.
775 3293 832 3356 E
877 3312 1186 3354 converso
1245 3304 1466 3355 autem
1510 3294 1794 3357 Vratizlo
1840 3305 1906 3355 et
1952 3294 2193 3356 Noreta
2254 3294 2736 3374 responderunt,
2802 3296 2981 3376 quod
3030 3297 3133 3358 illa

434 3407 740 3487 particula
786 3417 949 3468 terre
994 3417 1160 3468 esset
1207 3425 1432 3468 eorum
1501 3405 1894 3481 hereditaria,
1940 3409 2099 3468 sicut
2144 3408 2265 3470 alie
2311 3419 2474 3469 terre
2519 3427 2633 3469 sue
2676 3409 2761 3469 ab
2807 3410 3133 3472 avunculis

434 3529 500 3580 et
543 3521 761 3593 atavis,
806 3538 882 3580 ac
925 3519 1009 3580 ab
1053 3520 1560 3581 antecessoribus
1605 3521 1733 3581 suis
1779 3523 1868 3582 eis
1914 3520 2229 3582 devoluta.
2298 3519 2553 3583 Auditis
2608 3523 2792 3603 igitur
2860 3525 3135 3601 partium

433 3633 914 3704 assercionibuS,
959 3651 1084 3693 una
1131 3650 1280 3694 cum
1326 3632 1645 3694 nobilibus
1703 3635 1882 3714 regni
1929 3632 2349 3694 iudicavimus
2394 3635 2604 3712 ipsum
2649 3632 2979 3696 Andream
3029 3655 3137 3696 co-

438 3746 659 3806 mitem
705 3762 854 3806 cum
902 3755 1175 3822 quatuor
1233 3745 1680 3827 iobagionibus
1742 3748 1928 3807 castri
1974 3745 2059 3807 ad
2104 3746 2460 3820 iurandum,
2521 3747 2757 3808 scilicet
2818 3767 2965 3809 cum
3029 3749 3143 3812 Sa-

437 3858 694 3920 lamone
738 3857 1050 3937 Volpoth‚
1093 3876 1243 3919 cum
1305 3857 1654 3920 Benedicto
1701 3857 2013 3940 Volpoth‚
2058 3878 2207 3921 cum
2278 3857 2461 3922 Benk
2520 3858 2652 3921 filio
2698 3861 3043 3923 Benedicti
3072 3873 3141 3924 et

445 3988 592 4031 cum
641 3969 920 4032 Martino
981 3969 1111 4032 filio
1165 3969 1424 4052 Jordan,
1469 3990 1658 4050 super
1703 3990 1814 4032 eo:
1878 3971 2056 4052 quod
2102 3972 2205 4034 illa
2250 3972 2555 4052 particula
2602 3985 2767 4036 terre
2811 3975 2889 4035 sit
2936 3978 3139 4049 castri,

441 4083 782 4144 terminum
827 4083 912 4144 ad
957 4083 1083 4145 hoc
1125 4085 1536 4166 assignantes.
1587 4082 1993 4148 Adveniente
2041 4104 2193 4168 ergo
2240 4089 2516 4148 termino
2562 4089 2917 4161 iuramenti,
2961 4088 3135 4150 idem

438 4194 734 4257 Andreas
779 4214 998 4257 comes
1043 4208 1108 4257 et
1152 4195 1236 4256 illi
1281 4207 1558 4277 quatuor
1601 4199 1975 4280 iobagiones
2037 4201 2224 4260 castri
2268 4199 2351 4260 ad
2398 4200 2733 4261 iurandum
2776 4201 2959 4262 electi
3006 4221 3145 4266 non.

435 4309 570 4369 ausi
617 4305 868 4368 fuerunt
927 4309 1146 4384 iurare,
1205 4309 1318 4370 sed
1363 4311 1500 4389 ipse
1546 4309 1842 4372 Andreas
1903 4330 2123 4372 comes
2166 4331 2247 4374 ac
2288 4312 2373 4373 illi
2424 4324 2699 4392 quatuor
2759 4315 3137 4397 iobagiones

436 4421 621 4482 castri
667 4430 732 4482 et
776 4422 1046 4482 universi
1105 4422 1480 4504 iobagiones
1539 4425 1724 4485 castri
1769 4427 2223 4503 prememorati
2285 4428 2392 4504 qui
2438 4427 2503 4488 in
2550 4427 2694 4488 loco
2756 4432 3135 4492 sacramenti

437 4533 704 4608 fuerant,
751 4533 924 4594 illam
967 4534 1342 4613 particulam
1406 4546 1570 4598 terre
1614 4555 1730 4616 per
1773 4556 1887 4598 eos
1930 4538 2397 4600 reambulatam
2456 4538 2841 4620 reliquerunt
2886 4551 2951 4602 et
2996 4561 3137 4621 per-

439 4647 744 4706 miserunt
791 4647 854 4706 in
901 4656 1116 4707 nostra
1160 4651 1488 4726 presencia
1541 4647 1820 4712 Vratizlo
1865 4661 1930 4712 et
1977 4649 2220 4712 Noreta
2279 4650 2419 4713 filiis
2459 4651 2616 4732 Jaco
2664 4655 2925 4715 nomine
2973 4664 3145 4716 terre·

435 4757 811 4821 hereditarie
857 4777 1080 4820 eorum
1127 4761 1190 4821 in
1235 4772 1550 4840 perpetuo
1594 4762 2071 4842 possidendam.
2118 4761 2287 4842 Quia
2332 4761 2535 4846 (vero)
2583 4765 2885 4827 dominus
2916 4778 3134 4830 noster

434 4869 688 4932 illustris
757 4891 874 4932 rex
939 4871 1128 4933 nobis
1193 4871 1456 4936 firmiter
1523 4874 1788 4936 dederat
1855 4877 1921 4936 in
1986 4876 2321 4952 mandatiS,
2364 4888 2435 4938 ut
2478 4897 2669 4958 super
2731 4882 2909 4941 terris
2954 4883 3141 4942 castri

437 4983 630 5045 finem
681 4993 744 5044 et
789 4984 1247 5064 perfectionem
1297 4986 1668 5062 faceremuS,
1713 5007 1796 5049 ne
1841 4988 2101 5050 ulterius
2146 4989 2395 5052 nobiles
2438 5002 2618 5068 terre,
2674 4995 2931 5055 racione
2976 5004 3141 5056 terre

446 5098 634 5158 castri
681 5096 744 5158 in
791 5095 968 5159 litem
999 5107 1063 5159 et
1093 5100 1412 5161 actionem
1455 5100 1866 5174 traherentur,
1913 5120 2033 5164 nec
2076 5113 2353 5164 castrum
2400 5104 2658 5166 ulterius
2704 5106 3147 5168 molestaretur
