3797 5795
1917 421 1991 430 —
2059 385 2319 448 322-

760 573 1023 633 dentem
1072 574 1153 633 ad
1202 575 1363 646 litus
1426 575 1603 653 quod
1665 587 1759 635 est
1822 579 1883 636 in
1931 575 2220 654 predicto
2281 575 2476 636 fluuio
2541 575 2828 636 Proucha
2890 589 2954 635 et
3015 575 3100 634 ibi
3147 587 3250 636 est
3307 583 3482 634 meta

760 701 825 746 et
870 688 953 746 ab
999 687 1233 748 eodem
1284 688 1493 748 littore
1540 708 1654 767 per
1700 691 1906 767 ipsum
1956 689 2220 750 fluuium
2281 701 2445 750 terra
2495 688 2780 749 Proucha
2837 689 3118 749 existens
3177 705 3481 748 comme-

756 811 943 882 tanea
990 811 1153 861 terre
1200 800 1441 862 Mathie
1488 802 1792 880 sepedicti
1856 802 2020 863 redit
2064 802 2148 863 ad
2194 803 2408 862 locum
2471 803 2694 862 littoris
2754 803 2816 861 in
2881 803 3067 861 inicio
3131 803 3478 861 nominati.

756 913 1019 992 Insuper
1064 925 1278 974 autem
1330 915 1497 975 idem
1548 913 1894 976 Nicholaus
1941 935 2058 994 pro
2105 915 2571 994 equipollencia
2616 915 2976 975 concambii
3025 913 3280 974 addidit
3335 913 3478 974 Ma-

753 1026 881 1086 thie
926 1029 1139 1105 sepius
1203 1031 1535 1088 nominato
1598 1029 1823 1090 decem
1880 1039 1946 1088 et
1993 1048 2231 1089 nouem
2303 1047 2561 1088 marcas
2635 1029 2725 1089 Vt
2785 1038 3002 1088 autem
3071 1026 3262 1087 huius
3321 1045 3473 1085 con-

751 1139 981 1199 cambii
1061 1143 1251 1200 series
1315 1153 1622 1220 perpetue
1691 1142 2004 1203 firmitatis
2071 1143 2265 1203 robur
2333 1143 2640 1213 obtineat,
2709 1160 2828 1202 nec
2889 1159 3174 1216 unquam
3243 1139 3470 1218 aliquo

746 1265 1112 1332 temporum
1174 1253 1381 1315 ualeat
1427 1257 1489 1314 in
1536 1254 1803 1315 dubium
1865 1257 2168 1326 reuocari,
2227 1267 2553 1334 presentes
2614 1255 2850 1315 litteras
2909 1254 2994 1314 ad
3056 1255 3460 1332 peticionem

744 1368 1029 1444 parcium
1105 1369 1537 1428 concessimus
1611 1371 1806 1429 nostri
1881 1369 2059 1450 sigilli
2143 1370 2492 1429 munimine
2559 1369 2911 1440 roborataS,
2987 1385 3160 1427 anno
3241 1368 3462 1448 gracie

747 1477 833 1538 M.
861 1477 986 1541 CC.
1016 1479 1148 1540 LX.
1197 1491 1445 1559 quarto,

1852 1597 1904 1652 A
1956 1599 2012 1652 B
2063 1598 2116 1655 C
2155 1598 2218 1653 l)
2271 1597 2341 1652 E.

928 1803 1226 1877 Ortginal
1262 1805 1394 1860 vrlo
1439 1805 1621 1880 lijcpo
1660 1807 1869 1881 pisan,
1931 1811 2112 1880 pedat
2155 1825 2237 1862 na
2285 1806 2771 1880 crvcno-zelenoj
2825 1804 3002 1862 vrvci
3025 1807 3102 1879 je
3147 1812 3358 1878 otpcw,
3419 1823 3456 1858 u

736 1905 825 1963 ἐν.
875 1926 975 1978 ug.
1024 1909 1229 1965 drz'av.
1279 1907 1502 1965 arkivu
1549 1929 1589 1965 u
1636 1910 1910 1966 Bude'mu
1961 1910 2044 1966 ΑΙ.
2103 1910 2172 1969 O.
2223 1909 2300 1966 D.
2352 1910 2425 1968 L.
2491 1930 2583 1966 no.
2639 1912 2776 1967 573.
2835 1907 3059 1986 (Stara
3107 1910 3454 1981 stgnatura

740 2013 822 2070 N.
874 2015 946 2069 R.
997 2013 1067 2070 A.
1100 2017 1277 2090 fasc.
1335 2020 1461 2073 681.
1510 2035 1603 2072 no.
1660 2019 1744 2072 3.)

928 2119 1171 2175 PVenzcl
1235 2119 1376 2177 Cod.
1427 2120 1573 2195 dipl.
1624 2119 1855 2194 Arpad.
1906 2127 2058 2176 cont.
2138 2119 2306 2178 Vlll.
2357 2121 2606 2176 113-4,
2696 2153 2752 2160 —-
2819 2119 3132 2192 Desezqffr
3213 2117 3462 2176 Csaldd

736 2225 1085 2278 227—228.
1138 2257 1217 2265 —
1267 2218 1644 2298 Kukuljcvic'
1682 2225 1833 2296 ch.
1884 2245 1980 2282 no,
2033 2229 2168 2280 880.

722 2783 925 2850 1264.
973 2783 1033 2848 U
1078 2760 1349 2849 flammi.

723 2974 989 3057 lsapfol
1034 2976 1425 3038 lazmcznskz'
1466 2977 1784 3061 uredjuje
1828 2976 2059 3062 :emgl'e
2105 2977 2397 3061 t'zmedju
2449 2974 2780 3037 N'odulka
2830 2972 2863 3036 ι’
2900 2974 3092 3036 brata
3141 2972 3429 3057 njegorva

1034 3088 1431 3152 Horvalz‘na
1478 3088 1513 3151 i
1549 3098 1817 3175 §upana
1866 3091 2236 3175 dvorskoga
2283 3090 2591 3151 4’Μαντεία
2640 3110 2686 3150 u
2736 3084 3119 3149 Gares‘m'cz’.

893 3278 1031 3341 Nos
1076 3283 1422 3359 capitulum
1473 3280 1881 3345 Chasmensis
1913 3284 2179 3343 ecclesie
2211 3282 2641 3363 significamus
2672 3280 2974 3341 omnibus
3018 3278 3422 3357 presencium

718 3410 831 3469 per
879 3405 1197 3465 tenorem,¹
1234 3394 1409 3472 quod
1459 3393 1723 3455 Nodulk
1772 3396 1931 3457 filius
1975 3396 2368 3457 Tholomerii
2417 3395 2715 3474 predialis
2761 3393 2844 3454 de
2889 3390 3262 3453 Guerzence
3309 3406 3424 3467 pro

717 3524 785 3564 se
831 3515 892 3565 et
940 3526 1057 3584 pro
1104 3507 1295 3567 fratre
1339 3527 1457 3568 suo
1506 3508 1821 3570 Horvatin
1868 3528 2085 3571 coram
2135 3510 2322 3569 nobis
2367 3508 2782 3587 personaliter
2842 3507 3229 3566 constitutus
3273 3518 3418 3562 cum

720 3617 1023 3679 Marcello
1085 3621 1297 3680 curiali
1362 3624 1598 3681 comite
1658 3641 1775 3682 suo
1821 3636 1885 3682 et
1931 3641 2077 3683 cum
2133 3621 2650 3700 conprcdialibus
2694 3621 2822 3681 suis
2869 3619 3114 3699 rogavit
3161 3634 3285 3676 nos
3329 3617 3416 3673 in-

714 3741 954 3791 stanter
1000 3746 1062 3793 et
1110 3736 1594 3795 intercesserunt
1641 3736 1844 3796 eciam
1888 3754 2007 3815 pro
2055 3735 2284 3795 eodem
2335 3736 2506 3795 idem
2557 3731 2894 3795 Marcellus
2940 3748 3161 3791 comes
3205 3748 3286 3789 ac
3315 3724 3409 3786 alii

714 3845 1155 3922 conprediales
1216 3850 1327 3921 sui,
1375 3847 1551 3926 quod
1615 3857 1818 3907 metas
1878 3858 2041 3907 terre
2102 3866 2214 3908 sue
2274 3859 2598 3927 separatas
2643 3866 2680 3907 a
2729 3846 2946 3905 vicinis
2991 3844 3181 3904 certis
3231 3841 3408 3901 metis

712 3962 895 4023 inseri
960 3972 1179 4020 nostro
1242 3961 1565 4041 privilegio
1628 3962 1996 4035 faceremus,
2059 3964 2206 4040 quia
2268 3961 2568 4021 dicebant
2615 3960 2808 4019 iidem
2855 3956 3187 4037 predialeS,
3233 3950 3406 4034 quod

709 4076 999 4152 quamvis
1045 4076 1159 4152 ipsi
1206 4074 1311 4134 filii
1358 4074 1415 4135 T
1420 4074 1748 4135 holomerii
1795 4074 2028 4134 eodem
2063 4094 2193 4153 quo
2225 4086 2288 4134 et
2321 4076 2434 4153 ipsi
2474 4073 2798 4153 gaudeant
2845 4069 3171 4155 privilegio
3219 4068 3396 4128 liber-

706 4188 869 4259 tatis,
930 4198 1145 4247 tamen
1207 4205 1353 4246 cum
1415 4188 1548 4247 aliis
1594 4189 1988 4267 privilegium
2036 4188 2280 4247 domini
2325 4188 2488 4268 regis
2534 4188 2820 4265 accipere
2867 4202 3000 4245 non
3045 4184 3395 4262 potuissent

707 4299 972 4377 inpediti
1033 4310 1202 4359 etate
1264 4299 1571 4378 pupillari,
1616 4320 1735 4379 pro
1782 4303 1958 4361 cuius
2003 4312 2066 4360 et
2114 4321 2230 4379 pro
2277 4318 2552 4379 quorum
2599 4302 2774 4360 iustis
2819 4296 3248 4377 peticionibus
3293 4294 3398 4353 rni-

704 4414 901 4472 simus
948 4415 1317 4493 magistrum
1364 4411 1744 4494 Gregorium
1791 4417 2300 4475 concanonicum
2347 4424 2655 4486 nostrum,
2687 4414 2794 4490 qui
2839 4410 2922 4471 ad
2971 4427 3092 4469 nos
3137 4407 3388 4468 tandem

704 4525 955 4585 rediens
1025 4538 1226 4587 metas
1293 4530 1575 4605 ipsorum
1645 4526 1915 4588 filiorum
1985 4526 2376 4588 Tholomerii
2446 4526 2710 4606 pacifice
2773 4533 2837 4585 et
2898 4524 3111 4602 quiete
3158 4529 3390 4581 erectas

702 4656 920 4699 coram
990 4639 1205 4699 vicinis
1250 4652 1313 4699 et
1358 4642 1637 4720 signatas
1704 4640 1861 4700 tales
1930 4660 2067 4701 esse
2136 4641 2317 4703 dixit.
2371 4642 2574 4702 Prima
2637 4652 2810 4701 meta
2870 4639 3090 4715 incipit
3135 4655 3172 4695 a
3221 4644 3388 4713 parte

701 4751 987 4812 orientali
1049 4754 1111 4811 in
1173 4754 1562 4813 vicinacione
1624 4752 1930 4813 Demetrii
1977 4753 2082 4814 filii
2147 4754 2353 4815 Deme
2398 4764 2462 4814 et
2504 4773 2542 4813 a
2589 4755 2980 4813 vicinacione
3027 4748 3282 4811 Martini
3325 4748 3380 4806 in

700 4862 891 4922 fluvio
939 4863 1200 4937 Froben,
1231 4866 1293 4924 in
1328 4884 1457 4943 quo
1488 4864 1759 4926 tendens
1790 4886 2005 4928 versus
2051 4867 2455 4928 occidentem
2488 4870 2676 4928 intrat
2710 4869 2774 4927 in
2806 4865 3066 4927 fluvium
3115 4861 3382 4923 Katinna

698 4986 761 5035 et
808 4994 922 5054 per
967 4976 1243 5037 eundem
1290 4980 1599 5039 transiens
1643 4979 1845 5040 tendit
1893 4982 2178 5059 superius
2225 4992 2288 5041 et
2335 4984 2522 5041 intrat
2569 4985 2630 5042 in
2681 4982 2994 5041 minorem
3041 4976 3378 5037 Katinnam

696 5107 810 5165 per
858 5106 1051 5166 quem
1112 5091 1283 5149 venit
1329 5090 1414 5150 ad
1462 5101 1664 5151 metas
1710 5102 1946 5152 terreas
2001 5092 2309 5172 Johannis
2355 5104 2418 5153 ct
2467 5094 2775 5155 Demetrii
2822 5092 3090 5153 comitis,
3135 5088 3379 5152 Abhinc
