3797 5795
1839 392 2248 457 —512—

684 604 797 664 per
838 582 1155 664 Jelawech
1214 584 1626 646 ascendendo
1687 584 1948 645 duceret
2007 602 2212 663 usque
2255 582 2342 643 ad
2389 583 2721 661 quendam
2781 582 2994 643 locum
3039 584 3148 662 qui
3195 580 3396 662 vulgo

686 697 901 761 Pridol
946 698 1260 760 diceretur
1303 710 1367 758 et
1412 698 1495 759 de
1541 697 1756 759 Pridol
1821 696 2197 759 ascenderet
2263 715 2455 775 supra
2515 706 2828 771 montem,
2871 694 2956 755 ibi
3001 704 3214 757 essent
3260 692 3398 754 due

684 820 857 871 mete
916 820 1136 884 terree,
1210 810 1361 872 inde
1422 784 1841 872 descenderet
1900 830 2015 889 per
2076 809 2404 871 modicum
2475 810 2762 888 spacium
2826 810 2890 868 in
2959 808 3118 869 duas
3185 818 3400 869 metas

684 934 922 985 terreas
988 924 1337 984 existentes
1403 924 1569 984 circa
1636 924 1934 984 arborem
2005 920 2204 1001 bykfa
2273 940 2460 983 cruce
2505 922 2970 1002 consignatam,
3029 939 3156 1001 que
3223 929 3402 981 esset

681 1055 875 1115 supra
918 1045 1113 1115 caput
1160 1034 1670 1114 Kokonychfew,
1716 1035 1866 1097 inde
1911 1044 2084 1097 recte
2129 1033 2548 1095 descenderet
2595 1036 2660 1095 in
2707 1032 3038 1113 quandam
3083 1050 3399 1115 magnam

684 1148 916 1209 vallem
966 1150 1029 1209 in
1073 1148 1343 1210 rivulum
1393 1148 1842 1227 Koyuanycha
1884 1158 2186 1209 vocatum
2219 1158 2284 1208 et
2317 1149 2408 1207 sic
2446 1146 2664 1208 eundo
2710 1166 2826 1225 per
2871 1148 3080 1226 ipsum
3127 1144 3409 1207 rivulum

686 1270 753 1321 et
798 1280 911 1340 per
958 1262 1162 1340 ipsam
1208 1261 1437 1323 vallem
1486 1280 1601 1340 per
1646 1280 1954 1343 magnum
2001 1262 2289 1339 spacium
2333 1260 2710 1321 ascenderet
2740 1259 2826 1320 ad
2859 1270 3146 1321 montem
3183 1277 3408 1321 versus

686 1376 999 1435 orientem
1034 1374 1117 1435 ad
1148 1375 1475 1456 quendam
1524 1375 1738 1436 locum
1784 1378 2050 1436 nomine
2096 1374 2383 1450 Wratha,
2421 1375 2528 1435 vbi
2567 1392 2752 1434 secus
2797 1374 2966 1433 viam
3010 1384 3228 1435 essent
3276 1370 3410 1433 due

689 1497 863 1547 mete
921 1496 1141 1562 terree,
1188 1488 1337 1549 inde
1398 1490 1513 1549 iret
1573 1508 1789 1549 versus
1848 1489 2254 1550 occidentem
2321 1507 2436 1568 per
2497 1496 2790 1548 montem
2836 1496 2902 1547 et
2946 1486 3247 1547 tenderet
3293 1503 3411 1565 per

688 1602 834 1681 iuga
896 1603 1151 1675 montiS,
1214 1601 1385 1662 idem
1406 1599 1469 1681 (i)
1516 1620 1632 1680 per
1676 1602 1894 1663 Brizch
1957 1611 2022 1662 et
2080 1603 2322 1663 veniret
2383 1600 2468 1661 ad
2528 1599 2690 1661 duas
2737 1610 2942 1661 metas
2984 1609 3210 1673 tereaS,
3257 1598 3412 1659 inde

688 1712 1061 1774 ascenderet
1121 1714 1205 1775 ad
1268 1725 1557 1775 montem
1622 1715 1945 1788 alciorem,
1991 1716 2052 1775 in
2101 1716 2278 1776 cuius
2321 1715 2738 1794 supremitate
2783 1713 2912 1774 due
2958 1722 3128 1773 mete
3175 1724 3411 1805 terme,

688 1826 837 1887 inde
882 1826 1303 1888 descenderet
1347 1846 1461 1906 per
1508 1827 1795 1907 medium
1839 1827 2128 1889 eiusdem
2177 1829 2414 1888 montis
2443 1837 2507 1887 et
2539 1829 2782 1887 veniret
2826 1825 2913 1886 ad
2959 1824 3157 1887 finem
3207 1826 3414 1905 ipsius

688 1941 941 2013 montiS,
986 1940 1094 1999 ubi
1140 1949 1353 2001 essent
1399 1939 1527 2001 due
1572 1950 1743 2001 mete
1803 1951 2025 2015 terree‚
2071 1940 2221 2001 inde
2281 1941 2572 2001 transiret
2618 1938 2702 1999 ad
2749 1938 3084 2018 quoddam
3157 1938 3408 2001 flumen
3507 1928 3512 1931 ’

686 2050 1123 2133 Strygomnya
1184 2064 1487 2113 vocatum
1547 2063 1611 2114 et
1672 2053 2047 2115 ascenderet
2107 2052 2194 2113 ad
2256 2066 2547 2115 montem
2593 2071 2810 2113 versus
2881 2052 3294 2114 occidentem
3341 2062 3408 2113 et

684 2164 947 2225 duceret
990 2184 1193 2245 usque
1236 2165 1322 2226 ad
1369 2165 1529 2227 duas
1576 2176 1780 2227 metas
1839 2176 2094 2241 terreaS,
2139 2185 2266 2247 que
2311 2178 2522 2227 essent
2569 2168 2636 2226 in
2683 2165 2882 2227 latere
2949 2166 3204 2239 montis,
3251 2164 3406 2225 inde

682 2278 973 2339 transiret
1020 2282 1085 2338 in
1132 2279 1392 2340 modico
1438 2281 1657 2359 spacio
1704 2298 1922 2341 versus
1991 2279 2320 2340 meridiem
2365 2278 2450 2339 ad
2495 2278 2660 2339 duas
2703 2279 2966 2339 arbores
3009 2277 3136 2359 fagi
3183 2296 3404 2339 cruce-

688 2394 987 2472 signataS,
1030 2390 1181 2452 inde
1224 2391 1601 2453 ascenderet
1643 2411 1759 2471 per
1804 2410 2034 2453 nemus
2079 2402 2372 2453 montem
2401 2402 2466 2453 et
2496 2392 2772 2465 fruticeS,
2819 2394 2884 2453 in
2931 2393 3164 2452 vertice
3205 2393 3406 2471 ipsius

690 2507 928 2566 montis
972 2514 1185 2566 essent
1230 2504 1357 2567 due
1403 2515 1575 2566 mete
1620 2515 1823 2567 terree
1854 2514 1921 2565 et
1955 2504 2106 2565 inde
2137 2507 2254 2565 iret
2284 2504 2370 2566 ad
2401 2522 2709 2586 magnam
2754 2506 2924 2565 viam
2971 2504 3076 2567 vbi
3117 2502 3406 2586 essent(!)

691 2617 1110 2695 quadrivium,
1168 2617 1318 2679 inde
1386 2620 1501 2679 iret
1567 2638 1682 2697 per
1742 2617 2072 2697 quandam
2131 2619 2426 2679 semitam
2486 2636 2708 2679 versus
2777 2618 3203 2691 occidentem,
3249 2616 3404 2678 inde

688 2732 982 2791 transiret
1029 2731 1267 2792 directe
1309 2730 1397 2791 ad
1442 2730 1794 2810 quemdam
1838 2730 2102 2793 fluvium
2163 2728 2497 2810 Jalsaycha
2543 2741 2867 2806 vocatum,
2913 2730 3062 2792 inde
3107 2732 3407 2791 transiret

687 2843 899 2922 ipsum
946 2841 1207 2907 fluvium
1252 2843 1665 2906 ascendendo
1694 2863 1810 2924 per
1840 2843 2168 2925 quandam
2214 2845 2510 2906 semitam
2541 2854 2608 2905 et
2639 2843 2932 2906 tenderet
2978 2863 3092 2924 per
3121 2844 3404 2906 eandem

682 2959 985 3018 semitam
1032 2958 1097 3018 in
1141 2958 1473 3019 cacumine
1520 2958 1758 3018 montis
1800 2975 2004 3038 usque
2034 2956 2119 3018 ad
2152 2957 2520 3036 Vysenych,
2565 2957 2674 3018 vbi
2719 2967 2932 3019 essent
2979 2969 3152 3018 mete
3199 2969 3406 3018 terree

682 3069 809 3130 sub
852 3071 1080 3131 arbore
1124 3070 1289 3149 zylfa
1320 3079 1383 3131 et
1414 3088 1529 3150 per
1572 3072 1877 3131 verticem
1922 3071 2116 3149 ipsius
2163 3072 2402 3132 montis
2445 3070 2766 3132 veniendo
2811 3071 3072 3132 caderet
3117 3073 3186 3132 in
3235 3075 3408 3132 viam

680 3193 753 3242 et
782 3187 1023 3245 veniret
1054 3183 1141 3244 ad
1168 3185 1385 3245 locum
1430 3182 1673 3244 Patuch
1716 3195 2037 3257 vocatum,
2081 3184 2190 3244 vbi
2233 3195 2446 3244 essent
2492 3182 2620 3244 due
2659 3194 2832 3244 mete
2863 3195 2928 3244 et
2959 3203 3074 3263 per
3117 3183 3400 3245 eandem

680 3296 855 3358 viam
902 3299 1143 3358 veniret
1172 3297 1258 3358 ad
1286 3297 1597 3358 fossatum
1639 3294 2004 3376 Jamynych
2049 3305 2367 3369 vocatum,
2396 3296 2503 3357 vbi
2549 3307 2764 3356 essent
2809 3296 2940 3358 due
2985 3306 3156 3358 mete
3189 3309 3256 3356 et
3285 3314 3404 3376 per

684 3407 1039 3490 eandem(!)
1070 3409 1390 3470 veniendo
1422 3427 1639 3470 versus
1670 3408 2074 3469 occidentem
2105 3410 2466 3488 perveniret
2498 3409 2583 3470 ad
2614 3426 2920 3491 magnam
2945 3411 3114 3470 viam
3137 3407 3414 3470 Wratha

684 3533 1009 3595 vocatam,
1070 3522 1173 3582 vbi
1220 3532 1435 3583 essent
1496 3521 1622 3582 due
1684 3531 1857 3582 mete
1919 3533 1984 3582 et
2043 3520 2438 3583 transeundo
2498 3523 2704 3600 ipsam
2765 3524 2932 3582 viam
3001 3521 3253 3585 Vratha
3315 3520 3416 3582 di-

684 3647 861 3696 recte
928 3638 1043 3697 iret
1114 3635 1200 3696 ad
1266 3633 1527 3697 fluvium
1589 3633 1976 3715 Jelsouycha
2049 3645 2350 3696 vocatum
2398 3644 2461 3695 et
2517 3653 2633 3714 per
2678 3634 2958 3696 eundem
3019 3635 3284 3698 caderet
3345 3637 3410 3696 in

684 3745 949 3809 fluvium
1026 3747 1455 3829 Strygomnia,
1526 3749 1631 3808 vbi
1708 3761 1881 3808 mete
1958 3757 2168 3808 essent
2242 3759 2306 3807 et
2381 3747 2774 3808 transeundo
2853 3749 3060 3826 ipsum
3139 3747 3406 3810 fluvium

685 3859 1105 3943 Strigomnya
1146 3859 1520 3922 ascenderet
1550 3860 1636 3921 ad
1668 3871 1958 3922 montem
2007 3860 2262 3934 directe,
2308 3861 2412 3920 vbi
2459 3861 2580 3921 sub
2625 3861 2958 3922 arboribus
3003 3861 3228 3940 nyarsa
3278 3862 3408 3922 due

687 3984 863 4036 mete
906 3985 1119 4036 essent
1148 3977 1213 4034 in
1244 3975 1477 4034 vertice
1522 3977 1776 4047 montiS,
1822 3973 2187 4034 incedendo
2234 3972 2474 4034 directe
2521 3973 2938 4035 descenderet
2969 3975 3054 4036 ad
3089 3992 3400 4057 magnam

688 4087 875 4160 viam,
920 4090 1099 4150 iuxta
1147 4105 1343 4167 quarn
1388 4098 1599 4148 essent
1662 4085 1791 4147 due
1836 4097 2012 4147 mete
2055 4100 2120 4146 et
2166 4085 2316 4146 inde
2363 4086 2600 4148 directe
2646 4087 3139 4168 progrederetur
3183 4100 3248 4148 et
3297 4107 3402 4149 ca-

686 4197 869 4262 deret
935 4205 999 4263 in
1066 4200 1325 4262 fluvium
1396 4199 1687 4261 Zohodol
1754 4209 2078 4274 vocatum,
2146 4217 2342 4278 quem
2409 4199 2802 4261 transeundo
2870 4199 3246 4261 ascenderet
3323 4200 3406 4261 ad

688 4325 983 4376 montem
1030 4317 1091 4375 in
1138 4317 1315 4376 cuius
1359 4315 1591 4375 vertice
1636 4314 1756 4375 sub
1802 4311 2138 4373 arboribus
2183 4309 2432 4394 kolsa(!)
2489 4323 2702 4373 essent
2747 4313 2876 4374 due
2923 4323 3094 4374 mete
3139 4323 3204 4374 et
3249 4313 3404 4374 inde

688 4442 807 4502 per
864 4428 1059 4489 berch
1116 4427 1491 4488 ascenderet
1534 4426 1620 4488 ad
1664 4444 1859 4487 vnam
1921 4427 2090 4487 viam
2138 4433 2202 4485 et
2247 4425 2464 4486 eundo
2528 4445 2756 4504 parum
2803 4445 2917 4505 per
2963 4429 3130 4488 viam
3178 4428 3398 4500 exiret,

687 4539 795 4601 vbi
842 4551 1055 4602 essent
1100 4538 1229 4600 due
1273 4552 1445 4600 mete
1475 4551 1539 4600 et
1572 4539 1720 4600 inde
1765 4537 1985 4600 eundo
2031 4557 2145 4618 per
2191 4537 2388 4598 berch
2433 4557 2650 4599 versus
2696 4538 3104 4600 occidentem
3139 4539 3402 4602 descen-

688 4650 873 4713 deret
900 4654 965 4712 in
996 4651 1259 4713 fluvium
1298 4649 1642 4731 Jelsouych
1686 4635 2007 4724 vocatum,
2045 4669 2242 4731 quem
2289 4652 2680 4713 transeundo
2711 4653 2834 4712 sub
2865 4653 3098 4713 arbore
3143 4663 3402 4713 castane

687 4777 901 4827 essent
961 4765 1089 4826 due
1150 4776 1323 4826 mete
1368 4775 1432 4825 et
1478 4764 1629 4825 inde
1686 4762 2062 4826 ascenderet
2122 4765 2410 4843 superius
2455 4775 2522 4824 et
2567 4765 2826 4826 caderet
2887 4766 2954 4825 in
3015 4767 3184 4826 viam
3229 4779 3294 4826 et
3341 4767 3400 4825 in

690 4875 887 4940 berch
934 4880 1053 4939 iret
1098 4880 1163 4939 in
1208 4881 1325 4949 via,
1394 4896 1519 4953 que
1577 4886 1898 4957 separaret
1967 4886 2166 4936 terras
2233 4875 2318 4937 de
2387 4875 2722 4956 owycha
2769 4897 2808 4937 a
2853 4879 3035 4939 terris
3081 4877 3164 4938 de
3215 4877 3410 4960 Wan-

688 4989 917 5068 dycha,
963 4993 1141 5052 iuxta
1188 4991 1465 5054 eandem
1510 4995 1678 5052 viam
1722 4998 1936 5050 essent
1980 4987 2110 5050 due
2151 5001 2339 5064 mete,
2371 4989 2476 5049 vbi
2509 4991 2940 5070 inciperentur
2987 4991 3242 5052 termini
3289 5001 3412 5053 ter..

688 5120 901 5165 rarum
950 5104 1035 5168 de
1086 5103 1473 5182 Wandycha
1517 5115 1581 5165 et
1626 5103 1779 5165 inde
1824 5102 2044 5163 eundo
2093 5122 2208 5183 per
2254 5102 2533 5164 eandem
2573 5105 2742 5165 viam
2793 5122 2910 5184 per
2949 5103 3144 5166 berch
3177 5103 3411 5164 directe
