3797 5795
1475 417 1576 440 ·—
1637 398 1763 462 297
1825 435 1900 442 -—

365 591 614 672 gratiam
641 588 844 649 facere
874 587 1235 667 specialem,
1274 588 1644 650 fraternitati
1681 599 1788 650 tue
1819 590 2205 651 mandamus
2251 595 2548 670 quatinus
2595 592 2807 653 eidem
2858 593 2909 654 F
2912 612 3052 656 ran-

367 706 539 776 cisc0‚
577 702 623 762 si
664 709 757 762 est
801 699 1114 780 ydoneuS,
1173 701 1254 762 de
1313 701 1540 780 aliquo.
1594 701 2025 764 ecclesiastico
2098 702 2410 765 beneficio
2458 707 2852 784 competenti
2906 725 3055 766 cum

367 835 506 877 cura
533 811 622 875 vel
649 812 782 874 sine
813 832 978 887 cura,
1008 815 1058 874 si
1090 813 1269 894 quod
1313 815 1379 874 in
1429 815 1680 876 civitate
1723 816 1774 876 1.
1811 809 1892 898 [L
1918 863 2088 876 .....
2114 811 2156 898 ?]
2206 817 2476 878 diocesis
2502 816 2822 897 Jadrensis
2856 831 3054 890 vacat,

365 928 445 990 ad
469 945 711 1008 presens
741 925 840 988 vel
870 944 1065 1006 quam
1097 929 1374 1004 primurn
1420 927 1505 988 ad
1551 927 1615 988 id
1663 927 1964 990 obtulerit
2009 947 2079 989 se
2109 928 2393 1004 facultaS,
2425 933 2802 992 auctoritate
2834 945 3051 992 nostra

363 1060 468 1121 per
507 1052 568 1101 te
609 1039 704 1101 vel
747 1039 940 1101 alium
986 1039 1323 1119 providere
1368 1059 1688 1120 procure5‚
1732 1040 1973 1102 faciens
2018 1061 2167 1102 eum
2218 1044 2280 1102 in
2327 1043 2595 1105 ecclesia
2640 1045 2705 1105 in
2752 1062 2881 1124 qua
2928 1045 3048 1104 sibi

366 1153 604 1214 duxeris
645 1151 1130 1231 providendum,
1161 1155 1208 1213 si
1243 1152 1578 1234 collegiata
1610 1152 1812 1228 fuerit,
1841 1156 1905 1214 in
1939 1156 2319 1216 canonicum
2354 1174 2466 1217 seu
2498 1157 2799 1218 clericum
2848 1159 3049 1236 accipi

366 1277 425 1326 et
463 1267 524 1326 in
565 1265 831 1326 fratrem.
877 1263 1028 1326 Non
1075 1266 1375 1328 obstante
1419 1276 1658 1327 statuto
1705 1269 1898 1346 ipsius
1944 1267 2208 1328 ecclesie
2252 1268 2334 1329 de
2366 1283 2541 1330 certo
2586 1271 3048 1331 canonicorum

364 1397 468 1440 seu
508 1376 868 1438 clericorum
915 1397 1203 1453 numer0,
1249 1381 1624 1453 iuramentO,
1669 1379 2160 1441 confirmatione
2190 1381 2359 1441 sedis
2389 1381 2743 1460 apostolice
2784 1394 2893 1443 aut
2926 1382 3051 1443 alia

365 1489 626 1572 qualibet
669 1490 960 1552 firmitate
1005 1492 1260 1567 vallat0,
1305 1511 1418 1553 seu
1463 1495 1514 1552 si
1563 1512 1680 1571 pro
1718 1492 1854 1553 aliis
1885 1495 1949 1554 in
1982 1492 2337 1576 eiusdem(!)
2379 1497 2629 1554 civitate
2665 1495 2763 1555 vel
2795 1494 3034 1556 diocesi

358 1605 711 1686 generaliter
740 1614 850 1665 aut
881 1605 946 1664 in
976 1607 1112 1684 ipsa
1159 1605 1426 1666 ecclesia
1471 1605 1826 1684 specialiter
1871 1605 2221 1667 direximus
2266 1608 2499 1685 scripta
2546 1617 2781 1682 nostra,
2816 1609 3046 1687 quibus

360 1719 713 1778 auctoritate
756 1719 1150 1795 presentium
1197 1717 1488 1778 volumus
1533 1719 1952 1797 preiudicium
1999 1720 2303 1800 generari,
2351 1731 2459 1780 aut
2505 1723 2553 1780 si
2602 1722 2685 1780 ab
2732 1721 3051 1799 aliquibus

361 1831 440 1890 ab
479 1830 698 1890 eadem
743 1831 895 1891 sede
942 1830 1259 1891 indultum
1312 1832 1562 1892 existat.
1611 1828 1810 1909 Quod
1855 1831 1939 1892 ad
1986 1834 2421 1910 receptionem
2468 1831 2567 1893 vel
2614 1835 3050 1912 provisionem

363 1942 610 2004 alicuius
667 1945 924 2004 minime
985 1953 1337 2016 teneantur,
1385 1944 1691 2024 quodque
1738 1943 1822 2005 ad
1868 1944 1937 2004 id
1980 1944 2280 2024 compelli
2342 1956 2452 2005 aut
2517 1946 2695 2024 quod
2743 1946 3047 2024 suspendi

362 2056 452 2117 vel
491 2056 769 2116 interdici
801 2066 913 2117 aut
944 2058 1489 2118 excommunicari
1540 2075 1671 2117 non
1717 2058 1964 2135 possint
2002 2060 2151 2132 sive,
2195 2058 2372 2137 quod
2420 2058 2503 2119 de
2542 2053 2919 2141 [be]neficiis
2964 2059 3050 2118 ad

362 2187 570 2229 eorum
629 2167 1029 2230 collationem
1093 2170 1528 2249 spectantibus
1591 2169 1738 2230 nulli
1803 2170 2011 2232 valeat
2077 2171 2394 2250 provideri
2438 2191 2553 2251 per
2600 2171 2841 2233 litteras
2886 2191 3041 2250 apo-

359 2281 598 2341 stolicas
621 2301 744 2342 non
770 2281 1078 2344 facientes
1101 2282 1360 2362 plenam
1384 2293 1450 2344 et
1473 2302 1843 2362 expressam
1869 2283 1952 2344 de
1975 2283 2225 2344 indulto
2256 2284 2619 2345 huiusmodi
2646 2287 3045 2345 mentionem

361 2395 476 2454 sive
518 2394 792 2474 qualibet
837 2396 958 2456 alia
1006 2396 1250 2474 prefate
1295 2396 1464 2456 sedis
1509 2395 1920 2478 indulgentia,
1966 2415 2079 2475 per
2126 2415 2323 2477 quam
2356 2395 2621 2458 effectus
2652 2399 3045 2477 presentium

361 2506 632 2586 impediri
675 2508 882 2569 valeat
927 2509 1028 2569 vel
1074 2507 1278 2569 differi
1325 2518 1388 2570 et
1436 2509 1518 2570 de
1564 2527 1692 2588 qua
1740 2511 1802 2569 in
1850 2511 2081 2570 nostris
2127 2509 2346 2570 litteris
2391 2511 2583 2589 plena
2628 2522 2690 2572 et
2740 2529 3045 2590 expressa

359 2629 417 2679 et
455 2621 732 2698 specialis
777 2621 860 2682 de
906 2631 1048 2682 toto
1111 2633 1333 2684 tenore
1394 2622 1587 2701 ipsius
1653 2625 1897 2683 mentio
1943 2624 2021 2682 sit
2067 2622 2381 2683 habenda.
2431 2618 3043 2707 Contra[dictores?]

362 2735 442 2806 (et
479 2743 672 2792 cetera
717 2741 937 2812 usque)
1009 2734 1500 2814 compescenda
1580 2735 1672 2796 Ita
1737 2745 1955 2796 tamen
2027 2735 2203 2813 quod
2272 2735 2477 2796 dictus
2550 2736 2813 2797 clericus
2882 2738 3043 2796 sicut

359 2843 692 2908 huiusmodi
739 2847 1032 2910 beneficii
1080 2866 1243 2911 onus
1288 2849 1584 2929 requiret,
1617 2867 1684 2909 se
1716 2848 1907 2910 faciat
1936 2850 2185 2911 statutis
2230 2849 2628 2928 temporibus
2674 2850 3040 2929 promoveri

359 2958 436 3018 ad
477 2960 721 3023 ordines
765 2972 829 3022 et
875 2961 1290 3041 personaliter
1336 2962 1608 3023 resideat
1653 2964 1717 3023 in
1764 2962 2016 3023 eodem.
2065 2960 2370 3042 Alioquin
2434 2961 2795 3023 huiusmodi
2844 2965 3047 3044 gratia

361 3071 573 3133 nullius
612 3076 861 3153 penitus
907 3077 985 3135 sit
1033 3078 1363 3136 momenti.
1411 3074 1651 3136 Datum
1699 3075 1870 3153 apud
1910 3074 2153 3137 Urbem
2185 3087 2467 3136 veterem
2503 3074 2645 3136 Vll.
2693 3076 2835 3137 idus
2886 3077 3053 3144 maii,

359 3184 742 3261 pontificatus
790 3190 984 3248 nostri
1034 3207 1205 3248 anno
1260 3189 1465 3249 tertio.

535 3378 664 3435 Urb.
713 3381 823 3439 JV.
872 3400 977 3440 an.
1029 3380 1148 3439 III.
1200 3392 1287 3457 ep.
1343 3385 1512 3437 1624.
1583 3384 1730 3456 Reg.
1793 3382 1922 3439 Vat.
1974 3402 2067 3439 no,
2118 3386 2214 3439 29.
2247 3384 2425 3458 fasc,
2484 3384 2601 3435 311.

1604 3760 1794 3840 792.

365 3932 551 4011 1264,
594 3934 689 3998 11.
733 3934 951 4017 maia.
999 3932 1060 3999 U
1103 3932 1562 4001 Cittavechii.

374 4120 590 4185 Urban
635 4122 760 4185 IV.
804 4131 985 4209 papa
1030 4124 1191 4208 daje
1233 4124 1522 4210 bz'skupu
1571 4126 1909 4188 osorskom
1934 4126 2153 4189 ovlast
2180 4148 2256 4187 za
2287 4122 2642 4188 Zem'tbenu
2692 4122 3042 4208 dispensa.

523 4312 839 4394 Episcopo
899 4314 1302 4377 Abscerensi.
1350 4318 1532 4379 Licet
1596 4320 1981 4379 matrimonii
2045 4328 2447 4379 contractum
2498 4320 2560 4378 in
2607 4326 2837 4396 quarto
2900 4336 3050 4377 con-

364 4428 816 4507 sanguineitatis
846 4430 945 4490 vel
977 4429 1300 4491 affinitatis
1329 4431 1531 4512 gradu
1562 4434 1722 4492 sacri
1745 4450 2028 4492 canones
2052 4431 2450 4505 interdicant,
2470 4432 2804 4492 consuevit
2832 4440 3046 4490 tamen

364 4538 660 4602 interdum
721 4543 906 4604 sedes
966 4544 1318 4623 apostolica
1387 4564 1575 4624 super
1638 4544 1760 4605 hoc
1816 4544 2200 4605 devotorum
2274 4544 2536 4605 inducta
2606 4543 2901 4622 precibus
2961 4543 3053 4603 di-

365 4668 656 4729 spensare.
701 4656 929 4718 Petitio
977 4656 1238 4736 quidem
1285 4656 1499 4718 dilecti
1544 4657 1652 4718 filii
1699 4656 2075 4721 Chodomiri
2118 4656 2200 4717 de
2233 4655 2524 4718 Abscero
2578 4656 2716 4717 laici
2753 4667 2817 4717 et
2850 4655 3053 4717 Desse

366 4765 620 4830 mulieris
675 4770 798 4831 loci
860 4770 1146 4831 eiusdem
1210 4781 1317 4831 tue
1379 4770 1648 4832 diocesis
1695 4772 1879 4833 nobis
1926 4770 2211 4831 exhibita
2257 4770 2651 4845 continebat,
2707 4769 2887 4850 quod
2934 4772 3047 4849 ipsi

366 4882 464 4958 qui
505 4892 721 4961 quarta
767 4895 914 4945 sunt
958 4885 1525 4964 consanguinitatis
1562 4886 1882 4945 coniuncti
1915 4885 2081 4946 linea
2117 4884 2599 4944 matrimonium
2646 4884 2728 4945 ad
2779 4884 3053 4944 invicem

365 5006 800 5059 contraxerunt
844 5006 908 5058 et
953 5008 1440 5076 permanserunt
1471 4998 1596 5058 iam
1629 5017 1744 5077 per
1786 4996 1959 5078 longi
2008 4999 2319 5074 temporis
2365 4999 2639 5076 spatium
2689 4999 2750 5056 in
2798 4996 3052 5058 eodem.

371 5102 494 5168 Nos
521 5109 702 5191 igitur
734 5110 1006 5171 obtentu
1037 5110 1250 5172 dilecti
1281 5109 1390 5171 filii
1424 5108 1651 5171 nobilis
1683 5110 1794 5170 viri
1829 5108 2155 5170 Laurentii
2204 5108 2521 5189 Theopoli
2557 5110 2687 5168 nati
2726 5110 3053 5186 quondam
