3797 5795
1562 404 1978 467 —485—

429 605 498 656 et
544 594 935 667 Lodomerie,
980 594 1241 655 domina
1288 594 1567 676 Kyngue
1613 594 1864 655 ducissa
1914 593 2219 658 Cracovie
2251 606 2315 655 et
2345 594 2785 669 Sandomerie,
2818 614 2936 655 nec
2988 614 3122 655 non

426 716 495 768 et
542 707 789 768 domina
836 706 1015 785 Iolen
1059 706 1308 769 ducissa
1364 707 1450 768 de
1482 706 1669 782 calis,
1713 706 2044 769 karissime
2089 706 2214 769 filie
2259 717 2492 781 nostre,
2533 726 2682 768 cum
2728 708 3120 787 principibus

427 820 789 881 earumdem
850 820 935 881 ad
996 820 1381 882 visitandum
1444 839 1563 881 nos
1623 822 2076 882 convenissent
2121 830 2185 881 et
2229 820 2472 881 eisdem
2519 820 2693 899 apud
2740 840 2859 881 nos
2904 819 3120 899 hospi-

428 932 701 993 tantibus
742 932 825 993 de
869 952 1170 1012 processu
1214 935 1531 995 exercitus
1576 936 1775 995 nostri
1822 934 2174 995 sciscitacio
2219 934 2389 995 facta
2434 932 2651 995 suisset
2683 943 2744 993 et
2780 932 2931 994 nihil
2962 936 3120 994 certi

426 1046 585 1106 scire
624 1047 1047 1124 potuissemus
1078 1046 1161 1107 de
1192 1045 1443 1121 eodem,
1490 1046 1663 1109 idem
1710 1050 2014 1129 magister
2059 1045 2120 1107 N
2125 1046 2363 1107 icolaus
2393 1048 2774 1125 supervenit,
2822 1047 3116 1106 immensi

424 1157 631 1239 gaudii
676 1160 1246 1221 annunciacionem
1291 1160 1479 1221 nobis
1522 1160 1751 1234 retulit,
1793 1161 2031 1234 dicens,
2077 1158 2256 1238 quod
2302 1178 2434 1219 non
2479 1159 2893 1220 solummodo
2939 1178 3118 1219 exer-

423 1272 587 1331 citus
640 1273 831 1350 ipsius
895 1272 1062 1335 Uros
1121 1274 1287 1354 regis
1346 1284 1563 1334 noster
1606 1276 1926 1335 exercitus
1971 1273 2348 1334 convicisset
2395 1284 2460 1333 et
2506 1272 2776 1351 predam
2823 1274 2977 1333 innu
2991 1290 3124 1333 me-

420 1382 679 1444 rabilem
736 1386 1101 1463 accepisset,
1162 1386 1294 1447 imo
1354 1387 1559 1447 eciam
1618 1388 1828 1465 ipsum
1880 1386 2048 1449 Uros
2091 1404 2310 1468 regern
2357 1404 2506 1445 cum
2551 1387 2680 1445 suis
2725 1384 3126 1463 principibus

418 1485 793 1575 captivasset
824 1507 889 1558 et
920 1508 1139 1559 nostro
1186 1501 1557 1578 conspectui
1604 1499 1912 1562 ducerent
1945 1500 2300 1579 captivatos
2330 1508 2394 1559 et
2425 1500 2490 1558 in
2523 1500 2776 1579 signum
2810 1497 3116 1576 triumphi

416 1608 718 1670 vexillum
762 1610 1049 1672 eiusdem
1098 1610 1267 1673 Uros
1311 1615 1477 1693 regis
1521 1623 1671 1674 ante
1714 1613 1932 1674 aulam
1993 1621 2210 1672 nostre
2275 1612 2622 1672 maiestatis
2680 1620 2964 1671 erectum
3011 1630 3124 1671 ex—

414 1722 624 1783 hibuit
665 1732 724 1784 et
768 1724 1067 1799 ostendit,
1100 1744 1229 1803 quo
1276 1727 1429 1798 vi80,
1474 1727 1747 1787 accrevit
1780 1724 1970 1786 nobis
2014 1743 2183 1785 nova
2227 1725 2493 1785 materia
2539 1723 2938 1806 gaudiorum,
2973 1725 3120 1801 quia

414 1834 660 1895 sarnam
722 1845 939 1897 nostre
998 1840 1257 1898 victorie
1320 1839 1457 1899 sine
1518 1838 1733 1917 aliquo
1799 1838 2132 1899 intervallo
2196 1847 2375 1898 ortus
2437 1847 2503 1898 et
2562 1856 2844 1911 occasuS,
2905 1837 3123 1916 aquilo

414 1951 701 2028 percepit
743 1960 807 2011 et
853 1962 1064 2011 auster
1112 1998 1493 2010 .......

610 2141 736 2199 cod.
780 2141 929 2218 dipl.
974 2143 1223 2217 patrius
1283 2142 1448 2200 VIII.
1506 2144 1771 2197 96—97.
1824 2160 1918 2199 no.
1969 2146 2063 2199 76.
2114 2144 2266 2217 (pod
2295 2143 2442 2215 god.
2491 2137 2700 2218 1264.)
2746 2176 2832 2183 --
2877 2142 2968 2197 Po
2999 2142 3121 2198 ori-

378 2245 639 2319 'ginalu
681 2265 758 2303 na
804 2245 998 2320 kojem
1044 2248 1175 2303 vise
1219 2247 1460 2303 ostanci
1504 2250 1730 2321 pec-'ata
1781 2264 1865 2302 na
1911 2246 2146 2322 zelenoj
2201 2265 2222 2302 ι
2285 2248 2536 2321 crvenqj
2589 2248 2765 2303 vrvci
2809 2266 2848 2303 u
2896 2244 3120 2303 arkivu

407 2348 680 2405 knezova
715 2350 1093 2421 Battltya‘nyi
1136 2370 1176 2405 u
1224 2350 1598 2406 Ko‘b‘mendu.
1647 2350 1853 2422 (Sada
1901 2370 1967 2406 se
2014 2370 2090 2406 ne
2135 2353 2298 2407 maie
2343 2350 2538 2422 nac'i).

598 2452 987 2511 Monumenta
1034 2454 1412 2527 llungariae
1456 2454 1751 2510 historica
1799 2453 1912 2510 vol.
1962 2454 2265 2511 XXXIII.
2317 2458 2495 2511 4-5,

1671 2744 1865 2823 952.

408 2918 619 2998 1269,
664 2920 770 2983 17.
810 2919 1151 3002 ianuam.
1199 2918 1259 2984 U
1304 2917 1659 3002 Zaqrebu.

414 3107 875 3174 Prz‘bzlrlavova
923 3109 1143 3173 udova
1190 3108 1226 3171 ι’
1263 3131 1311 3172 n
1300 3107 1536 3195 jezt’m'
1574 3061 1790 3172 aetovz'
1830 3109 2232 3194 ustupljuju
2279 3109 2559 3194 kaptolu
2605 3108 3120 3192 zagrebaa‘komu

680 3221 958 3286 Kas‘inu
996 3221 1278 3308 gornju,
1330 3222 1675 3308 Blagus‘u,
1724 3221 1811 3284 N
1806 3221 1923 3285 ovi
1954 3221 2191 3307 predzj
2232 3221 2265 3284 ι’
2312 3221 2485 3285 Otok
2532 3243 2626 3284 na
2674 3219 2862 3312 Sevi.

583 3415 735 3478 Bela
768 3415 868 3476 dei
898 3418 1107 3496 gracia
1156 3415 1291 3477 dux
1338 3418 1544 3476 tocius
1590 3414 1951 3490 Sclauonie,
1996 3414 2328 3476 Dalmacie
2375 3424 2438 3475 et
2487 3411 2753 3476 Croacie
2821 3412 3119 3473 omnibus

418 3545 667 3607 presens
730 3530 1033 3607 scriptum
1094 3530 1471 3609 inspecturis
1530 3529 1803 3589 salutem
1851 3531 1914 3588 in
1963 3547 2115 3589 uero
2176 3529 2447 3589 salutari.
2516 3525 2627 3588 Ad
2672 3529 3115 3587 vniuersorum

422 3643 711 3703 noticiam
762 3640 983 3702 harum
1030 3645 1191 3703 serie
1235 3642 1531 3703 volumus
1576 3642 1928 3720 peruenire,
1990 3641 2167 3720 quod
2214 3660 2361 3703 cum
2411 3639 2628 3701 relicta
2674 3638 2960 3700 Pribizlai
3008 3657 3116 3699 co-

423 3753 598 3827 mitis,
639 3755 903 3816 nomine
949 3755 1201 3829 Lilium,
1246 3757 1687 3818 assistentibus
1732 3755 1851 3815 sibi
1883 3756 2134 3836 generis
2178 3755 2320 3822 suis,
2367 3753 2598 3835 Egidio
2645 3752 2940 3813 videlicet
2983 3751 3115 3812 filio

425 3864 689 3941 Berizlai,
749 3865 1129 3929 Alexandro
1193 3867 1323 3930 filio
1388 3867 1623 3932 Cozme
1669 3868 1751 3930 de
1797 3887 2034 3950 genere
2101 3865 2383 3946 Tyboldi
2432 3877 2496 3928 et
2543 3867 2715 3927 Iwan
2761 3864 2891 3926 filio
2939 3863 3115 3927 Sala-

421 3982 637 4056 moniS,
678 3983 973 4042 traxisset
1033 3999 1253 4042 coram
1315 3982 1500 4042 nobis
1560 3981 1781 4042 fideles
1850 3991 2105 4042 nostros
2151 3980 2501 4059 capitulum
2547 3979 2841 4040 videlicet
2887 3977 3115 4058 Zagra—

420 4091 643 4155 biensis
688 4092 953 4154 ecclesie
986 4094 1046 4153 in
1080 4113 1356 4169 causam,
1403 4093 1775 4173 impetendo
1823 4093 2092 4154 eosdem
2123 4110 2314 4171 super
2344 4102 2617 4171 quatuor
2663 4091 2849 4151 villis:
2904 4088 3116 4153 Casna

419 4207 731 4282 superiori,
792 4205 1081 4286 Blagusa,
1130 4204 1321 4266 Nouo
1382 4205 1610 4266 Predio
1674 4207 1916 4267 vocatis
1961 4216 2025 4266 et
2075 4205 2286 4266 Insula
2348 4223 2497 4264 cum
2566 4213 2754 4282 portu
2818 4204 2879 4263 in
2927 4202 3114 4277 Zaua,

420 4335 573 4396 quas
628 4319 867 4380 dictum
934 4318 1282 4397 capitulum
1345 4321 1505 4380 sicut
1569 4319 1762 4379 iidem
1816 4319 2238 4392 affirmabant,
2301 4317 2522 4378 babuit
2567 4337 2604 4376 a
2652 4316 3114 4396 quinquaginta

418 4433 609 4506 anniS,
655 4435 858 4495 tenuit
902 4432 1168 4512 pacifice
1213 4444 1275 4493 et
1321 4432 1623 4512 possedit.
1668 4430 1968 4493 Tandem
2015 4432 2184 4493 dicta
2230 4430 2446 4492 relicta
2487 4427 2770 4490 Pribizlai
2802 4439 2865 4488 et
2897 4429 3115 4510 generi

418 4547 527 4620 sui,
568 4549 673 4625 qui
718 4549 974 4607 racione
1022 4556 1247 4626 quarte
1288 4563 1483 4625 quam
1530 4545 1817 4606 debitam
1865 4547 1994 4606 suis
2040 4544 2344 4604 vxoribus
2378 4547 2441 4603 in
2473 4543 2659 4604 dictis
2703 4541 2862 4602 villis
2894 4559 3114 4601 coram

418 4660 595 4720 nobis
638 4658 1085 4732 vendicabant,
1130 4669 1390 4738 propter
1436 4659 1683 4719 bonum
1728 4659 1906 4737 pacis
1953 4655 2315 4718 huiusmodi
2363 4656 2572 4717 forma
2618 4654 3116 4734 composicionis

415 4773 569 4832 inter
610 4791 723 4833 eos
756 4783 820 4833 et
854 4782 1281 4833 memoratum
1327 4771 1675 4850 capitulum
1708 4790 1795 4831 ex
1827 4781 2045 4832 nostra
2090 4769 2508 4849 permissione
2554 4770 2909 4841 interuenit,
2940 4766 3117 4845 quod

413 4884 755 4964 capitulum
803 4885 1239 4966 Zagrabiensis
1283 4883 1548 4944 ecclesie
1579 4903 1697 4962 pro
1729 4904 1828 4959 eo,
1863 4883 2044 4964 quod
2075 4883 2516 4964 progenitores
2562 4881 2776 4942 relicte
2826 4878 3112 4940 Pribizlai

411 4997 671 5060 ecclesie
717 4997 983 5061 fideliter
1028 4999 1401 5059 seruiuerint
1431 5006 1496 5058 et
1528 4997 1766 5058 deuote
1796 5008 1861 5059 et
1892 4997 1977 5058 ab
2010 4996 2240 5057 eadem
2272 4992 2538 5054 ecclesia
2585 4995 2836 5055 enutriti
2878 4992 3113 5054 fuerint

411 5124 471 5173 et
517 5115 721 5174 eciam
767 5111 1033 5185 educati,
1065 5110 1236 5172 nulla
1284 5111 1430 5170 iuris
1476 5111 1852 5173 necessitate
1897 5112 2124 5184 coacti,
2170 5107 2286 5170 sed
2332 5106 2672 5169 dumtaxat
2705 5107 2840 5168 sola
2871 5107 3110 5185 pietate
