3797 5795
1543 374 1953 435 *135—

1631 667 1851 747 ⁶43.

395 870 598 949 1259,
645 872 705 935 2.
753 868 1085 935 oktobra.
1132 869 1192 936 U
1237 868 1570 935 Stolnom
1616 866 2007 951 Bioqradu.

401 1061 570 1123 Bela
617 1060 807 1144 kragj
849 1058 1137 1145 ugarskt'
1178 1058 1210 1121 ι’
1248 1058 1565 1123 hrwalskz'
1603 1057 1975 1142 dosudjuje
2021 1056 2311 1139 bt'skupa
2358 1056 2818 1140 zagrc'bacfk0›tc
2860 1052 3103 1135 ffz‘lz'pu

391 1172 634 1257 possed
671 1194 767 1235 sv.
821 1171 1143 1235 -ldarl7'na
1189 1173 1323 1234 kod
1386 1172 1613 1248 Vas‘ke,
1667 1170 1816 1254 kojz'
1857 1192 1919 1232 m
1930 1193 1973 1232 u
2005 1170 2085 1251 je
2132 1169 2444 1251 naslojao
2500 1168 2668 1231 oleti
2718 1168 2943 1229 Pavao
2986 1165 3103 1228 sin

1507 1285 1752 1347 Boric‘a
1799 1285 1995 1345 bana.

579 1477 725 1539 Bela
772 1479 876 1539 dei
923 1481 1132 1559 gracia
1185 1479 1483 1559 Vngarie‚
1544 1478 1893 1550 Dalmacie,
1944 1474 2226 1547 Croacie‚
2272 1476 2494 1547 Rame,
2540 1473 2777 1548 Seruie,
2825 1472 3109 1549 Gallicie,

403 1591 808 1665 Lodomerie,
857 1590 1298 1669 Cumanieque
1345 1610 1460 1652 rex
1514 1591 1814 1650 omnibus
1858 1591 2257 1667 presencium
2307 1590 2680 1667 inspecturis
2726 1587 2997 1647 salutem
3045 1589 3107 1646 in

400 1704 686 1764 domino,
734 1703 834 1765 Ne
881 1723 1090 1765 rerum
1139 1706 1370 1765 ueritas
1413 1717 1739 1785 gestorum
1790 1702 2106 1762 erroribus
2167 1701 2518 1761 occultetur
2564 1710 2627 1761 et
2676 1720 2756 1760 ne
2804 1703 3107 1761 noticiam

401 1820 800 1896 presencium
847 1828 1208 1878 transcursu
1252 1830 1616 1896 temporum
1665 1816 2011 1876 obsorbeat
2072 1814 2329 1887 obliui0,
2376 1824 2589 1873 nostre
2636 1816 2805 1893 regie
2851 1816 3112 1873 interest

400 1931 854 2005 sollicitudiniS,
901 1943 967 1991 vt
1013 1950 1105 2003 ea,
1153 1950 1278 2009 que
1324 1948 1540 1991 coram
1591 1929 1777 1990 nobis
1823 1932 1886 1989 in
1934 1928 2133 2009 figura
2181 1928 2387 1988 iudicii
2436 1929 2796 1999 actitantur,
2841 1926 2923 1987 ad
2970 1944 3109 2005 per-

401 2054 662 2123 petuam
711 2046 796 2103 rei
847 2046 1224 2103 memoriam
1270 2045 1516 2122 scriptis
1561 2044 1895 2103 autenticis
1942 2040 2491 2101 commendemus
2538 2039 2815 2101 Proinde
2861 2039 2943 2099 ad
2976 2042 3111 2099 vni-

402 2176 731 2217 uersorum
779 2158 1080 2217 noticiam
1114 2166 1337 2217 tenore
1368 2159 1768 2235 presencium
1805 2155 2098 2216 volumus
2129 2156 2477 2233 peruenire.
2526 2153 2703 2233 quod
2736 2172 2884 2214 cum
2917 2172 3105 2213 vene-

403 2271 616 2331 rabilis
677 2281 859 2350 pater
921 2269 1246 2349 Philippus
1307 2272 1646 2349 episcopus
1707 2268 2159 2349 Zagrabiensis,
2206 2267 2474 2327 dilectus
2518 2277 2582 2327 et
2630 2266 2833 2327 fidelis
2880 2276 3111 2339 noster,

402 2404 590 2463 super
638 2395 802 2445 terra
847 2385 1046 2443 sancti
1095 2382 1367 2455 Martini,
1415 2382 1746 2461 quondam
1794 2380 2019 2443 Borich
2070 2382 2213 2439 bani
2264 2401 2301 2440 a
2346 2379 2545 2440 Paulo
2592 2378 2723 2439 filio
2772 2380 3104 2459 quondam

407 2497 632 2558 Borich
697 2498 842 2556 bani
906 2515 1122 2556 coram
1188 2496 1372 2556 nobis
1432 2505 1668 2555 tractus
1729 2495 1946 2555 fuisset
2009 2496 2071 2553 in
2130 2512 2409 2566 causam,
2462 2492 2634 2553 idem
2688 2493 2919 2554 Paulus
2964 2511 3109 2571 pre-

404 2611 643 2671 dictam
689 2621 924 2671 terram
974 2622 1196 2689 utpote
1243 2609 1686 2669 hereditariam
1734 2608 1848 2668 sibi
1895 2626 2043 2691 curn
2094 2608 2400 2667 instancia
2462 2609 2697 2667 restitui
2748 2606 3113 2685 postulauit.

403 2723 839 2804 Zagrabiensis
887 2742 1039 2783 vero
1100 2725 1438 2801 episcopus
1497 2721 1852 2801 predictam
1916 2732 2147 2781 terram
2194 2719 2379 2780 titulo
2424 2722 2778 2798 empcionis
2839 2720 2999 2779 dixit
3047 2738 3115 2779 se

409 2837 641 2897 habere
688 2849 750 2897 et
797 2838 998 2897 eciam
1061 2836 1388 2917 possidere
1435 2846 1497 2896 et
1546 2835 1943 2895 venditorem
2010 2851 2123 2893 seu
2182 2844 2468 2893 actorem
2516 2852 2699 2893 suum
2750 2833 3111 2914 religiosum

408 2953 611 3012 uirum
681 2952 939 3012 fratrem
1013 2950 1439 3012 Rembaldum
1512 2950 1854 3009 domorum
1912 2947 2241 3026 hospitalis
2279 2946 2768 3026 jerosolimitani
2817 2965 2930 3025 per
2977 2946 3115 3006 Vn-

409 3065 652 3144 gar-iam
701 3075 764 3124 et
809 3063 1218 3125 Sclauoniam
1284 3074 1436 3124 tunc
1499 3065 1810 3122 maiorem
1871 3071 2316 3140 preceptorem
2380 3061 2735 3120 nominauit
2784 3070 2847 3119 et
2895 3059 3116 3120 litteris

408 3177 786 3238 authenticis
847 3177 1134 3238 eiusdem
1197 3177 1401 3236 fratris
1471 3174 1806 3235 Rembaldi
1855 3193 2045 3252 super
2091 3172 2213 3233 hoc
2258 3173 2567 3234 consectis
2613 3173 2893 3254 legitime
2937 3191 3115 3232 com-

409 3289 722 3367 probauit.
771 3287 1064 3368 Cumque
1111 3307 1298 3367 super
1331 3288 1546 3348 hocin
1581 3298 1797 3348 nostre
1840 3289 2188 3348 maiestatis
2233 3287 2559 3365 presencia
2607 3285 2824 3346 suisset
2871 3284 3115 3345 diucius

409 3403 743 3483 litigatum,
789 3402 1054 3462 tandem
1086 3402 1296 3462 eidem
1331 3401 1732 3482 Zagrabiensi
1766 3403 2073 3479 episcopo
2118 3411 2181 3460 et
2212 3400 2384 3460 fratri
2432 3397 2727 3460 Arnoldo
2769 3399 3116 3458 domorum

410 3515 653 3576 maiore
699 3526 1076 3594 preceptore
1123 3534 1236 3594 per
1282 3513 1634 3594 Vngariam
1683 3525 1744 3574 et
1793 3513 2221 3586 Sclauoniam,
2269 3515 2373 3592 qui
2422 3512 2631 3573 eidem
2703 3513 2875 3573 fratri
2924 3513 3119 3574 Rem-

411 3627 609 3688 baldo
671 3628 1040 3688 immediate
1100 3630 1400 3688 successit
1463 3648 1546 3688 ex
1609 3646 1730 3688 vna
1799 3637 1981 3706 parte
2026 3640 2087 3686 et
2152 3626 2348 3687 Paulo
2395 3626 2645 3705 prefato
2706 3623 2837 3686 filio
2886 3624 3116 3685 Borich

413 3741 562 3800 bani
609 3759 826 3802 coram
876 3742 1060 3801 nobis
1106 3743 1466 3801 constitutis
1515 3761 1598 3800 ex
1631 3741 1846 3811 altera,
1891 3759 2039 3801 cum
2089 3740 2170 3800 de
2218 3741 2454 3800 meritis
2500 3757 2689 3800 cause
2737 3740 2930 3817 ipsius
2975 3757 3115 3817 pre-

410 3852 698 3914 sentibus
758 3856 990 3914 nostris
1050 3854 1396 3914 baronibus
1457 3871 2011 3934 cognosceremus,
2056 3855 2118 3913 in
2166 3855 2301 3931 ipsa
2349 3854 2655 3913 instancia
2724 3851 2928 3912 iudicii
2978 3871 3117 3930 pre-

413 3966 621 4026 dictus
669 3966 898 4027 Paulus
944 3966 1378 4044 deprehensus
1409 3977 1504 4026 est
1537 3977 1785 4026 nostras
1817 3968 2019 4047 regias
2052 3965 2287 4026 litteras
2334 3965 2672 4026 falsauisse.
2722 3962 2885 4026 Cum
2934 3967 3119 4046 igitur

413 4090 478 4140 et
525 4083 574 4139 si
621 4079 861 4159 aliquid
924 4081 1070 4140 iuris
1115 4083 1177 4139 in
1224 4079 1510 4158 predicta
1574 4092 1737 4139 terra
1798 4081 1997 4139 sancti
2064 4078 2317 4140 Martini
2363 4078 2687 4156 predictus
2735 4079 2965 4139 Paulus
3011 4078 3118 4138 ha-

419 4193 614 4265 beret,
660 4203 924 4271 propter
982 4194 1217 4253 uicium
1278 4203 1608 4271 comperte
1669 4193 1955 4253 falsitatis
2000 4193 2135 4270 ipsa
2181 4202 2345 4252 teira
2391 4194 2589 4252 sancti
2640 4191 2915 4265 Martini,
2958 4194 3119 4251 sicut

417 4318 482 4366 et
527 4306 648 4366 alia
695 4306 866 4366 bona
915 4325 1026 4366 sua
1073 4305 1156 4366 ad
1203 4316 1451 4366 nostras
1515 4325 1742 4366 manus
1804 4315 2017 4366 essent
2080 4307 2307 4365 merito
2370 4304 2797 4380 deuoluenda‚
2844 4323 2961 4364 nos
3006 4304 3117 4364 de-

419 4419 688 4480 liberato
750 4421 1041 4479 omnium
1103 4420 1414 4480 baronum
1480 4429 1841 4479 nostrorum
1906 4421 2009 4493 qui
2073 4428 2225 4479 tunc
2286 4419 2550 4479 aderant
2627 4419 2909 4487 consili0,
2979 4436 3119 4496 pre-

418 4532 661 4592 dictum
723 4532 1211 4613 Zagrabiensem
1291 4535 1662 4611 episcopum
1740 4550 1931 4610 super
2000 4533 2134 4610 ipsa
2202 4542 2365 4593 terra
2434 4535 2633 4592 sancti
2714 4532 2963 4592 Martini
3036 4532 3120 4592 ab

417 4647 828 4723 impeticione
873 4647 1066 4724 ipsius
1116 4646 1286 4706 Pauli
1319 4658 1381 4705 et
1414 4647 1702 4704 omniurn
1751 4647 1859 4724 qui
1907 4647 2187 4718 nomine,
2218 4648 2349 4705 iure
2381 4664 2489 4705 seu
2522 4647 2893 4706 occassione
2924 4647 3119 4724 ipsius

421 4757 594 4818 Pauli
642 4759 850 4836 ipsum
915 4757 1314 4836 impeterent,
1361 4758 1462 4818 uel
1508 4761 1817 4836 impetere
1876 4768 2157 4836 possent.
2204 4758 2758 4819 sentencionaliter
2818 4758 3121 4819 duximus

418 4870 907 4944 absoluendum,
952 4870 1392 4932 adiudicantes
1437 4872 1647 4931 eidem
1696 4873 2001 4950 episcopo
2047 4890 2160 4948 per
2205 4870 2479 4931 eandem
2542 4874 2934 4932 sentenciam
2982 4891 3121 4950 pre-

419 4985 658 5045 dictam
707 4994 939 5044 terram
986 4986 1184 5044 sancti
1237 4983 1488 5044 Martini
1537 4995 1850 5062 perpetuo
1896 4995 1961 5044 et
2006 4983 2269 5062 pacifice
2315 4984 2789 5062 possidendam.
2841 4986 2909 5045 In
2944 4988 3122 5046 cuius

419 5102 506 5159 rei
541 5097 906 5159 firmitatem
940 5108 1004 5156 et
1035 5097 1228 5157 robur
1275 5109 1602 5176 presentes
1647 5097 1884 5157 litteras
1934 5107 2182 5156 nostras
2227 5101 2658 5160 concessimus
2704 5098 2880 5180 sigilli
2926 5101 3119 5159 nostri
