3797 5795
1557 373 1917 436 ,35-

387 569 558 620 meta
603 569 807 620 terrea
853 571 916 620 et
964 561 1048 620 ibi
1095 561 1392 621 cadendo
1447 563 1510 621 in
1561 565 1731 623 uiam
1779 610 2345 625 ..........
2400 567 2571 626 uenit
2616 567 2700 626 ad
2748 615 3003 626 .....
3052 588 3088 627 e

384 683 478 734 est
526 676 690 733 inter
719 675 852 734 vias
883 684 946 733 et
976 693 1090 752 per
1120 676 1322 752 ipsam
1373 674 1544 735 uadit
1591 687 1655 736 et
1701 677 1990 754 peruenit
2038 695 2241 756 usque
2290 680 2541 739 vineam
2588 681 2779 758 ipsius
2826 677 3085 741 Otmich

383 805 512 866 que
557 795 652 847 est
700 789 748 846 si
777 834 1524 847 .............
1573 793 1616 848 it
1664 792 1725 848 in
1779 837 2100 851 ......
2147 809 2263 870 per
2306 809 2502 872 quem
2549 792 2757 852 tendit
2802 794 3087 871 superius

384 900 468 961 ad
515 900 902 979 aquilonem,
947 900 1180 962 deinde
1242 905 1568 962 reuertitur
1611 921 1724 981 per
1769 902 2002 963 uallem
2051 903 2135 964 ad
2180 906 2492 965 orientem
2522 952 3085 965 ..........

385 1013 720 1076 Mortunus
767 1060 1264 1074 .........
1314 1034 1341 1073 r
1405 1015 1488 1074 ad
1536 1015 1868 1076 meridiem
1915 1017 2000 1076 ab
2045 1017 2192 1078 hinc
2240 1019 2464 1078 iterum
2512 1018 2596 1078 ad
2642 1020 2954 1079 orientem
3000 1019 3083 1078 ad

383 1129 661 1205 priorem
709 1139 970 1202 metam,
1031 1128 1137 1188 ubi
1199 1128 1316 1188 suit
1377 1131 1628 1206 incepta
1690 1143 1754 1188 et
1817 1132 1907 1189 sic
1970 1127 2383 1208 (terminatur.
2460 1131 2544 1193 Ut
2592 1133 2777 1212 igitur
2820 1132 3085 1210 predicti

387 1289 642 1300 .....
718 1243 1051 1320 perpe)tua
1097 1259 1256 1319 pace
1316 1241 1726 1322 gratulentur,
1803 1254 2133 1321 presentes
2202 1243 2439 1304 litteras
2509 1246 2570 1303 in
2648 1245 3084 1305 testimonium

385 1365 692 1434 perpetue
743 1354 1056 1416 firmitatis
1101 1351 1234 1413 dari
1282 1355 1546 1414 fecimus
1590 1355 1903 1436 sigillique
1944 1356 2141 1416 nostri
2188 1355 2456 1434 duplicis
2504 1359 2853 1417 munimine
2899 1357 3089 1416 robo-

383 1481 569 1530 ratas,
642 1468 883 1530 Datum
930 1487 1044 1548 per
1087 1486 1315 1529 manus
1367 1466 1700 1548 Smaragdi
1748 1469 2051 1547 prepositi
2096 1466 2416 1542 Albensis,
2460 1468 2603 1530 aule
2651 1481 2865 1530 nostre
2927 1471 3087 1530 vice-

383 1581 736 1642 cancellarii
784 1581 994 1643 dilecti
1043 1591 1105 1642 et
1150 1580 1355 1642 fidelis
1401 1583 1616 1640 nostri.
1663 1579 1859 1640 Anno
1908 1581 2150 1640 domini
2201 1581 2537 1643 millesimo
2594 1580 2719 1646 CC.
2774 1585 3085 1662 quinqua-

383 1697 630 1776 gesimo
689 1706 894 1769 sexto,
957 1693 1092 1755 llll.
1154 1695 1296 1754 idus
1341 1694 1722 1768 novembris,
1781 1696 1957 1775 regni
2018 1704 2235 1755 autem
2300 1697 2495 1756 nostri
2559 1713 2730 1756 anno
2784 1697 3085 1756 vicesimo

383 1808 690 1870 secundo.

570 2018 867 2093 Orejginal
906 2038 987 2074 na
1023 2017 1395 2094 pergameni
1436 2017 1567 2074 vrlo
1614 2020 1848 2073 oste-den
1898 2037 1937 2073 u
1984 2017 2073 2073 ἐν.
2110 2037 2287 2090 ugar.
2322 2017 2545 2074 arkivu
2594 2037 2631 2073 u
2684 2017 3085 2093 Budimpes'ti.

383 2124 472 2179 M.
521 2123 588 2180 O.
622 2125 700 2180 D.
741 2123 806 2180 L.
865 2126 1090 2180 ···35.145,
1135 2122 1244 2180 Na
1290 2122 1494 2178 lisft'ni
1535 2122 1660 2177 visi
1700 2141 1733 2178 o
1780 2123 2033 2196 crzrenoj
2060 2121 2325 2195 sviknos
2348 2123 2523 2178 vrvci
2567 2121 2811 2178 ulomak
2850 2127 3077 2196 pec‘ata

1641 2647 1829 2724 563.

379 2857 583 2938 1256,
628 2857 735 2922 10.
781 2855 1200 2923 novembra.

385 3048 664 3111 Razvod
707 3048 929 3131 medja
978 3046 1270 3129 z'zmedju
1317 3047 1746 3130 §omogjkoga
1780 3054 2046 3130 §upana
2081 3045 2397 3107 llenm'ka
2432 3046 2464 3107 ι’
2482 3046 2831 3129 podam'ka
2854 3047 3078 3130 gradu

1604 3157 1874 3222 Garic‘a.

553 3378 704 3441 Bela
753 3380 851 3439 dei
901 3381 1112 3460 gracia
1163 3379 1504 3459 Hungarie.
1551 3376 1898 3447 Dalmacie‚
1934 3376 2215 3451 Croacie,
2266 3379 2482 3450 Kame,
2516 3377 2752 3447 Seruio,
2788 3376 3079 3443 Gallicie.

382 3494 790 3564 Lodomerie‚
838 3490 1276 3570 Cumanieque
1323 3510 1438 3551 rex
1484 3491 1783 3551 omnibus
1831 3488 2057 3553 Christi
2108 3490 2399 3551 fidelibus
2460 3499 2787 3567 presentes
2836 3490 3077 3549 litteras

377 3608 752 3685 inspecturis
796 3605 1066 3665 salutem
1115 3606 1174 3663 in
1223 3622 1302 3664 eo
1367 3606 1472 3681 qui
1520 3616 1616 3664 est
1661 3604 1827 3663 salus
1873 3605 2180 3663 omnium.
2244 3601 2456 3665 Officii
2504 3606 2697 3662 nostri
2747 3614 2861 3661 etc.
2930 3602 3077 3681 (kao

375 3721 502 3778 kod
524 3720 697 3794 broja
741 3723 872 3775 559.
921 3739 1026 3776 sve
1055 3722 1132 3776 do
1171 3728 1532 3775 »matermm
1564 3718 1835 3775 habeant
1861 3717 2325 3793 querulande'‹.)
2375 3713 2481 3775 Ex
2513 3715 2741 3793 quibus
2774 3714 3069 3774 uidelicet

375 3831 820 3915 iobagionibus
865 3833 1046 3892 castri
1095 3828 1358 3909 predicti
1409 3844 1578 3889 mete
1625 3839 1931 3889 terrarum
1980 3828 2233 3889 Martini
2291 3829 2541 3887 comitis
2598 3826 2703 3887 filii
2752 3825 2947 3897 Tusk‚
2992 3846 3068 3887 ac

376 3945 582 4007 fratris
657 3947 850 4023 ipsius
925 3946 1184 4003 nomine
1251 3940 1450 4015 Gord‚
1525 3961 1651 4021 que
1713 3942 2053 4022 uulgariter
2122 3941 2534 4001 Borsonouch
2607 3949 3073 4018 nuncupantur,

375 4068 566 4136 prout
612 4057 819 4118 dictus
863 4056 1062 4117 homo
1109 4068 1324 4116 noster
1373 4056 1752 4116 Benedictus
1800 4055 1984 4114 nobis
2024 4054 2255 4132 retulit,
2302 4063 2488 4132 prout
2543 4054 2743 4113 eciam
2794 4052 3075 4130 prefatus

381 4172 760 4253 Pangracius
821 4189 935 4248 per
979 4188 1124 4229 suas
1183 4168 1420 4228 litteras
1481 4169 1812 4239 imminuit,
1873 4168 1997 4228 hoc
2060 4167 2281 4227 ordine
2342 4166 2785 4247 distinguntur.
2868 4165 3074 4225 Prima

375 4296 548 4344 meta
592 4285 810 4361 incipit
857 4303 894 4342 a
939 4292 1119 4360 parte
1166 4281 1539 4341 occidentali
1589 4282 1707 4341 sub
1755 4299 1876 4339 vna
1922 4281 2169 4353 arbore,
2211 4298 2335 4358 que
2368 4279 2560 4359 uulgo
2594 4278 2791 4355 scylfa
2825 4278 3071 4351 dicitur,

373 4398 540 4458 eirca
585 4414 779 4475 quam
825 4406 922 4455 est
969 4404 1138 4455 meta
1186 4406 1386 4454 terrea
1431 4396 1709 4468 antiqua,
1739 4411 2041 4471 separans
2088 4392 2317 4452 limites
2348 4390 2747 4453 Grassancha
2778 4411 2817 4449 a
2852 4387 3072 4469 Garyg

373 4529 563 4589 super
609 4510 856 4570 vineam
919 4506 1293 4569 sacerdotis:
1355 4506 1589 4566 deinde
1649 4516 1782 4566 tam
1844 4525 1959 4584 per
2020 4508 2253 4571 vineas,
2312 4524 2425 4583 per
2490 4503 2683 4565 valles
2748 4514 2811 4563 et
2876 4502 3075 4563 colles

373 4622 590 4685 eundo
665 4622 1028 4701 peruenitur
1094 4620 1178 4682 ad
1249 4630 1451 4680 metas
1525 4619 1646 4679 sub
1720 4619 1949 4677 arbore
2019 4617 2401 4679 berekenefa
2476 4636 2665 4701 super
2742 4615 3065 4693 quandam

372 4740 624 4797 vineam
673 4736 736 4795 in
784 4744 1024 4807 monte,
1099 4732 1331 4794 abhinc
1393 4734 1594 4792 eciam
1655 4750 1768 4811 per
1831 4731 2023 4791 valles
2068 4742 2132 4791 et
2186 4730 2380 4790 colles
2428 4732 2625 4810 vergit
2673 4729 2911 4789 directe
2955 4748 3069 4807 per

372 4866 680 4931 magnum
747 4850 1032 4927 spacium
1093 4846 1176 4908 ad
1236 4846 1396 4907 duas
1459 4845 1718 4905 arbores
1787 4843 1941 4904 tulsa
2010 4844 2425 4922 dupplicataS,
2503 4843 2624 4903 sub
2684 4842 2915 4920 quibus
2976 4852 3071 4901 est

372 4974 544 5023 meta
605 4963 786 5023 iuxta
847 4978 1146 5041 magnam
1209 4962 1376 5019 viam
1439 4959 1496 5017 in
1563 4968 1786 5017 monte
1853 4967 2111 5017 euntem
2176 4956 2257 5016 ad
2338 4966 2611 5016 castrum
2678 4952 2889 5034 Garig‚
2956 4970 3072 5032 per

373 5078 578 5155 ipsam
624 5076 839 5153 itaque
883 5075 1048 5133 viam
1097 5072 1314 5132 eundo
1359 5074 1509 5131 satis
1557 5071 1748 5151 longe
1795 5071 1856 5129 in
1906 5068 2099 5129 berch
2146 5070 2509 5147 peruenitur
2554 5067 2637 5128 ad
2683 5067 2914 5138 locum,
2964 5066 3072 5125 ubi

2862 5210 2899 5248 ο
