3797 5795
1904 286 2261 350 „30—

1982 578 2173 660 597.

731 709 937 774 1257.

732 900 1019 986 Sljepan
1069 901 1198 963 ban
1235 901 1635 987 potvrdjuje
1695 902 1993 986 nagodu,
2049 902 2245 986 glede
2304 905 2535 989 zemgje
2600 907 2835 969 Lonke
2894 905 3229 992 ucft'njenu
3275 909 3449 993 pred

1437 1014 1846 1100 Tz'burce'jem
1893 1021 2225 1100 §upanom
2274 1017 2746 1102 zagrebac‘kz'm.

905 1211 1267 1289 Stephanus
1334 1210 1538 1270 banus
1607 1211 1810 1270 tocius
1878 1209 2219 1271 Sclauonie
2288 1222 2351 1270 et
2419 1213 2786 1289 capitaneus
2860 1212 3070 1290 Styrie
3139 1214 3443 1274 omnibus

729 1334 1057 1404 presentes
1104 1324 1339 1384 litteras
1385 1325 1755 1402 inspecturis
1786 1323 2057 1383 salutem
2091 1326 2151 1383 in
2187 1323 2469 1383 domino.
2505 1321 2611 1384 Ad
2645 1328 3083 1386 uniuersorum
3134 1328 3438 1386 noticiam

733 1439 1030 1499 uolumus
1079 1439 1426 1516 peruenire,
1489 1437 1662 1514 quod
1725 1437 2107 1497 accedentes
2152 1436 2235 1496 ad
2283 1446 2565 1496 nostram
2628 1440 3021 1516 presenciam
3070 1437 3175 1498 filii
3222 1437 3443 1499 Endre

730 1554 982 1612 comitis
1029 1550 1452 1612 exhibuerunt
1501 1550 1685 1611 nobis
1749 1549 1988 1610 litteras
2047 1551 2104 1612 T
2108 1550 2349 1628 yburcii
2411 1553 2663 1610 comitis
2730 1550 3166 1632 Zagrabiensis
3228 1551 3439 1612 dilecti

730 1685 808 1725 ac
853 1665 1055 1725 fidelis
1103 1666 1298 1724 nostri
1341 1674 1632 1744 petentes
1680 1683 1789 1724 eas
1834 1664 2012 1745 sigilli
2064 1666 2259 1723 nostri
2308 1665 2659 1724 munimine
2720 1663 3100 1735 confirmari,
3166 1684 3437 1744 quarum

731 1790 916 1839 tenor
962 1777 1044 1838 de
1090 1778 1290 1838 uerbo
1337 1777 1420 1837 ad
1469 1778 1736 1838 uerbum
1783 1777 1925 1838 talis
1971 1787 2084 1836 est.

907 1903 932 1957 (
943 1893 1170 1968 Gledaj
1203 1893 1555 1969 predidm‘u
1603 1893 1872 1964 listina).

907 2006 1046 2066 Nos
1078 2007 1262 2086 igitur
1295 2005 1469 2064 iustis
1500 2003 1921 2082 peticionibus
1954 2006 2235 2082 ipsorum
2284 2003 2555 2064 filiorum
2584 2004 2798 2066 lindre
2831 2003 3443 2078 condescendentes,

731 2130 1021 2181 tenorem
1069 2118 1291 2197 prefati
1362 2117 1666 2195 Tyburcii
1712 2119 1962 2177 comitis
2010 2117 2089 2177 de
2135 2117 2334 2177 uerbo
2382 2116 2465 2177 ad
2513 2117 2780 2177 uerbum
2827 2119 2890 2177 in
2938 2136 3198 2195 presens
3255 2117 3440 2195 priui-

737 2235 968 2315 legium
1034 2243 1317 2292 nostrum
1383 2232 1654 2291 inserere
1717 2231 1980 2290 fecimus
2025 2240 2087 2290 et
2134 2241 2366 2290 terram
2431 2240 2836 2309 prenotatam
2904 2228 3131 2290 Lonka
3198 2229 3439 2290 eisdem

735 2345 1256 2406 confirmauimus
1324 2347 1386 2404 in
1433 2354 1809 2423 perpetuum
1859 2343 2334 2422 possidendam.
2407 2344 2499 2404 Vt
2568 2356 2783 2403 autem
2854 2343 3036 2403 huius
3102 2345 3189 2401 rei
3254 2343 3446 2402 series

735 2479 952 2520 coram
1016 2459 1201 2519 nobis
1261 2457 1528 2536 prouide
1596 2457 1911 2517 celebrata
1982 2456 2173 2516 robur
2241 2457 2529 2517 obtineat
2600 2455 2909 2517 firmitatis
2977 2467 3038 2516 et
3110 2474 3443 2533 nunquam

737 2575 936 2654 possit
983 2574 1045 2632 in
1097 2573 1332 2632 irritum
1398 2573 1696 2638 reuocari,
1742 2580 2068 2649 presentes
2129 2570 2365 2630 litteras
2422 2572 2773 2630 munimine
2821 2571 3013 2628 nostri
3064 2569 3246 2650 sigilli
3294 2586 3447 2628 con-

735 2690 1040 2747 cessimus
1085 2685 1432 2745 roborataS.
1479 2681 1676 2744 Anno
1722 2685 1933 2764 gracie
1982 2681 2325 2746 M⁰CC0L⁰
2370 2685 2662 2762 septimo,

925 2878 1170 2937 Oznake
1216 2879 1536 2960 ortgrinala
1583 2879 1719 2937 vidi
1752 2880 1885 2955 ped
1916 2879 2317 2954 pre-q'jas'nom
2366 2876 2652 2933 listinom.

913 2984 1266 3041 Laszowski
1327 2985 1678 3060 Sponee’m'ct'
1743 2984 2067 3060 Turapolja
2127 2983 2173 3039 l.
2234 2988 2318 3037 14.
2372 3016 2451 3023 --
2500 2980 2875 3056 lx'nkuljevic'
2932 2982 3077 3053 Reg.
3143 2979 3231 3036 br.
3310 2984 3445 3034 745».

1995 3293 2185 3372 59oer

741 3485 937 3549 1257.
986 3486 1071 3550 In
1117 3503 1350 3551 aurea
1396 3484 1622 3551 curia.

751 3680 826 3741 U
862 3678 991 3742 ime
1051 3677 1334 3763 kraljt'ce
1392 3676 1563 3741 sudi
1599 3700 1668 3741 se
1717 3700 1762 3741 u
1809 3678 2027 3742 korszt
2072 3674 2459 3761 lldaum'ct'ja
2507 3672 2879 3757 kraljt'd‘c'na
2938 3672 3152 3735 iudex
3216 3668 3453 3735 curiae

1471 3816 1546 3856 :a
1594 3793 1771 3855 neku
1819 3792 2064 3876 zemlju
2113 3790 2275 3875 kraj
2334 3787 2715 3853 I‘⁷2't·ovz'tt‘ce.

917 3994 1054 4054 Nos
1123 3992 1422 4071 magister
1492 3986 1830 4066 Eynardus
1898 4002 2253 4065 agasonum
2323 3984 2587 4043 domine
2654 3983 2872 4061 regine
2940 3992 3003 4039 et
3072 3996 3295 4038 comes
3368 3976 3453 4035 de

742 4108 1035 4191 (iolgoch
1098 4104 1525 4187 significamus
1587 4102 1886 4163 omnibus
1950 4102 2185 4161 litteras
2245 4108 2571 4179 presentes
2631 4096 3021 4173 inspecturis,
3077 4091 3254 4171 quod
3302 4108 3447 4150 cum

743 4231 1044 4309 magister
1103 4224 1440 4286 Mauricius
1501 4219 1696 4279 iudex
1743 4218 1913 4277 curie
1960 4215 2221 4275 domine
2282 4214 2496 4291 regine
2543 4221 2605 4270 et
2652 4226 2871 4268 coines
2918 4206 3249 4266 Nitriensis
3294 4205 3451 4281 peti-

743 4346 928 4403 visset
975 4362 1012 4401 a
1059 4342 1320 4402 domina
1382 4336 1598 4415 regina
1659 4331 1933 4391 iudicem
1997 4330 2112 4389 sibi
2176 4327 2309 4387 dari
2371 4342 2559 4403 super
2620 4340 2805 4382 causa
2869 4332 3032 4379 terre
3079 4337 3208 4386 sue,
3256 4333 3447 4396 quam

741 4456 1018 4518 habebat
1063 4472 1208 4516 cum
1259 4448 1464 4528 Moyk
1508 4448 1848 4527 iobagione
1879 4442 2140 4522 prediali
2189 4440 2449 4499 domine
2481 4440 2695 4517 regine
2728 4434 2808 4494 de
2842 4434 2905 4495 V
2910 4430 3199 4503 eoeucha,
3246 4432 3451 4508 ipsam

741 4592 998 4633 causam
1047 4570 1309 4631 domina
1357 4566 1573 4645 regina
1606 4573 1822 4622 nostre
1853 4558 2175 4619 sentencie
2222 4554 2541 4615 commisit
2587 4546 3029 4610 decidendam.
3080 4544 3274 4625 Igitur
3304 4559 3449 4602 cum

744 4687 1065 4767 predictus
1130 4680 1332 4759 Moyk
1393 4697 1507 4758 per
1571 4673 1903 4753 Wyllanth
1968 4672 2241 4731 villicum
2306 4667 2386 4727 de
2434 4663 2772 4727 Vereucha
2832 4657 3209 4740 pristaldum
3274 4656 3453 4716 huius

745 4820 934 4863 cause
990 4799 1213 4859 datum
1277 4814 1390 4873 per
1451 4792 1782 4852 dominam
1845 4789 2127 4867 reginam
2178 4783 2241 4841 in
2288 4781 2561 4841 termino
2622 4779 2942 4857 assignato
3004 4789 3220 4832 coram
3272 4770 3455 4829 nobis

744 4913 1220 4992 comparuisset,
1266 4910 1566 4988 magister
1599 4902 1939 4964 Mauricius
1971 4910 2193 4959 contra
2228 4892 2429 4971 Moyk
2459 4892 2790 4971 proposuit
2832 4885 3249 4957 antedictum,
3279 4880 3453 4962 quod

747 5032 918 5092 idem
968 5025 1190 5105 Moyk,
1237 5042 1384 5084 cum
1432 5022 1508 5079 sit
1557 5020 1750 5096 ipsius
1796 5009 2287 5077 conterminalis,
2332 5005 2658 5086 quandam
2714 5000 3087 5081 particulam
3136 5010 3299 5057 terre
3344 5012 3455 5055 sue
