3797 5795
1802 341 2209 405 —618—

658 524 901 586 domini
932 526 1101 587 Elias
1132 526 1295 588 filius
1325 528 1656 590 Radovani
1707 529 2074 591 Volcheuza
2107 531 2190 591 de
2223 528 2521 593 Sibenico
2570 532 2830 591 nomine
2875 534 3356 592 communitatis

654 637 970 701 Scibenici
1011 651 1074 700 et
1110 640 1368 702 domini
1393 642 1597 703 Dessa
1630 640 1963 716 Amblasii,
1997 643 2176 705 Luca
2213 644 2376 704 Petri
2412 654 2476 704 et
2509 643 2831 723 Lomprus
2858 642 3081 723 Jacobi
3117 644 3357 705 iudices

655 753 922 812 civitatis
966 753 1249 835 Tragurii
1300 758 1562 816 nomine
1606 758 2086 817 communitatis
2117 756 2404 838 Tragurii
2439 777 2523 817 ex
2554 758 2750 818 altera
2795 758 2880 817 ad
2924 756 3054 817 tale
3093 767 3356 836 pactum

654 876 721 926 et
766 866 1180 927 concordiam
1228 869 1482 929 insimul
1526 880 1972 947 pervenerunt,
2015 870 2331 944 videlicet,
2379 870 2556 949 quod
2603 872 2651 930 si
2700 870 2926 948 aliquis
2973 870 3056 931 de
3104 867 3359 933 Cettina

653 978 968 1039 damnum
1013 980 1258 1041 dederit
1304 982 1483 1042 alicui
1534 980 1616 1043 de
1660 983 1992 1064 Traguri0‚
2049 984 2148 1044 vel
2195 982 2276 1043 de
2322 982 2624 1045 Sibenico
2671 994 2734 1043 et
2781 1002 2928 1043 eum
2975 984 3357 1062 percusserit

654 1103 719 1152 et
766 1095 817 1153 si
862 1094 927 1153 in
972 1113 1120 1155 eum
1168 1098 1543 1177 sanguinem
1590 1095 1806 1157 fecerit
1851 1107 1915 1156 et
1963 1095 2065 1156 ille
2128 1098 2236 1175 qui
2283 1114 2616 1176 percussus
2684 1096 2870 1156 suerit
2938 1094 3358 1156 notificaverit

656 1206 1037 1281 hominibuS‚
1100 1227 1263 1287 quos
1322 1211 1629 1269 invenerit
1689 1209 2009 1270 veniendo
2055 1229 2169 1288 per
2215 1212 2381 1270 viam
2429 1219 2494 1270 et
2543 1209 2955 1270 notificaverit
3003 1228 3118 1269 sue
3171 1212 3362 1281 curie,

658 1318 843 1379 detur
889 1321 943 1378 ei
991 1320 1312 1382 credentia
1361 1331 1424 1381 et
1470 1322 1586 1382 sibi
1648 1324 1960 1396 credatur,
2023 1333 2086 1382 et
2149 1322 2251 1383 ille
2311 1325 2420 1402 qui
2483 1341 2629 1383 eum
2691 1324 3072 1402 percusserit
3135 1331 3198 1381 et
3243 1321 3360 1381 sibi

658 1431 969 1493 damnum
1030 1432 1294 1505 dederit,
1355 1444 1643 1495 teneatur
1705 1446 1768 1495 et
1824 1436 2058 1496 debeat
2123 1436 2366 1496 dictum
2411 1435 2723 1496 damnum
2772 1434 3136 1495 emendare.
3183 1434 3264 1496 Et
3311 1437 3362 1494 si

659 1545 1003 1606 emendare
1065 1565 1197 1606 non
1258 1550 1509 1625 poterit,
1553 1547 1841 1609 tradatur
1904 1560 1966 1608 et
2027 1550 2214 1610 detur
2280 1548 2695 1628 personaliter
2741 1549 2823 1609 illi
2888 1551 2984 1608 cui
3050 1548 3362 1609 damnum

658 1658 880 1719 datum
949 1659 1133 1719 fuerit
1195 1671 1258 1719 et
1318 1680 1655 1739 percussus
1702 1662 1902 1722 fuerit.
1950 1662 2031 1723 Et
2079 1682 2116 1723 e
2162 1681 2489 1736 converSO,
2535 1665 2584 1723 si
2631 1662 2858 1740 aliquis
2923 1661 3004 1721 de
3051 1661 3366 1742 Tragurio

657 1770 754 1831 vel
802 1770 884 1831 de
930 1770 1232 1832 Sibenico
1298 1774 1606 1835 damnum
1674 1773 1917 1835 dederit
1979 1776 2160 1836 alicui
2224 1775 2305 1836 de
2367 1773 2620 1838 Cettina
2667 1786 2729 1835 et
2778 1793 2927 1834 eum
2987 1777 3366 1856 percusserit

664 1894 726 1944 et
796 1886 857 1943 in
921 1904 1069 1945 eum
1138 1889 1513 1967 sanguinem
1584 1884 1801 1948 fecerit
1862 1897 1925 1948 et
1988 1889 2089 1949 ille
2153 1891 2260 1967 qui
2322 1907 2654 1967 percussus
2717 1889 2903 1948 fuerit
2951 1886 3370 1948 notificaverit

665 1996 1047 2071 hominibus,
1094 2018 1258 2077 quos
1304 2002 1609 2061 invenerit
1657 1994 1872 2061 eundo
1919 2021 2031 2079 per
2063 2004 2228 2062 viam
2262 2012 2324 2062 et
2357 2001 2776 2063 notificaverit
2807 2020 2918 2061 sue
2949 2003 3139 2073 curie,
3184 2000 3371 2060 detur

664 2112 718 2169 ei
782 2110 1176 2171 credentiam
1222 2123 1285 2172 et
1330 2113 1448 2174 sibi
1510 2114 1803 2174 credatur
1863 2124 1926 2174 et
1987 2115 2089 2175 ille
2152 2118 2255 2193 qui
2320 2135 2467 2177 eum
2530 2117 2922 2195 percusserit,
2970 2125 3260 2174 teneatur
3305 2124 3372 2172 et

665 2222 901 2284 debeat
945 2224 1187 2285 dictum
1237 2226 1546 2287 damnum
1595 2226 1956 2287 emendare.
2005 2227 2086 2287 Et
2132 2232 2180 2288 si
2228 2230 2574 2289 emendare
2621 2245 2751 2288 non
2797 2228 3050 2306 poterit,
3083 2226 3372 2286 tradatur

666 2345 729 2395 et
776 2334 960 2397 detur
1006 2339 1423 2415 personaliter
1454 2338 1533 2398 illi
1570 2344 1665 2400 cui
1702 2340 2010 2401 damnum
2060 2341 2282 2401 datum
2330 2341 2514 2401 fuerit
2560 2353 2621 2401 et
2653 2358 2989 2420 percussus
3035 2339 3233 2399 fuerit.
3281 2338 3367 2399 Et

665 2449 715 2508 si
762 2449 987 2527 aliquis
1033 2451 1114 2511 de
1164 2449 1433 2524 Cettina,
1479 2454 1576 2513 vel
1644 2454 1723 2513 de
1785 2452 2141 2525 Scibenic0‚
2203 2453 2299 2513 vel
2348 2453 2430 2513 de
2475 2453 2784 2535 Tragurio
2843 2456 2950 2531 qui
3016 2450 3248 2511 dixerit
3297 2470 3367 2511 se

664 2580 1036 2638 percussum
1086 2583 1223 2625 esse
1270 2576 1331 2624 et
1364 2568 1425 2624 in
1460 2584 1605 2625 eum
1640 2568 2014 2647 sanguinem
2050 2565 2288 2626 sactum
2323 2566 2515 2626 fuisse
2546 2577 2609 2627 et
2641 2566 2755 2626 sibi
2790 2565 3102 2626 damnum
3139 2564 3364 2624 datum

665 2692 825 2749 esse,
868 2687 1093 2754 postea
1138 2676 1352 2757 aliquo
1398 2689 1689 2757 tempore
1737 2681 2027 2739 iuventus
2090 2679 2274 2740 suerit
2333 2690 2397 2739 et
2444 2682 2602 2739 scire
2648 2682 2898 2758 poterit,
2965 2679 3141 2755 quod
3189 2678 3369 2738 mali-

666 2788 841 2848 ciose
888 2789 1121 2850 dixerit
1166 2801 1230 2850 et
1273 2792 1472 2869 petiit,
1520 2792 1696 2869 quod
1740 2794 1922 2871 petiit
1967 2802 2258 2852 teneatur
2302 2793 2550 2853 solvere
2595 2792 2862 2870 duplum
2919 2791 3002 2850 de
3048 2810 3146 2863 e0,
3192 2791 3371 2868 quod

666 2905 915 2982 accepit
962 2923 1081 2982 pro
1128 2904 1369 2964 damno
1417 2905 1519 2978 illi,
1587 2926 1623 2964 a
1686 2925 1819 2986 quo
1883 2909 2128 2984 accepit
2177 2904 2522 2966 emendam
2587 2906 2825 2964 damni.
2899 2903 3046 2981 Que
3107 2903 3370 2982 quidem

668 3018 889 3076 omnia
954 3027 1019 3077 et
1064 3017 1307 3098 singula
1376 3021 1801 3097 suprascripta
1868 3020 2130 3097 predicti
2205 3037 2425 3078 comes
2495 3017 2769 3096 Stepeus
2838 3016 3142 3077 Vulcetta
3211 3015 3374 3077 filius

669 3128 1014 3191 Predislavi
1060 3140 1122 3190 et
1170 3130 1565 3191 Predislavus
1610 3130 1772 3191 filius
1819 3131 2167 3210 Qualimeri
2230 3151 2346 3210 pro
2404 3150 2473 3192 se
2534 3142 2596 3190 et
2660 3129 2962 3191 omnibus
3007 3129 3376 3190 hominibus

668 3240 754 3301 de
802 3239 1055 3305 Cettina
1117 3264 1201 3304 ex
1263 3264 1387 3305 una
1450 3260 1631 3323 parte
1692 3255 1756 3305 et
1814 3245 2081 3324 predicti
2127 3245 2298 3307 Elias
2345 3259 2410 3306 et
2457 3243 2830 3306 Volcheuza
2894 3246 3159 3303 nomine
3206 3243 3375 3302 dicte

670 3358 1149 3416 communitatis
1195 3353 1677 3441 Sibe[nice]nsis
1724 3370 1786 3418 et
1834 3378 1950 3437 pro
1999 3361 2132 3437 ipsa
2178 3361 2641 3419 communitate
2688 3369 2750 3417 et
2796 3358 3064 3437 predicti
3129 3356 3372 3416 iudices

670 3469 941 3530 civitatis
1000 3467 1290 3551 Tragurii
1364 3490 1483 3550 pro
1545 3472 1716 3532 dieta
1778 3474 2110 3532 communi
2169 3472 2456 3553 Tragurii
2525 3493 2609 3531 ex
2698 3472 2895 3532 altera
2957 3469 3040 3529 ad
3101 3471 3376 3529 invicem

672 3581 831 3642 alter
888 3583 1066 3643 alteri
1115 3586 1541 3661 promiserunt
1590 3597 1651 3644 et
1699 3585 2115 3664 corporaliter
2159 3585 2242 3644 ad
2289 3595 2507 3645 sancta
2556 3584 2655 3644 dei
2706 3583 3034 3664 evangelia
3096 3584 3379 3642 iurarunt

672 3693 854 3755 firma
901 3706 965 3756 et
1010 3705 1148 3755 rata
1194 3695 1430 3756 habere
1481 3745 1736 3756 .....

1801 3811 1953 3872 Die
2001 3811 2249 3872 dicta.

846 3913 1107 3975 Domini
1156 3914 1429 3992 Stepcus
1476 3912 1636 3976 filius
1694 3915 1951 3988 Stancii‚
2006 3915 2289 3994 Joannes
2347 3915 2510 3976 filius
2571 3914 2928 3994 Boghidani
3000 3913 3240 3973 iudices
3299 3911 3384 3971 de

675 4021 876 4087 Clissa
936 4049 1021 4089 ex
1082 4046 1209 4089 una
1269 4039 1449 4107 parte
1519 4031 1781 4089 nomine
1842 4031 2322 4090 communitatis
2387 4027 2586 4091 Clisse
2633 4037 2696 4088 et
2742 4026 2913 4088 Elias
2957 4023 3122 4086 filius
3169 4023 3383 4086 Rado-

672 4141 815 4198 vani
887 4151 951 4201 et
1020 4141 1377 4202 Volchesza
1448 4142 1529 4201 de
1597 4141 1920 4204 Scibinico
1984 4144 2246 4202 nomine
2316 4143 2583 4201 civitatis
2651 4138 2930 4202 Sibenici
3000 4147 3063 4198 et
3133 4137 3382 4198 domini

670 4251 915 4315 iudices
960 4257 1228 4315 civitatis
1272 4255 1557 4336 Tragurii
1606 4257 1869 4315 nomine
1915 4257 2395 4315 communitatis
2440 4253 2731 4334 Tragurii
2779 4271 2865 4313 ex
2909 4251 3107 4312 altera
3139 4251 3223 4310 ad
3253 4251 3384 4310 tale

668 4376 934 4441 pactum
983 4379 1046 4428 et
1097 4378 1167 4425 ut
1208 4370 1273 4425 in
1320 4371 1643 4446 superiori.
1692 4365 1933 4427 Actum
1981 4370 2044 4427 in
2092 4369 2346 4427 civitate
2405 4367 2695 4447 Tragurii
2745 4368 2807 4426 in
2854 4364 3120 4425 ecelesia
3164 4373 3387 4424 sancte

674 4475 921 4540 Marine
968 4481 1368 4560 presentibus
1416 4481 1693 4540 dominis
1738 4481 1972 4541 Zancia
2019 4477 2284 4550 Casotti,
2331 4478 2583 4540 Marino
2631 4479 2714 4539 de
2763 4473 3387 4556 Casariza,‘Georgio

674 4589 760 4649 de
808 4590 981 4673 Cega
1028 4605 1091 4654 et
1140 4592 1366 4654 Mauro
1414 4592 1653 4655 Stoche
1714 4604 1777 4654 et
1823 4593 2090 4672 Duymo
2138 4592 2459 4653 Domiche
2506 4603 2568 4652 et
2599 4593 2736 4653 aliis
2781 4590 3068 4670 pluribus
3117 4589 3388 4650 testibus

676 4713 741 4764 et
787 4703 1051 4767 Stefano
1099 4706 1326 4767 Marini
1374 4709 1556 4788 Ruge
1602 4710 2060 4768 examinatore.

850 4841 1087 4898 Lucius
1132 4841 1431 4898 sllemorie
1477 4842 1549 4897 di
1599 4841 1765 4898 Trat'c
1819 4845 1916 4898 86.
1980 4875 2064 4881 -
2131 4841 2374 4896 Wenzcl
2425 4840 2564 4898 Cod.
2623 4839 2771 4914 dipl.
2817 4838 2968 4913 Arp.
3017 4837 3178 4893 cont.
3239 4835 3385 4892 XII.

684 4947 951 5003 66—-68.
1004 4979 1081 4989 —-
1130 4945 1511 5021 Kukuljevic'
1550 4947 1734 5018 Κερκ-
1768 4965 1862 5001 ne.
1915 4946 2091 5001 1053.
2149 4978 2236 4985 —
2298 4944 2674 5019 Ispravismo
2736 4942 3023 4999 olevidne
3084 4937 3394 4996 tiskarske

665 5049 985 5128 pogreffka
1032 5051 1317 5128 akoprem
1366 5051 1429 5107 ih
1476 5051 1711 5106 Lucius
1756 5050 1872 5107 kao
1919 5049 2135 5106 takove
2181 5050 2308 5122 ng'je
2355 5041 2700 5104 naznac‘io.'
