3797 5795
1501 405 1909 467 —117-

362 596 658 657 arborem
707 598 812 675 qui
846 595 1040 677 uulgo
1072 608 1336 658 uocatur
1366 598 1585 678 egursa
1616 608 1680 659 et
1712 598 1956 658 uadens
2002 616 2115 676 per
2160 596 2383 657 siluam
2434 598 2607 656 uenit
2648 595 2732 656 ad
2761 596 3053 655 arborem

358 710 515 770 ilicis
559 720 622 769 et
669 712 888 770 transit
935 710 1266 788 quoddam
1313 710 1534 785 lutum,
1581 710 1758 789 quod
1807 709 2149 774 Churnuch
2198 719 2463 771 uocatur
2508 720 2571 769 et
2618 709 2795 770 uadit
2839 708 2923 769 ad
2964 728 3058 768 ar-

355 822 580 883 borem
629 841 755 903 que
802 834 1065 884 uocatur
1108 824 1414 905 gertansa,
1445 824 1707 885 deinde
1754 826 1930 885 uenit
1961 824 2044 885 ad
2076 824 2373 884 arborem
2420 823 2624 883 salicis
2669 833 2733 883 et
2779 822 2863 883 de
2908 821 3059 881 inde

356 936 533 996 uadit
579 936 662 997 ad
708 937 1004 997 arborem
1037 954 1322 1016 quercu5‚
1367 936 1450 997 de
1495 937 1644 999 inde
1689 937 1773 998 ad
1819 938 2115 997 arborem
2150 940 2255 1012 qui
2289 936 2483 1018 uulgo
2529 936 2756 997 dicitur
2811 934 3059 1015 iagnafa

355 1070 484 1129 que
529 1061 654 1111 stat
685 1052 748 1110 in
778 1052 915 1129 ripa
945 1068 1127 1125 aque,
1174 1068 1299 1125 que
1344 1060 1610 1111 uocatur
1658 1049 1987 1111 Plutuicha
2018 1059 2080 1110 et
2120 1050 2206 1109 ibi
2253 1048 2467 1111 deficit
2512 1060 2677 1110 terra
2730 1048 3058 1125 chuslay

357 1175 421 1224 et
467 1182 580 1242 per
623 1164 898 1225 eandem
967 1182 1200 1241 aquam
1272 1163 1519 1223 scandit
1564 1173 1628 1223 et
1665 1182 1758 1223 ex
1803 1164 1925 1223 alia
1970 1173 2151 1241 parte
2218 1172 2313 1223 est
2374 1172 2860 1223 commetaneus
2905 1158 3063 1223 Gre-

355 1278 572 1357 gorius
604 1276 686 1335 de
719 1276 1040 1337 Leuinusa
1070 1294 1220 1337 cum
1253 1274 1532 1337 Martino
1563 1276 1754 1336 fratre
1785 1295 1903 1337 suo
1935 1286 2000 1336 et
2031 1295 2143 1354 per
2175 1276 2450 1336 eandem
2490 1292 2725 1353 aquam
2772 1273 3061 1335 ascendit

356 1404 582 1449 contra
651 1390 1050 1450 occidentem
1101 1398 1164 1449 et
1210 1390 1326 1448 erit
1373 1408 1457 1448 ex
1501 1387 1623 1449 alia
1691 1399 1872 1467 parte
1942 1399 2389 1449 commetanea
2460 1399 2623 1448 terra
2685 1406 2905 1448 eorum
2956 1386 3062 1447 lie-

355 1502 652 1563 reditaria
697 1523 734 1563 a
779 1513 958 1581 parte
1027 1501 1375 1562 meridiana
1423 1514 1484 1561 et
1531 1501 1819 1561 ascendit
1887 1521 2002 1581 per
2071 1502 2307 1562 dictam
2356 1520 2591 1581 aquam
2637 1520 2752 1580 per
2794 1500 3059 1581 longum

358 1618 647 1695 spacium
693 1626 758 1675 et
805 1616 1027 1676 exiens
1087 1614 1170 1675 de
1217 1614 1387 1675 dicta
1433 1633 1600 1693 aqua
1648 1617 1836 1675 intrat
1882 1616 1944 1674 in
1996 1614 2197 1676 lutum
2255 1614 2605 1693 quoddam,
2644 1612 2821 1693 quod
2867 1612 3062 1693 uulgo

360 1727 706 1791 Churnuch
753 1728 977 1789 dicitur
1023 1739 1086 1788 et
1132 1739 1226 1789 est
1273 1738 1758 1789 commetaneus
1807 1727 2117 1789 Wlehcuc
2178 1726 2341 1788 filius
2404 1728 2571 1789 Isam
2617 1738 2679 1787 et
2726 1725 2904 1787 uadit
2950 1744 3064 1803 per

360 1841 638 1903 eundem
706 1843 912 1903 'lutum
941 1852 1021 1901 'et
1069 1844 1290 1902 exiens
1337 1840 1420 1902 de
1462 1841 1599 1901 luto
1646 1842 1836 1921 priori
1906 1852 2077 1902 mete
2146 1842 2663 1902 conterminatur.
2715 1840 2801 1902 Ut
2848 1849 3061 1899 autem

357 1956 542 2016 huius
587 1956 670 2016 rei
720 1956 912 2015 series
969 1955 1145 2015 salua
1214 1973 1468 2033 semper
1515 1956 1820 2015 consistat
1867 1965 1931 2014 et
1979 1954 2157 2033 quod
2203 1954 2397 2014 iidem
2446 1952 2555 2013 filii
2600 1951 2754 2015 Selk
2800 1952 3059 2013 easdem

356 2082 556 2129 terras
585 2088 732 2129 suas
762 2071 896 2129 sine
926 2069 1186 2129 alicuius
1217 2069 1602 2147 inpeticione
1647 2070 1894 2146 possint
1939 2066 2285 2145 possidere,
2331 2066 2569 2127 litteras
2616 2075 2867 2125 nostras
2913 2083 3066 2125 con-

357 2184 665 2243 cessimus
709 2182 891 2264 sigilli
937 2183 1132 2244 nostri
1180 2184 1532 2241 munimine
1579 2181 1929 2253 roborata5‚
1974 2198 2147 2240 anno
2193 2180 2435 2240 domini
2487 2176 2941 2241 MCCLV1110.

549 2376 848 2449 Ortginal
888 2396 929 2433 u
975 2375 1198 2432 arkz'vu
1226 2374 1714 2451 jugoslavenske
1755 2374 2106 2447 akademije
2154 2394 2193 2429 u
2242 2372 2542 2447 Zagrebu.
2595 2369 2959 2448 Dz'plonzata
3006 2392 3063 2427 a.

366 2484 538 2539 1258.
587 2516 670 2522 —
739 2482 936 2537 Pebat
963 2483 1038 2555 je
1083 2488 1259 2555 otpao
1277 2500 1301 2545 ,·
1343 2480 1470 2536 visi
1493 2481 1606 2554 sos*
1648 2478 2016 2537 ervenkasta
2064 2480 2091 2535 i
2131 2483 2272 2535 &uta
2320 2479 2561 2535 svilena
2606 2497 2812 2538 wvca.

537 2602 906 2678 Kukuljevic
951 2604 1100 2675 Reg.
1151 2622 1244 2659 no.
1301 2605 1439 2660 767.

1625 2980 1820 3059 626.

368 3157 575 3223 1258.

367 3345 653 3430 Sljepan
701 3347 830 3408 ban
878 3345 1275 3430 potvrdjuse
1323 3345 1659 3408 Selkovim
1705 3344 2048 3408 sinovz’ma
2099 3344 2336 3428 njz'ltov
2392 3344 2629 3428 possed
2672 3367 2764 3406 na
2811 3365 3065 3406 osnowc

872 3458 1140 3543 &prave
1185 3460 1456 3543 kaptola
1505 3459 1989 3544 zagrebac‘koga
2035 3459 2125 3520 od
2159 3459 2317 3542 god.
2365 3461 2557 3522 1236.

541 3651 677 3713 Nos
722 3651 1086 3732 Stephanus
1145 3655 1352 3714 banus
1407 3655 1612 3712 tocius
1676 3651 2018 3712 Sclauonie
2066 3661 2126 3710 et
2175 3652 2547 3730 capitaneus
2592 3647 2778 3711 Stirie
2838 3648 3068 3730 signifi-

360 3785 586 3827 camus
633 3767 933 3826 omnibus
978 3785 1239 3844 presens
1285 3767 1588 3843 scriptum
1651 3765 2043 3843 inspecturiS,
2093 3764 2270 3842 quod
2316 3783 2465 3825 cum
2511 3763 2809 3823 dominus
2854 3773 3069 3822 noster

363 3879 515 3940 Bela
565 3878 814 3940 illustris
859 3899 972 3940 rex
1021 3879 1304 3960 Vngarie
1353 3878 1537 3938 nobis
1584 3880 1645 3937 in
1695 3889 1829 3968 tota
1892 3877 2234 3940 Sclauonia
2296 3891 2359 3937 et
2422 3876 2774 3955 specialiter
2835 3877 2896 3934 in
2963 3894 3069 3935 co-

364 3994 594 4053 mitatu
656 3991 1096 4052 Worosdiensi
1159 4003 1356 4052 terras
1414 3992 1598 4051 castri
1664 4011 1699 4050 a
1763 4002 2054 4069 tempore
2104 3989 2439 4053 Colomani
2490 3993 2652 4071 regis
2697 3989 2894 4050 felicis
2940 4007 3069 4048 me-

367 4109 566 4166 morie
611 4105 915 4166 alienatas
965 4105 1239 4166 iudicare
1271 4106 1674 4184 precepisset,
1705 4104 1971 4164 tandem
2012 4102 2311 4165 Andreas
2342 4122 2562 4163 comes
2598 4103 2681 4164 W
2686 4103 3070 4162 orosdiensis

363 4232 426 4278 et
472 4220 845 4300 iobagiones
889 4221 1076 4280 castri
1120 4217 1406 4279 eiusdem
1454 4219 1748 4290 uniuersi,
1794 4216 2032 4277 scilicet
2092 4214 2396 4290 Damask,
2444 4215 2772 4287 Martium,
2822 4214 3067 4292 Volpot

362 4331 524 4392 filius
571 4330 878 4403 Nesdasa‚
929 4330 1255 4392 chozlau
1301 4340 1362 4390 et
1411 4329 1775 4390 Demetrius
1843 4328 2005 4390 filius
2074 4332 2224 4400 eiuS‚
2272 4329 2629 4402 Folcumar,
2676 4327 2829 4388 Paul
2902 4325 3066 4388 filius

369 4446 588 4515 Pouse,
636 4444 938 4520 Renchet‚
987 4443 1242 4521 Martyn
1311 4440 1473 4503 filius
1541 4441 1799 4520 Zulych,
1849 4442 2101 4502 Iwahen
2167 4439 2328 4502 filius
2394 4439 2576 4502 Acha
2623 4452 2687 4501 et
2735 4442 2925 4501 ceteri
2974 4442 3061 4499 io-

366 4559 672 4640 bagiones
718 4559 902 4617 castri
935 4577 1018 4616 ex
1052 4568 1214 4616 terra
1247 4555 1518 4616 filiorum
1568 4553 1721 4616 Selk
1769 4557 2031 4615 nomine
2065 4555 2273 4632 Ebrys
2304 4565 2458 4632 aput
2492 4571 2787 4614 sanctum
2822 4553 3071 4631 Elyam,

364 4673 467 4733 ubi
517 4681 610 4731 est
658 4681 1142 4730 commetaneus
1210 4672 1343 4729 eius
1413 4667 1722 4729 Martinus
1768 4666 1931 4728 filius
1979 4667 2235 4746 Zulych‚
2300 4667 2625 4746 quandam
2688 4665 3063 4745 particulam

366 4785 446 4845 ad
493 4783 763 4845 alterum
828 4782 1161 4843 dimidium
1231 4795 1510 4842 aratrum
1578 4783 1963 4840 existentem
2036 4783 2297 4841 nomine
2365 4782 2548 4841 castri
2598 4779 3071 4840 reambulantes

363 4907 834 4977 proposuerunt
901 4913 1114 4955 coram
1188 4895 1372 4954 nobis
1433 4904 1655 4953 contra
1721 4892 1881 4953 filios
1927 4890 2099 4965 Selk‚
2146 4893 2323 4971 quod
2373 4895 2508 4972 ipsa
2554 4892 2864 4972 particula
2908 4903 3071 4952 terre

365 5013 552 5072 castri
621 5019 803 5070 esset.
872 5005 979 5069 Ad
1047 5009 1223 5087 quod
1293 5006 1396 5067 filii
1447 5005 1602 5069 Selk
1670 5006 2149 5085 respondentes
2212 5009 2325 5085 ipsi
2391 5005 2767 5085 particulam
2813 5019 2876 5065 et
2921 5005 3072 5066 alias

365 5137 564 5184 terras
633 5122 997 5183 adiacentes
1066 5123 1397 5200 empticias
1443 5141 1582 5180 esse
1629 5140 1772 5180 suas
1818 5140 1855 5179 a
1904 5119 2145 5197 Zopina
2191 5130 2253 5178 et
2301 5119 2517 5180 Endre
2564 5130 2960 5179 asseruerunt
3008 5130 3069 5178 et
