3797 5795
1506 397 1771 460 —419
1835 431 1920 439 —

1368 541 1379 562 i

350 589 673 670 signatam
734 599 798 649 et
858 599 1031 648 meta
1094 599 1294 649 terrea
1356 589 1802 649 circumfusam
1849 590 2026 648 iuxta
2087 589 2276 662 viam,
2337 606 2449 666 per
2513 604 2706 664 quam
2753 586 2925 644 venit
2973 583 3058 644 ad

357 712 601 762 metam
663 711 952 776 terream,
998 720 1124 781 que
1182 711 1278 763 est
1340 703 1458 762 sub
1518 702 1744 761 arbore
1804 711 2028 782 gertan
2097 703 2554 780 crucesignata,
2599 700 2708 760 ubi
2753 700 3060 759 vicinatur

358 825 526 876 terre
586 815 709 876 loci
766 815 885 876 fori
946 815 1030 876 de
1090 813 1301 896 Garig.
1371 815 1527 876 Inde
1574 814 1903 876 descendit
1950 813 2034 875 de
2087 824 2311 874 monte
2354 813 2440 873 ad
2486 822 2727 872 metam
2773 822 3066 884 terream,

359 947 492 1006 que
551 938 646 988 est
707 929 884 988 iuxta
944 930 1130 1002 viam,
1193 948 1308 1007 per
1366 947 1562 1008 quam
1618 929 1788 988 venit
1848 927 1934 986 ad
1981 936 2223 987 metam
2269 937 2561 998 terream,
2630 943 2754 1003 que
2802 935 2897 986 est
2943 925 3062 984 sub

350 1043 589 1101 arbore
632 1043 810 1120 pomi
858 1043 1309 1122 crucesignata.
1369 1040 1527 1101 Inde
1572 1051 1795 1101 contra
1840 1041 2370 1119 septemtrionem
2419 1041 2481 1100 in
2530 1039 2758 1099 eadem
2807 1040 2906 1098 via
2953 1057 3066 1116 per

358 1155 625 1214 arbores
668 1155 1135 1235 crucesignatas
1180 1157 1351 1214 venit
1413 1153 1496 1214 ad
1558 1163 1796 1214 metam
1862 1165 2154 1224 terream,
2221 1171 2346 1232 que
2414 1163 2510 1212 est
2573 1154 2749 1212 iuxta
2822 1169 3062 1229 aquam

358 1265 565 1349 Garig
607 1270 669 1327 in
717 1286 842 1345 qua
888 1267 1061 1328 vadit
1108 1269 1393 1345 superius
1438 1277 1498 1328 et
1548 1269 1681 1327 exit
1727 1285 1966 1344 aquam
2013 1264 2348 1339 Dobovch‚
2399 1284 2512 1344 per
2573 1283 2766 1343 quam
2831 1261 3064 1345 aducffl

362 1383 649 1460 superius
710 1378 980 1440 tendens
1040 1381 1172 1440 exit
1232 1382 1295 1440 in
1372 1380 1555 1455 valle,
1612 1381 1720 1440 ubi
1788 1390 1883 1439 est
1954 1390 2126 1440 meta
2189 1389 2392 1439 terrea
2457 1379 2576 1439 sub
2643 1379 2782 1456 piro
2852 1395 3064 1437 cruce-

356 1496 611 1574 signata
655 1503 717 1553 et
765 1495 827 1552 in
876 1493 1103 1553 eadem
1149 1493 1311 1554 valle
1358 1493 1528 1553 vadit
1596 1495 1882 1572 superius
1928 1501 1992 1552 et
2038 1495 2260 1553 transit
2306 1494 2478 1552 viam
2523 1491 2609 1552 ad
2657 1501 2896 1551 metam
2943 1500 3064 1550 ter-

362 1624 557 1680 ream,
618 1606 853 1667 deinde
914 1605 1191 1667 declinat
1250 1617 1474 1666 contra
1534 1609 1845 1666 orientem
1893 1608 1956 1666 in
2003 1605 2164 1665 valle
2210 1607 2391 1679 sicca,
2439 1604 2519 1666 de
2566 1622 2693 1684 qua
2761 1604 2934 1664 venit
2981 1601 3066 1662 ad

364 1728 609 1779 metam
654 1732 944 1792 terream,
990 1737 1115 1796 que
1161 1728 1257 1779 est
1303 1721 1481 1779 iuxta
1528 1719 1823 1780 arborem
1870 1721 1984 1797 piri
2033 1728 2098 1779 et
2143 1720 2280 1796 ipsa
2325 1720 2496 1797 pirus
2543 1729 2638 1778 est
2686 1727 2856 1777 meta
2902 1726 3070 1776 terre

362 1831 501 1892 sori.
550 1832 706 1892 Inde
751 1831 925 1892 vadit
971 1835 1033 1891 in
1080 1833 1178 1891 via
1224 1843 1287 1890 et
1334 1834 1505 1892 venit
1552 1833 1637 1892 ad
1684 1835 1962 1911 priorem
2010 1842 2251 1892 metam
2296 1842 2360 1892 et
2393 1831 2632 1892 ibidem
2680 1831 3069 1890 terminatur.

366 1943 439 2004 In
486 1946 662 2005 cuius
706 1946 796 2004 rei
842 1946 1220 2005 memoriam
1266 1954 1328 2004 et
1375 1945 1571 2005 robur
1616 1945 1698 2005 ad
1744 1947 2120 2005 instanciam
2190 1946 2474 2023 parcium
2539 1952 2789 2003 nostras
2833 1942 3072 2002 litteras

360 2057 751 2118 contulimus
818 2067 1039 2117 nostro
1108 2057 1309 2138 sigillo
1379 2060 1824 2118 communitas
1893 2057 2136 2119 Datum
2205 2075 2378 2116 anno
2440 2056 2682 2116 domini
2733 2055 3070 2115 millesimo

365 2167 695 2233 CC⁰LX⁰.
743 2181 947 2230 sexto.

550 2363 689 2420 Cod.
758 2363 907 2438 dipl.
960 2364 1213 2439 patrius
1273 2363 1405 2422 Vll,
1467 2365 1730 2418 103—4.
1780 2383 1873 2420 no.
1936 2366 2026 2418 76.
2076 2397 2162 2404 ———
2209 2363 2298 2418 Po
2343 2361 2680 2434 ortginalu,
2743 2379 2828 2416 na
2878 2358 3070 2434 kojem

365 2467 493 2523 visi
540 2472 725 2542 pedat
766 2487 798 2523 0
844 2466 1107 2542 svilenoj
1161 2466 1397 2541 zelenoj
1466 2469 1493 2523 i
1562 2469 1823 2542 smedjoj
1879 2469 2056 2524 vrvci
2115 2487 2154 2523 u
2216 2465 2438 2524 arkivu
2503 2465 2740 2540 obiteljz'
2802 2466 3072 2540 grofova

364 2571 661 2642 Erdo‘aya
709 2591 748 2628 u
803 2572 1123 2645 Glogovcu.

541 2674 915 2750 Kukuljevic'
952 2676 1105 2748 Reg.
1154 2695 1247 2732 no.
1306 2678 1436 2730 925.

1626 2984 1815 3064 889.

362 3141 522 3207 Oko
570 3142 833 3225 godine
881 3143 1082 3207 1266.

364 3332 603 3417 Medje
638 3332 922 3415 poss'eda
986 3330 1320 3393 Vz'nodola
1367 3353 1458 3393 na
1509 3330 1727 3414 Καβί,
1776 3336 1877 3392 §to
1907 3332 1990 3414 je
2032 3330 2366 3415 pnffiadao
2426 3331 2671 3415 opatz'jz
2737 3331 3073 3416 lopuskoj.

544 3525 742 3586 Terra
789 3536 1007 3583 nostra
1053 3526 1350 3602 empticia
1397 3524 1477 3583 de
1526 3522 1813 3585 Vinodol
1882 3524 2172 3601 procedit
2219 3545 2256 3583 a
2302 3523 2564 3584 flumine
2613 3521 2812 3603 Cvlpa
2859 3542 3078 3584 versus

371 3638 705 3698 meridiem
753 3640 915 3697 inter
958 3636 1435 3697 Moschenizam
1479 3635 1785 3697 fluentem
1832 3648 1895 3695 et
1945 3636 2415 3697 Moschenizam
2465 3641 2696 3698 siccam
2745 3655 2948 3716 usque
3001 3637 3085 3697 ad

374 3761 567 3830 caput
636 3752 828 3829 ipsius
896 3748 1303 3841 Moschenize
1370 3750 1552 3822 sicce,
1602 3749 1747 3809 inde
1816 3769 1930 3827 per
1999 3769 2265 3828 parvum
2330 3753 2613 3828 spacium
2677 3752 3082 3830 coniungitur

374 3864 547 3924 dicte
592 3862 999 3924 Moschenize
1045 3865 1209 3923 sicce
1272 3865 1450 3922 iuxta
1520 3862 1779 3922 arbores
1824 3865 1938 3941 piri
1987 3873 2049 3922 et
2095 3864 2322 3943 grabes
2367 3866 2738 3924 coniunctas
2784 3874 2848 3923 et
2895 3883 3082 3924 cruce

376 3980 670 4057 signataS,
716 3976 865 4035 inde
910 3974 1197 4035 ascendit
1245 3995 1357 4054 per
1404 3979 1608 4055 ipsam
1656 3976 2134 4037 Moschenizam
2182 3976 2424 4037 habens
2470 3998 2506 4036 a
2555 3977 2798 4037 dextris
2846 3988 3080 4038 terram

376 4091 657 4168 episcopi
704 4107 958 4167 semper
988 4100 1051 4148 et
1082 4088 1287 4148 tendit
1332 4108 1535 4167 prope
1582 4108 1783 4168 usque
1829 4089 1913 4149 ad
1963 4099 2195 4149 terram
2241 4089 2606 4162 sacerdotiS,
2648 4108 2772 4169 que
2821 4101 2916 4150 est
2963 4092 3084 4151 sub

379 4202 531 4263 silva
590 4214 654 4261 et
713 4202 802 4261 sic
862 4200 1133 4261 flectitur
1197 4200 1282 4260 ad
1350 4220 1649 4262 occasum
1718 4222 1831 4281 per
1901 4203 2169 4262 rivulum
2219 4201 2594 4263 Velseuniza
2664 4213 2964 4263 vocatum
3015 4214 3078 4263 ct

374 4315 663 4375 ascendit
706 4315 771 4373 in
820 4323 1107 4373 montem
1152 4314 1235 4373 ad
1280 4317 1469 4388 viam,
1514 4334 1639 4396 que
1686 4316 1913 4376 dicitur
1960 4317 2225 4389 Petrine,
2279 4334 2391 4394 per
2440 4314 2722 4375 medium
2769 4315 3074 4375 convallis

382 4430 547 4489 circa
594 4446 897 4507 quercum
945 4430 1121 4489 iuxta
1168 4429 1337 4488 viam
1383 4447 1569 4489 cruce
1614 4430 1947 4509 signatam,
1995 4428 2144 4489 inde
2191 4447 2303 4506 per
2349 4428 2517 4487 viam
2564 4427 2813 4489 Petrine
2859 4447 3077 4489 versus

384 4541 711 4601 meridiem
774 4541 979 4601 tendit
1039 4541 1277 4602 directe
1339 4560 1527 4620 supra
1588 4541 1855 4602 domum
1908 4541 2152 4601 Nicolai
2200 4541 2280 4600 de
2331 4539 2614 4602 Vinodol
2663 4544 2722 4601 in
2775 4538 3081 4613 Calische,

382 4654 557 4729 quod
618 4664 713 4715 est
775 4656 952 4714 iuxta
1011 4657 1196 4729 viam,
1241 4654 1323 4715 de
1372 4651 1659 4717 Calische
1721 4654 2052 4715 descendit
2101 4672 2313 4713 versus
2383 4655 2695 4713 orientem
2741 4673 2944 4733 prope
2991 4653 3073 4713 ad

385 4767 651 4827 domurn
714 4766 866 4827 dicti
926 4766 1171 4827 Nicolai
1217 4778 1280 4827 et
1326 4777 1478 4827 tunc
1539 4766 1811 4828 flectitur
1871 4767 1955 4828 ad
2009 4767 2339 4826 meridiem
2387 4768 2450 4825 in
2512 4766 2783 4826 rivulum
2830 4769 2937 4846 qui
2987 4777 3082 4827 est

383 4880 445 4938 in
488 4882 785 4958 proxima
830 4879 1008 4953 valle,
1054 4899 1166 4959 per
1211 4879 1478 4940 rivulum
1543 4880 1829 4941 ascendit
1876 4880 1960 4939 ad
2008 4880 2256 4940 fontem
2301 4880 2409 4959 qui
2472 4879 2698 4940 dicitur
2746 4877 3084 4955 Clenouez‚

384 4992 464 5052 de
508 4991 688 5052 sonte
747 4994 909 5053 inter
968 4995 1184 5053 vineas
1229 5003 1293 5052 et
1338 5011 1525 5073 agros
1570 4993 1854 5053 ascendit
1927 4993 2164 5054 directe
2213 5011 2425 5053 versus
2473 4993 2802 5054 meridiem
2851 4993 2934 5053 ad
2979 5012 3080 5053 ca-

384 5116 673 5165 staneam
741 5108 907 5166 circa
972 5107 1285 5181 semitam,
1352 5126 1465 5184 per
1536 5125 1728 5183 quam
1798 5106 1972 5167 vadit
2048 5109 2333 5185 superius
2405 5108 2466 5165 in
2533 5106 2846 5184 prefatam
2913 5108 3080 5166 viam

2967 5253 2999 5286 ak
