3797 5795
1556 405 1817 470 —667
1882 442 1968 450 —-

441 593 496 647 3.
537 596 675 651 1270.
710 596 795 651 26.
834 596 971 651 maii.
1034 596 1355 663 Stephanus
1410 610 1511 647 rex
1564 596 1885 665 Hungariae
1937 600 1994 647 et
2041 593 2306 647 Croatiae
2355 592 2812 660 praedecessoris
2849 590 2936 643 sui

620 690 676 735 et
696 684 873 751 patris
897 682 1065 735 Belae
1090 684 1239 753 regis
1262 682 1748 748 constitutionem,
1777 688 1840 734 ut
1864 682 2018 735 cives
2043 682 2116 733 de
2141 680 2362 735 Gradec
2387 680 2662 732 ducentas
2687 683 2934 731 tantum-

622 771 793 823 modo
830 786 1039 837 pensas
1078 786 1185 838 pro
1222 785 1412 831 annuo
1469 785 1643 823 censu
1704 770 1856 821 bano
1913 768 2154 833 solvant,
2209 766 2373 821 simui
2431 772 2638 821 terram
2691 764 2936 835 regalem

621 856 873 925 Svibljan
910 858 1049 925 ipsis
1089 858 1378 923 donatam,
1416 856 1711 910 confirmat
1785 892 2914 909 .................
3012 856 3117 905 544

440 987 493 1039 4.
537 986 675 1042 1270.
711 987 799 1041 27.
838 987 975 1044 maii.
1038 987 1361 1055 Stephanus
1410 1002 1512 1039 rex
1560 987 1883 1057 Hungariae
1931 993 1988 1038 et
2042 984 2305 1039 Croatiae
2359 984 2578 1038 Simoni
2617 982 2936 1036 Salamonis

618 1074 984 1127 donationem
1024 1076 1201 1141 patris
1239 1076 1323 1127 sui
1361 1074 1531 1128 Belae
1566 1073 1952 1141 possessionis
1988 1072 2260 1126 Prodavic
2297 1072 2484 1125 dictae
2520 1069 2818 1123 confirmat
2896 1110 2910 1123 .
3008 1071 3122 1122 545

437 1204 487 1256 5.
531 1204 779 1259 1270.13.
816 1204 956 1259 1111111.
1018 1205 1343 1272 Stephanus
1396 1221 1499 1257 rex
1546 1204 1868 1273 Hungariae
1915 1210 1974 1255 et
2022 1202 2284 1256 Croatiae
2337 1202 2489 1254 bano
2527 1200 2790 1254 Rolando
2829 1216 2934 1268 pro

616 1292 737 1345 eius
774 1292 989 1346 meritis
1026 1300 1275 1345 castrum
1312 1290 1523 1345 Kainik
1559 1293 1737 1344 donat
1784 1327 2910 1348 .................
3007 1288 3112 1340 546

440 1403 489 1457 6.
530 1403 775 1460 1270.18.
812 1405 938 1460 111111.
976 1405 1171 1460 Ρ118111.
1224 1405 1341 1458 Pax
1377 1412 1434 1457 et
1458 1404 1705 1457 amicitia
1742 1404 1887 1455 inter
1924 1402 2288 1471 Spalatenses
2325 1408 2381 1455 et
2417 1402 2652 1455 Pitanos
2687 1400 2934 1453 redintee

611 1499 804 1561 gratur
876 1526 2907 1547 ..............................
3007 1489 3118 1539 549·

437 1603 486 1656 7.
527 1603 671 1658 1270.
708 1604 796 1659 29.
833 1605 957 1659 111111.
1018 1604 1341 1672 Stephanus
1379 1619 1480 1656 rex
1516 1603 1840 1673 Hungariae
1895 1609 1953 1654 et
1990 1602 2254 1656 Croatiae
2307 1600 2604 1655 confirmat
2657 1600 2934 1667 episcopo

612 1691 971 1759 Zagrabiensi
1008 1690 1312 1743 Timotheo
1349 1698 1599 1759 emptam
1638 1691 2065 1758 possessionem
2105 1688 2184 1743 St.
2223 1689 2450 1741 Martini
2478 1703 2661 1755 prope
2687 1686 2934 1739 Vaskam
3006 1688 3106 1738 551

434 1801 486 1855 8.
525 1802 667 1857 1270.
703 1803 789 1858 29.
827 1804 951 1859 111111.
1012 1804 1337 1872 Stephanus
1392 1820 1494 1855 rex
1541 1803 1865 1873 Hungariae
1913 1810 1970 1854 et
2020 1801 2282 1856 Croatiae
2336 1800 2631 1855 confirmat
2686 1815 2932 1852 conven-

610 1892 827 1943 tionem
866 1907 1061 1944 coram
1099 1891 1234 1944 Bela
1272 1892 1417 1944 duce
1454 1890 1623 1943 fratre
1672 1906 1777 1942 suo
1826 1890 1972 1942 inter
2008 1889 2317 1957 capitulum
2354 1888 2728 1958 Zagrabiense
2764 1893 2820 1938 et
2858 1886 2933 1937 vi-

607 1979 777 2030 duam
816 1977 1107 2030 Pribisiavi
1146 1993 1211 2031 ac
1247 1971 1479 2047 generis
1507 1978 1628 2029 eius
1666 1978 1860 2029 initam
1912 2013 2899 2031 ...............
3001 1974 3114 2024 552

439 2089 489 2141 9.
528 2088 667 2144 1270.
704 2090 793 2145 29.
831 2089 957 2145 111111.
994 2090 1316 2157 Stephanus
1354 2106 1455 2143 rex
1490 2090 1814 2159 Hungariae
1851 2096 1910 2142 et
1946 2089 2210 2143 Croatiae
2257 2087 2551 2141 confirmat
2588 2086 2928 2138 sententiam

608 2177 797 2229 fratris
835 2178 920 2230 sui
958 2178 1127 2229 Beiae
1163 2178 1323 2230 ducis
1359 2178 1432 2230 de
1468 2177 1834 2244 possessione
1865 2176 2122 2243 Jalsevec
2196 2212 2904 2229 ...........
3003 2174 3106 2224 553

422 2287 503 2342 10.
541 2289 679 2345 1270.
715 2290 803 2345 29.
842 2290 963 2345 111111.
1018 2288 1340 2358 Stephanus
1390 2306 1490 2343 rex
1536 2289 1862 2359 Hungariae
1911 2294 1968 2341 et
2014 2286 2276 2340 Croatiae
2312 2288 2748 2339 instrumentum
2784 2284 2934 2354 regis

609 2376 779 2430 Belae
814 2377 884 2444 (a.
925 2380 1078 2431 1251.
1116 2393 1246 2429 nov.
1284 2379 1387 2439 24.)
1426 2378 1697 2430 emissum
1734 2376 1946 2429 civitati
1987 2363 2220 2429 Sibenik
2257 2373 2552 2427 confirmat
2609 2411 2903 2428 .....
3001 2374 3114 2424 553

409 2488 490 2541 11.
532 2489 665 2544 1270.
704 2490 773 2545 18.
812 2490 1045 2558 auuusti.
1082 2492 1485 2561 Fragmentum
1523 2490 1816 2542 cuiusdam
1854 2486 2212 2541 instrumenti
2251 2486 2478 2540 comitis
2515 2485 2768 2555 Vojslavi
2819 2525 2830 2537 .
2888 2524 2901 2537 .
2999 2486 3101 2536 554

408 2600 491 2653 12.
529 2602 673 2657 1270.
708 2603 795 2657 26.
833 2604 1065 2670 annuisti.
1118 2603 1443 2671 Stephanus
1489 2618 1592 2654 rex
1628 2602 1952 2671 Hungariae
1987 2608 2045 2652 et
2082 2599 2346 2653 Croatiae
2392 2597 2689 2651 confirmat
2727 2598 2931 2649 instru-

610 2696 864 2741 mentum
920 2691 1071 2758 regis
1119 2690 1287 2743 Belae
1344 2697 1411 2751 (a.
1451 2692 1602 2742 1265.
1640 2690 1749 2742 ian.
1788 2688 1914 2755 27.)‚
1963 2703 2080 2755 quo
2127 2687 2218 2740 hic
2265 2693 2474 2739 terram
2510 2685 2736 2738 Bolosci
2775 2683 2931 2735 ioba-

608 2776 794 2846 gionis
831 2776 999 2829 castri
1038 2777 1110 2828 de
1148 2775 1362 2829 Kainik
1397 2776 1653 2829 Thomae
1689 2782 1747 2828 et
1775 2775 2017 2844 Johanni
2057 2781 2115 2827 et
2149 2789 2347 2826 eorum
2385 2772 2650 2825 fratribus
2687 2771 2859 2823 tradit
2889 2810 2901 2823 .
3001 2771 3113 2821 555.

404 2886 487 2941 13.
524 2888 662 2943 1270.
698 2888 789 2946 30.
827 2890 1060 2958 1111911811.
1096 2890 1420 2958 Stephanus
1456 2907 1558 2944 rex
1592 2890 1918 2960 Hungariae
1962 2896 2020 2943 et
2068 2887 2332 2943 Croatiae
2368 2886 2740 2940 donationem
2781 2884 2928 2954 regis

617 2975 785 3029 Belae
820 2979 1206 3045 possessionis
1242 2979 1409 3031 castri
1449 2978 1795 3030 Zaladiensis
1832 2978 2030 3046 Bogna
2065 2975 2360 3029 confirmat
2402 3011 2901 3026 ........
3001 2973 3114 3022 556.

402 3087 485 3142 14.
528 3088 665 3143 1270.
704 3091 734 3144 1.
774 3090 1112 3158 septembris.
1168 3090 1484 3160 laurabiae.
1544 3090 1747 3144 Hodus
1798 3105 1993 3144 comes
2050 3087 2440 3158 Zagrabiensis
2490 3086 2777 3138 adiudicat
2813 3083 2930 3151 epi-

613 3192 796 3245 scopo
835 3178 1195 3246 Zagrabiensi
1231 3178 1537 3230 Timotheo
1574 3185 1779 3230 terram
1836 3175 2022 3229 Pseric
2071 3175 2128 3227 in
2179 3175 2278 3227 lite
2328 3190 2458 3227 cum
2505 3172 2789 3226 Abraham
2835 3186 2929 3224 co-

614 3264 751 3316 mite
787 3266 860 3317 de
888 3265 1161 3347 =Morav‹*:e
1212 3297 2900 3320 .........................
2998 3258 3113 3309 556-

401 3375 485 3428 15.
526 3374 663 3430 1270.
698 3378 754 3432 4.
790 3376 1133 3444 septembris.
1169 3376 1484 3444 Zaursiiiae.
1527 3377 1851 3446 Joachimus
1885 3376 2070 3427 banus
2104 3375 2283 3426 totius
2306 3372 2607 3426 Slavoniae
2631 3369 2928 3425 confirmat

610 3465 949 3516 sententiam
989 3463 1193 3516 Hodus
1230 3464 1458 3516 comitis
1494 3464 1698 3516 intuitu
1736 3470 1918 3514 terrae
1953 3461 2140 3513 Pseric
2192 3497 2901 3515 ...........
2999 3459 3112 3509 558·

398 3573 485 3627 16.
526 3574 665 3630 1270.
697 3576 749 3629 8.
789 3576 1135 3643 septembris.
1189 3577 1239 3631 111
1278 3575 1423 3631 Post.
1482 3576 1805 3642 Stephanus
1853 3591 1956 3626 rex
1991 3573 2318 3642 Hungariae
2353 3578 2410 3625 et
2450 3571 2716 3626 Croatiae
2752 3571 2930 3623 dona-

606 3662 821 3715 tionem
860 3663 1243 3730 possessionis
1278 3663 1553 3717 Prodavic
1589 3662 1775 3716 dictae
1798 3661 2060 3728 Philippo
2086 3659 2516 3726 archiepiscopo
2541 3657 2915 3728 Strigoniensi

617 3750 875 3818 eiusque
908 3751 1061 3802 fratri
1099 3751 1356 3803 Thomae
1392 3765 1425 3803 a
1460 3764 1593 3819 rege
1630 3748 1761 3802 Bela
1793 3748 1863 3817 (a.
1911 3751 2056 3800 1267.
2096 3746 2213 3800 iulii
2257 3749 2360 3808 20.)
2398 3747 2602 3799 factam
2640 3744 2935 3798 confirmat
3005 3745 3118 3796 559·

400 3859 489 3916 17.
528 3860 674 3916 1270.
709 3861 776 3921 9..
816 3863 886 3918 13.
921 3864 977 3918 ot
1010 3863 1101 3918 20.
1138 3862 1462 3927 septembris
1499 3863 1557 3918 et
1588 3863 1674 3916 22.
1713 3862 1968 3917 octobris.
2005 3847 2242 3916 Carolus
2279 3862 2318 3913 1.
2355 3875 2455 3912 rex
2485 3858 2712 3912 Siciliae
2749 3873 2932 3910 secre-

613 3949 771 4001 tariis
808 3950 1049 4017 Apuliae
1085 3951 1342 4017 imperat,
1380 3957 1459 4002 ut·
1479 3958 1684 4003 ornent
1720 3965 1923 4002 navem
1949 3950 2022 4002 ad
2046 3949 2342 4001 traiectum
2383 3946 2614 4017 triginta
2651 3960 2928 4014 equorum

615 4033 928 4106 legatorum
960 4035 1220 4104 Jaderam
1285 4073 2900 4092 ........................
2999 4035 3110 4085 567

410 4147 493 4200 18.
536 4146 676 4202 1270.
714 4148 783 4203 14.
820 4149 1137 4204 novembris.
1173 4150 1417 4204 iaderae.
1454 4150 1725 4202 Dobrosti
1762 4149 1878 4202 filio
1917 4165 2022 4202 suo
2061 4149 2454 4201 auctoritatem
2492 4154 2549 4200 et
2586 4153 2930 4214 potestatem

613 4237 898 4289 vendendi
935 4244 992 4289 et
1030 4236 1313 4290 alienandi
1350 4237 1713 4290 medietatem
1752 4237 1950 4289 vineae
1987 4238 2084 4289 dat
2113 4273 2893 4291 ............
2988 4235 3089 4287 567

404 4345 488 4398 19.
530 4345 672 4401 1270.
710 4347 776 4404 10.
814 4349 1130 4404 decembris.
1176 4349 1499 4418 Stephanus
1536 4365 1637 4402 rex
1674 4351 1996 4419 Hungariae
2031 4356 2090 4401 et
2125 4348 2388 4402 Croatiae
2436 4348 2586 4400 bano
2623 4345 2796 4400 Ponic
2833 4361 2934 4413 op-

607 4434 746 4486 time
782 4437 985 4489 merito
1022 4437 1096 4490 de
1131 4453 1193 4489 se
1229 4445 1287 4489 et
1323 4443 1485 4505 patre
1520 4453 1625 4490 suo
1663 4453 1897 4506 magnas
1935 4438 2330 4504 possessiones
2365 4437 2423 4488 in
2460 4435 2735 4488 comitatu
2771 4432 2924 4486 Zala-

610 4521 791 4574 diensi
830 4523 966 4575 sitas
1002 4525 1179 4577 donat
1219 4564 1510 4577 .....
1564 4563 1578 4598 .
1637 4559 2902 4578 ...................
3001 4522 3107 4572 568

398 4630 487 4686 20.
531 4629 683 4686 1270.
722 4633 791 4690 19.
830 4633 1145 4689 decembris.
1204 4635 1519 4705 laurabiae.
1579 4636 1897 4702 Stephanus
1949 4643 2006 4688 et
2059 4635 2249 4688 Mikus
2297 4635 2390 4686 filii
2439 4634 2671 4699 Nicolai,
2708 4633 2931 4702 pignori

606 4719 745 4774 dant
782 4723 977 4775 comiti
1017 4721 1351 4776 Pernicholo
1390 4729 1456 4776 29
1497 4724 1703 4776 marcis
1740 4722 2165 4790 possessionem
2203 4739 2364 4774 suam
2391 4722 2447 4771 in
2484 4721 2728 4788 Sepnica
2766 4721 2929 4772 sitam
3001 4723 3103 4772 571

389 4831 479 4885 21.
525 4831 665 4887 1270.
704 4833 1028 4903 Stephanus
1067 4852 1167 4888 rex
1200 4836 1527 4907 Hungariae
1564 4843 1621 4888 et
1646 4835 1910 4888 Croatiae
1935 4835 2169 4888 Percino
2196 4835 2303 4888 civi
2331 4833 2690 4903 Zagrabiensi
2717 4833 2922 4885 instru-

602 4929 855 4974 mentum
894 4923 1041 4992 regis
1078 4922 1247 4976 Belae
1285 4923 1579 4977 confirmat
1624 4959 2893 4978 ...................
2991 4923 3097 4972 572

393 5031 484 5086 22.
525 5032 661 5087 1270.
709 5034 1034 5102 Stephanus
1072 5053 1173 5088 rex
1208 5038 1531 5107 Hungariae
1567 5044 1623 5090 et
1660 5035 1926 5089 Croatiae
1964 5035 2246 5088 nundinas
2297 5035 2390 5087 die
2443 5034 2590 5086 festo
2639 5033 2720 5086 St.
2757 5031 2932 5086 Marci

598 5122 849 5190 agendas
886 5122 1107 5178 civibus
1142 5126 1215 5177 de
1252 5125 1474 5179 Gradec
1516 5137 1819 5176 concessas
1857 5121 2156 5175 confirmat
2187 5157 2900 5178 ...........
2999 5123 3108 5172 573
