3797 5795
1815 456 1898 464 —
1966 420 2231 485 120-

669 611 1020 685 Menezla0‚
1090 612 1342 685 Bosnia‚
1413 612 1630 686 Preda,
1699 613 2000 674 Marizlao
2060 613 2144 674 de
2224 611 2552 683 Conchan,
2634 612 2957 680 Wolwtta.
3018 612 3175 693 Jaco
3244 612 3385 673 filio

669 722 1095 806 Draghbrath‚
1163 724 1557 807 Namdragh‚
1622 725 1770 787 Toll
1829 726 1961 787 filio
2034 727 2374 799 Hotenow,
2438 727 2807 787 VVolchetto
2877 726 3067 787 fratre
3136 725 3383 805 Jacow,

667 836 1012 898 Radwzlao
1057 849 1122 899 et
1171 838 1467 917 Krysano
1535 838 1666 900 filio
1733 839 1977 918 Ztepan
2047 839 2564 907 adiudicavimus,
2628 859 2815 919 super
2861 842 3211 901 assertione
3258 858 3379 899 sua

667 950 1110 1012 confirmanda
1169 961 1658 1027 sacramentum,
1717 955 1820 1029 qui
1878 956 1941 1013 in
2004 953 2107 1013 die
2166 953 2250 1014 ad
2311 953 2435 1014 hoc
2492 956 2815 1035 assignato
2878 972 3023 1014 cum
3072 953 3379 1031 predictis

669 1064 936 1125 testibus
980 1067 1108 1125 suis
1154 1064 1458 1146 Zagrabie
1511 1084 1728 1125 coram
1791 1065 2107 1144 pristaldis
2168 1066 2411 1127 Fekete
2472 1067 2709 1127 scilicet
2771 1080 3008 1138 nostr0,
3076 1066 3378 1132 Lewcha,

668 1180 962 1243 terrestri.
1029 1178 1387 1257 predictum
1432 1180 1702 1258 prestitit
1763 1192 2251 1241 sacramentum.
2328 1180 2517 1243 Unde
2568 1200 2704 1245 nos,
2764 1180 3119 1240 secundum
3190 1177 3377 1257 quod

669 1290 754 1351 de
795 1292 1026 1350 iustitia
1077 1290 1471 1365 tenebamur,
1519 1294 1721 1370 ipsam
1769 1304 2020 1367 terram,
2064 1303 2256 1371 prout
2282 1292 2617 1353 iustificata
2662 1291 2777 1353 fixit
2824 1292 3102 1373 legitime
3148 1310 3371 1351 coram

671 1404 874 1477 nobiS,
923 1402 1204 1482 Ztanysk
1267 1415 1329 1464 et
1384 1407 1510 1465 suis
1572 1408 1949 1484 propinquis
1994 1405 2077 1465 ab
2124 1408 2350 1466 iniusta
2398 1407 2795 1485 impetitione
2842 1403 3077 1485 Czegul
3134 1417 3199 1464 et
3260 1423 3377 1464 sue

669 1520 1108 1597 generacionis
1169 1517 1590 1589 absolventeS,
1651 1518 2017 1597 reliquimus
2084 1530 2145 1578 et
2200 1521 2585 1579 restituimus
2646 1520 2706 1578 in
2764 1518 3131 1597 subscriptis
3184 1520 3375 1577 metis

672 1633 805 1691 iure
849 1641 1160 1709 perpetuo
1205 1630 1680 1709 possidendam.
1749 1629 1943 1694 Cuius
1990 1644 2153 1692 terre
2199 1634 2356 1692 sicut
2404 1632 2595 1693 iidem
2638 1630 2941 1710 pristaldi,
2984 1642 3202 1690 noster
3252 1629 3373 1689 Fe-

671 1742 822 1804 kete
867 1754 930 1803 et
979 1743 1272 1819 Lewcha‚
1303 1762 1466 1823 quos
1511 1743 1595 1804 ad
1641 1743 2172 1805 reambulandam
2218 1749 2421 1824 ipsam
2471 1756 2703 1805 terram
2752 1748 3141 1809 miseramus,
3188 1744 3377 1804 nobis

673 1858 1037 1929 retulerunt,
1084 1860 1302 1935 incipit
1369 1860 1573 1936 prima
1643 1869 1815 1918 meta
1877 1858 2039 1919 ultra
2094 1856 2354 1918 fluvium
2405 1861 2665 1918 nomine
2712 1858 2972 1920 Oudina
3018 1874 3242 1936 estque
3289 1856 3375 1915 ibi

671 1973 736 2030 in
785 1989 1018 2053 magna
1064 1974 1162 2030 via
1212 1983 1380 2032 meta
1442 1984 1644 2032 terrea
1691 1983 1752 2031 et
1800 1970 2035 2031 deinde
2098 1973 2143 2031 it
2206 1972 2288 2032 ad
2350 1971 2653 2050 paludem
2723 1992 2847 2051 que
2908 1984 3171 2031 vocatur
3236 1970 3378 2029 Pre-

670 2103 850 2144 cowa
911 2099 974 2144 et
1037 2088 1100 2144 in
1163 2099 1350 2163 portu
1411 2098 1507 2145 est
1571 2095 1740 2145 meta
1810 2094 2015 2144 terrea
2062 2096 2125 2144 et
2172 2083 2408 2145 deinde
2454 2087 2499 2144 it
2545 2084 2630 2145 ad
2675 2083 2977 2163 paludem
3029 2097 3093 2143 et
3139 2083 3221 2142 de
3266 2102 3377 2161 pa-

673 2196 821 2256 lude
889 2199 1058 2256 venit
1107 2196 1189 2257 ad
1237 2196 1459 2258 nidum
1525 2199 1839 2276 accipitris
1884 2208 1947 2257 et
2012 2196 2245 2257 deinde
2314 2200 2536 2257 transit
2604 2196 2765 2258 ultra
2834 2215 3133 2275 campum
3183 2209 3245 2255 et
3292 2195 3379 2254 de

671 2327 906 2388 campo
953 2312 1130 2370 iuxta
1175 2310 1419 2388 sylvam
1469 2314 1637 2371 venit
1684 2311 1767 2371 ad
1814 2310 2115 2389 paludem
2174 2330 2298 2387 que
2346 2322 2607 2371 vocatur
2654 2310 2933 2388 Bwnych
2980 2319 3043 2370 et
3090 2309 3174 2368 ibi
3221 2320 3368 2367 sunt

671 2440 893 2483 cruces
953 2433 1196 2484 veteres
1257 2433 1320 2484 et
1384 2443 1548 2483 nove
1594 2426 1654 2483 in
1702 2424 2037 2484 arboribus
2082 2435 2144 2484 et
2192 2423 2274 2483 de
2321 2424 2488 2483 dicta
2550 2423 2785 2501 palude
2856 2422 3133 2500 Bwnych
3206 2424 3375 2482 venit

673 2537 757 2595 ad
803 2536 1114 2610 arborem,
1163 2555 1287 2615 que
1334 2536 1527 2618 uulgo
1575 2549 1834 2598 vocatur
1879 2556 2054 2609 uucz,
2122 2540 2287 2598 circa
2334 2556 2529 2615 quarn
2576 2547 2671 2596 est
2720 2548 2889 2595 meta
2938 2548 3137 2595 terrea
3185 2546 3247 2594 et
3294 2535 3378 2594 de

675 2649 901 2709 arbore
971 2649 1142 2710 vadit
1208 2652 1494 2728 superius
1553 2661 1614 2710 et
1681 2650 1852 2711 cadit
1926 2652 1986 2711 in
2060 2668 2360 2731 magnam
2432 2649 2735 2729 paludem
2807 2651 3067 2708 nomine
3136 2648 3378 2708 Bwnna

675 2774 741 2821 et
801 2762 884 2821 ibi
947 2765 1232 2841 superius
1293 2782 1405 2841 per
1467 2761 1729 2823 Bwnam
1791 2764 2007 2823 eundo
2069 2766 2238 2823 venit
2314 2763 2396 2823 ad
2466 2762 2761 2823 arborem
2833 2763 3093 2821 nomine
3161 2760 3377 2820 brezth

675 2886 738 2936 et
785 2877 868 2936 ibi
917 2887 1011 2937 est
1059 2878 1234 2937 iuxta
1281 2875 1574 2938 arborem
1622 2877 1951 2955 antiquam
2022 2878 2283 2955 antiqua
2332 2886 2502 2936 meta
2549 2887 2752 2937 terrea
2797 2885 2859 2936 et
2908 2894 3073 2936 nova
3120 2884 3183 2936 et
3230 2874 3379 2936 inde

680 2991 848 3050 venit
895 2990 978 3049 ad
1025 3001 1291 3068 pontem
1340 3001 1404 3050 et
1450 2991 1532 3050 de
1577 3001 1776 3068 ponte
1823 2991 1868 3049 it
1914 2990 1995 3049 ad
2046 3008 2345 3071 magnam
2389 2993 2554 3049 viam
2602 2990 3053 3050 exercitualem
3100 2999 3165 3049 et
3212 2989 3294 3047 ibi
3341 3008 3379 3046 a

675 3104 922 3162 sinistra
989 3115 1170 3181 parte
1232 3116 1327 3164 est
1395 3114 1558 3163 terra
1625 3102 1884 3165 Dazlaw
1931 3113 1995 3163 et
2046 3103 2279 3182 chhy
2348 3103 2493 3162 loco
2562 3114 2624 3162 et
2671 3123 2707 3163 a
2755 3103 2982 3163 dextra
3052 3113 3145 3162 est
3215 3111 3379 3160 terra

679 3215 960 3294 Ztanysk
1029 3231 1092 3276 et
1161 3219 1294 3276 eius
1362 3218 1788 3297 generationis
1855 3228 1919 3276 et
1988 3216 2271 3294 predicta
2334 3219 2430 3274 via
2492 3215 2857 3275 exercituali
2926 3216 3255 3275 revertitur
3314 3223 3379 3273 et

677 3329 850 3390 ducit
883 3329 966 3389 ad
997 3333 1274 3408 priorem
1307 3329 1585 3401 fluvium,
1631 3329 1867 3390 scilieet
1897 3328 1983 3389 ad
2010 3327 2335 3388 Oudinam
2368 3341 2432 3388 et
2464 3348 2577 3407 per
2612 3327 2991 3408 Oudinatm)
3035 3325 3252 3387 eundo
3288 3328 3377 3384 in-

681 3443 868 3502 ferius
929 3445 1062 3502 exit
1117 3442 1201 3503 ad
1249 3460 1550 3523 magnam
1621 3444 1787 3502 viam
1835 3441 2030 3522 uulgo
2097 3441 2292 3520 soeph
2354 3442 2593 3502 dictam
2638 3441 2721 3500 ad
2788 3452 3026 3500 metam
3085 3440 3381 3517 priorem.

649 3555 895 3634 ‚ibique
986 3558 1418 3615 terminantur.
1505 3555 1642 3615 Nec
1709 3555 2231 3634 pretermittimus
2294 3554 2625 3633 quondam
2693 3553 3093 3613 Menezlaum
3156 3549 3381 3632 Desce.

685 3667 1081 3739 Wolislaum‚
1129 3667 1427 3740 Endrich‚
1473 3667 1866 3748 Namdragh,
1910 3668 2282 3749 iobagiones
2328 3668 2509 3727 castri
2560 3679 2623 3727 et
2675 3666 2975 3727 Bosniam
3023 3675 3381 3725 terrestrem

682 3783 1004 3852 comitem,
1049 3799 1211 3856 quos
1256 3799 1400 3841 cum
1451 3781 1748 3860 predictis
1793 3780 2109 3859 pristaldis
2142 3799 2257 3858 pro
2290 3779 2604 3861 erigendis
2653 3781 2837 3839 metis
2882 3778 3167 3838 eiusdem
3221 3787 3381 3836 terre

683 3895 1071 3967 miseramus,
1146 3897 1526 3973 prescriptas
1595 3905 1800 3954 metas
1867 3894 2215 3953 erexissent
2284 3895 2651 3953 convocatis
2728 3893 3192 3951 commetaneis
3252 3892 3383 3949 sine

683 4005 1192 4067 contradictione
1259 4008 1591 4068 cuiuslibet
1658 4027 1727 4067 se
1797 4007 2113 4067 dixemnt.
2166 4006 2248 4068 Ut
2297 4016 2513 4066 autem
2574 4005 2757 4066 huius
2804 4007 2889 4065 rei
2940 4007 3132 4064 series
3193 4003 3384 4062 robur

684 4120 972 4180 obtineat
1018 4131 1322 4198 perpetue
1369 4119 1697 4194 firmitatiS,
1759 4139 1878 4180 nec
1939 4119 2069 4180 ullo
2139 4138 2420 4198 unquam
2469 4137 2771 4197 processu
2816 4118 3125 4196 temporis
3168 4117 3384 4195 possit,

684 4233 785 4292 vel
830 4232 1064 4293 debeat
1109 4252 1222 4312 per
1267 4236 1633 4312 quempiam
1683 4235 2019 4306 retractari,
2081 4243 2407 4312 presentes
2469 4232 2704 4291 litteras
2772 4230 3159 4291 contulimus
3204 4228 3381 4310 sigilli

687 4349 881 4407 nostri
954 4349 1302 4407 munimine
1371 4348 1719 4407 roboratas.
1767 4345 2010 4406 Datum
2080 4365 2252 4406 anno
2321 4347 2403 4405 ab
2468 4346 2909 4404 incarnacione
2958 4343 3203 4402 domini
3252 4341 3384 4401 mil-

689 4463 911 4522 lesimo
957 4461 1399 4520 ducentesimo
1447 4460 1981 4539 quinquagesimo
2030 4470 2278 4518 octavo,

860 4707 1214 4766 Laszowski
1261 4709 1458 4783 Spem.
1513 4707 1837 4782 Juropolja
1887 4707 1936 4764 l.
1988 4711 2231 4762 15—16.
2272 4715 2348 4780 po
2392 4706 2695 4780 prijepisu
2748 4709 2831 4759 16.
2882 4701 3111 4777 rijeka.
