3797 5795
1887 319 2288 381 —114—

726 521 987 570 vocatur
1033 511 1204 587 ylex‚
1251 511 1400 571 inde
1447 530 1596 571 vero
1631 512 1852 583 tendit,
1877 511 2187 589 itadem(!)
2222 510 2477 570 inferius
2523 510 2605 569 ad
2652 524 2898 589 partem
2934 509 3447 575 meridionalem.

724 642 850 700 que
882 624 1052 683 eadit
1082 624 1163 683 ad
1199 626 1388 697 uiam,
1420 627 1596 684 iuxta
1631 644 1824 702 quam
1873 636 1967 685 est
2016 634 2187 684 meta
2220 635 2440 695 terrea,
2472 623 2556 683 ab
2596 625 2840 683 oriente
2878 641 3032 683 uero
3070 632 3251 701 parte
3296 640 3445 700 per-

723 738 884 795 tinet
927 735 1227 797 Farcasio
1289 740 1525 811 comiti,
1585 737 1669 797 ab
1731 737 2066 798 occidente
2136 756 2291 798 uero
2359 736 2499 797 filiis
2560 734 2732 809 Se1k,
2800 738 2952 795 item
3016 734 3166 795 inde
3226 735 3443 794 tendit

722 848 960 909 itadem
1015 850 1273 909 inferius
1319 850 1401 910 ad
1451 850 1938 911 meridionalem
1984 861 2229 929 partem
2281 869 2394 928 per
2439 849 2718 910 eundem
2766 846 3023 927 berzu(!)
3072 859 3135 909 et
3168 849 3253 907 ibi
3286 859 3442 908 sunt

722 962 848 1022 due
893 972 1066 1021 mete
1111 974 1333 1033 terree,
1382 982 1466 1023 ex
1513 963 1801 1024 orientali
1849 975 2030 1043 parte
2076 965 2349 1042 pertinet
2386 962 2684 1024 Farcasio
2731 964 2969 1035 comiti,
3016 981 3101 1022 ex
3132 961 3443 1021 occiden-

721 1074 827 1134 tali
875 1094 1030 1136 uero
1075 1088 1256 1154 parte
1303 1076 1442 1137 filiis
1489 1074 1659 1150 Selk,
1716 1078 1867 1137 item
1937 1076 2087 1136 inde
2131 1078 2460 1155 perueniet
2506 1075 2589 1135 ad
2636 1078 2805 1135 uiam
2856 1092 3159 1155 magnam
3204 1084 3271 1134 et
3316 1091 3440 1153 per

719 1188 992 1249 eandem
1057 1192 1227 1250 uiam
1289 1190 1468 1249 uadit
1532 1190 1614 1250 ad
1687 1190 2153 1251 occidentalem
2225 1200 2492 1268 partem,
2560 1198 2725 1249 terra
2794 1188 2877 1248 ad
2940 1186 3435 1248 meridionalem

717 1313 967 1380 partem
1015 1305 1290 1380 pertinet
1335 1303 1600 1363 ecclesie
1645 1306 1846 1364 sancti
1895 1303 2241 1377 MichaeliS‚
2288 1302 2371 1363 ad
2418 1302 2787 1381 aquilonem
2850 1319 3005 1361 uero
3052 1299 3194 1361 filiis
3238 1298 3435 1363 Selk:

718 1415 870 1474 item
920 1415 1068 1474 inde
1117 1418 1287 1475 uenit
1335 1435 1526 1494 super
1571 1416 1907 1477 ecclesiam
1954 1418 2155 1476 saneti
2204 1415 2533 1477 Michaelis
2578 1418 2754 1476 iuxta
2801 1434 2997 1475 unam
3028 1415 3324 1475 semitam
3360 1428 3427 1472 et

716 1528 802 1588 ibi
848 1538 942 1588 est
993 1529 1156 1587 facta
1222 1543 1391 1589 meta
1454 1542 1698 1603 terrea;
1765 1530 1916 1590 inde
1977 1549 2131 1591 uero
2196 1532 2407 1590 ueniet
2472 1528 2729 1589 inferius
2796 1531 2975 1589 iuxta
3043 1530 3427 1588 cimiterium

713 1643 915 1702 sancti
965 1640 1292 1701 Michaelis
1338 1642 1418 1701 ad
1467 1662 1663 1703 unum
1737 1655 1933 1721 potoc
2002 1662 2126 1721 que
2181 1654 2446 1703 uocatur
2494 1642 2803 1703 Kenecna
2850 1653 2913 1702 et
2960 1642 3041 1701 ibi
3092 1653 3186 1701 est
3232 1641 3429 1701 arbor

715 1772 840 1831 que
887 1766 1148 1814 vocatur
1195 1755 1528 1835 gerthanfa
1576 1768 1639 1815 et
1685 1775 1798 1835 per
1845 1755 2121 1815 eundem
2182 1768 2379 1835 potoc
2444 1756 2617 1815 uadit
2680 1756 2937 1815 inferius
2982 1766 3044 1815 et
3094 1754 3243 1814 inde
3289 1756 3425 1814 exit

710 1881 774 1926 et
821 1866 996 1926 uadit
1043 1866 1128 1927 ad
1175 1878 1422 1945 partem
1473 1867 1939 1929 occidentalem
2001 1882 2062 1928 et
2127 1871 2302 1929 iuxta
2368 1872 2535 1928 uiam
2603 1880 2697 1929 est
2764 1879 2933 1928 meta
2982 1878 3217 1936 terrea;
3264 1868 3421 1926 item

711 1979 860 2039 inde
905 1980 1194 2039 ascendit
1241 1980 1323 2040 ad
1370 1999 1570 2041 unum
1620 1981 2040 2041 monticulum
2087 1994 2150 2041 et
2196 1982 2366 2042 cadit
2429 1981 2511 2041 ad
2576 1999 2770 2042 unam
2834 1983 3001 2041 uiam
3064 1993 3129 2041 et
3190 1980 3275 2039 ibi
3324 1991 3422 2039 est

717 2102 890 2151 meta
933 2101 1136 2152 terrea
1186 2106 1247 2153 et
1296 2093 1446 2153 inde
1492 2093 1667 2155 uadit
1715 2114 1827 2173 per
1873 2093 2147 2155 eandem
2197 2096 2365 2155 uiam
2412 2095 2494 2155 ad
2542 2106 2791 2174 partem
2840 2093 3307 2154 occidentalem
3355 2103 3423 2153 et

712 2207 894 2265 iuxta
940 2208 1109 2265 uiam
1159 2217 1252 2266 est
1303 2218 1474 2267 meta
1520 2218 1752 2279 terrea;
1817 2207 1967 2268 inde
2028 2206 2206 2267 uadit
2267 2226 2380 2285 per
2440 2207 2714 2267 eandem
2779 2210 2949 2267 uiam
3014 2218 3073 2267 et
3140 2205 3421 2266 declinat

709 2337 822 2395 per
885 2338 1074 2379 unam
1141 2321 1454 2393 semitam,
1515 2318 1596 2379 de
1659 2319 2051 2381 meridionali
2102 2330 2281 2399 parte
2343 2331 2506 2380 terra
2560 2322 2833 2398 pertinet
2902 2320 2985 2380 ad
3050 2320 3288 2386 Petrus,
3336 2320 3421 2379 de

709 2430 1053 2509 aquilonali
1101 2450 1252 2492 uero
1299 2444 1480 2510 parte
1525 2435 1799 2511 pertinet
1847 2432 1985 2493 filiis
2030 2432 2215 2505 Selk3
2260 2436 2413 2493 item
2461 2432 2611 2492 inde
2649 2451 2763 2511 per
2794 2432 3069 2493 eandem
3118 2434 3413 2493 semitam

711 2542 886 2603 uadit
933 2564 1046 2621 per
1091 2545 1515 2605 monticulum
1585 2555 1648 2605 et
1715 2548 2043 2624 perueniet
2105 2547 2189 2606 ad
2256 2546 2415 2607 duas
2478 2558 2680 2607 metas
2743 2558 2978 2606 terreas
3038 2556 3103 2605 et
3164 2547 3247 2604 ibi
3320 2560 3413 2604 est

710 2668 1196 2717 commetaneus
1241 2656 1485 2717 Tomas
1531 2658 1692 2718 filius
1759 2658 1962 2733 Teme,
2017 2670 2181 2719 terra
2250 2660 2511 2737 quidem
2584 2658 2721 2719 filiis
2788 2657 2944 2720 Selk
3011 2660 3285 2737 pertinet
3331 2658 3413 2717 ad

709 2780 958 2847 partem
1008 2770 1401 2843 orientalem,
1446 2771 1655 2831 Tome
1703 2791 1856 2832 uero
1906 2784 2069 2832 terra
2130 2776 2403 2851 pertinet
2467 2772 2549 2831 ad
2606 2783 2851 2850 partem
2916 2770 3414 2836 occidentalem;

710 2882 862 2942 item
912 2882 1061 2943 inde
1109 2883 1283 2944 uadit
1329 2903 1442 2962 per
1488 2903 1686 2945 unum
1736 2884 1927 2946 berzu
1972 2896 2033 2946 et
2082 2888 2370 2964 peruenit
2433 2886 2517 2946 ad
2582 2896 2821 2946 metam
2868 2895 3161 2951 terream,
3222 2905 3412 2963 supra

706 3014 900 3075 quam
948 3006 1042 3056 est
1089 2998 1278 3056 arbor
1325 3016 1626 3074 quercus;
1685 2999 1832 3058 inde
1895 3018 2048 3059 uero
2110 2999 2284 3060 uadit
2331 3014 2393 3060 et
2440 3002 2769 3078 perueniet
2830 2998 2915 3059 ad
2962 3001 3132 3059 uiam
3196 3016 3411 3065 unam,

705 3111 880 3169 iuxta
929 3128 1122 3187 quam
1171 3123 1316 3170 sunt
1367 3122 1536 3170 mete
1583 3123 1784 3170 terree
1829 3122 1890 3170 et
1940 3113 2023 3170 ibi
2088 3123 2183 3172 est
2251 3113 2440 3172 arbor
2508 3114 2639 3190 piri.
2696 3113 2779 3171 ab
2850 3111 3187 3171 occidente
3255 3128 3408 3170 uero

705 3235 884 3300 parte
931 3224 1202 3300 pertinet
1264 3223 1516 3300 populis
1563 3227 1748 3284 castri
1818 3225 1896 3284 de
1961 3224 2258 3293 Seunika‚
2318 3226 2402 3284 ab
2464 3224 2749 3285 orientali
2814 3243 2968 3284 uero
3031 3233 3211 3302 parte
3270 3221 3409 3282 filiis

703 3333 935 3407 Selko;
986 3335 1134 3395 inde
1183 3355 1334 3395 uero
1366 3336 1652 3396 ascendit
1699 3337 1782 3396 ad
1829 3356 2027 3398 unum
2078 3339 2495 3398 monticulum
2544 3338 2626 3398 ad
2660 3337 3029 3415 aquilonem
3075 3347 3137 3396 et
3184 3353 3407 3415 perue-

705 3449 833 3507 niet
881 3447 964 3506 ad
1013 3457 1252 3507 metam
1299 3457 1589 3520 terream,
1635 3468 1822 3526 supra
1871 3469 2065 3527 quam
2113 3461 2207 3509 est
2253 3450 2485 3511 dumus
2532 3451 2692 3522 ilex;
2741 3452 2889 3509 item
2940 3449 3090 3509 inde
3137 3447 3312 3508 uadit
3344 3459 3403 3506 et

703 3562 1078 3636 pertransiet
1149 3563 1318 3619 uiam
1389 3560 1670 3622 Seunika
1733 3581 1846 3640 per
1908 3563 2182 3622 eundem
2246 3565 2435 3622 berzu
2496 3574 2558 3623 et
2621 3565 2948 3642 perueniet
3010 3562 3093 3623 ad
3166 3573 3401 3622 metam

700 3683 990 3744 terream,
1037 3673 1185 3732 inde
1233 3692 1384 3733 uero
1430 3674 1733 3734 ascendet
1781 3677 2065 3753 superius
2126 3676 2209 3736 ad
2280 3695 2471 3737 unam
2538 3678 2835 3736 arborem
2906 3695 3031 3755 que
3094 3674 3245 3735 kilin
3296 3694 3403 3736 uo-

701 3797 895 3858 catur,
942 3785 1089 3844 inde
1138 3805 1290 3845 uero
1339 3788 1530 3845 etiam
1593 3787 1898 3847 ascendet
1960 3791 2245 3866 superius
2305 3790 2389 3849 ad
2452 3800 2739 3850 montem
2804 3801 2867 3848 et
2928 3790 3009 3847 ibi
3076 3799 3172 3848 est
3234 3800 3403 3848 meta

699 3908 902 3957 terrea
963 3910 1026 3958 et
1088 3898 1169 3957 ibi
1243 3897 1495 3958 finietur
1565 3911 1734 3960 meta
1801 3902 2189 3978 populorum
2251 3905 2435 3962 castri
2487 3903 2569 3962 de
2614 3901 3018 3970 Seueneha(!)
3068 3913 3129 3961 et
3178 3913 3274 3962 est
3320 3903 3399 3961 ibi

699 4010 919 4070 Petrus
987 4022 1472 4072 commetaneus
1539 4025 1601 4072 et
1663 4013 1811 4072 inde
1875 4014 2047 4073 uadit
2094 4015 2176 4074 ad
2224 4016 2599 4075 orientalem
2670 4026 2917 4094 partem
2988 4035 3104 4093 per
3173 4017 3401 4075 monti·

695 4123 911 4183 culum
959 4134 1021 4183 et
1069 4127 1396 4202 perueniet
1443 4126 1526 4184 ad
1575 4136 1814 4186 metam
1884 4137 2173 4199 terream,
2241 4147 2429 4206 supra
2500 4147 2693 4205 quam
2756 4140 2851 4189 est
2898 4129 3089 4188 arbor
3149 4129 3295 4201 ilex,
3340 4140 3399 4188 et

695 4235 844 4296 inde
891 4236 1066 4296 uadit
1114 4247 1178 4296 et
1227 4239 1447 4297 transit
1509 4256 1704 4298 unam
1769 4239 2125 4299 ualliculam
2188 4253 2249 4300 et
2314 4243 2639 4318 perueniet
2700 4241 2783 4302 ad
2844 4260 3041 4303 unam
3103 4242 3397 4302 arborem

696 4347 1061 4430 fagnum(l);
1108 4352 1258 4410 item
1308 4349 1457 4410 inde
1503 4353 1828 4429 perueniet
1889 4352 1973 4411 ad
2023 4371 2321 4433 magnam
2372 4357 2561 4426 uiam,
2609 4357 2785 4416 iuxta
2842 4374 3036 4433 quam
3086 4367 3183 4416 est
3231 4365 3399 4416 meta

689 4472 894 4522 terrea
941 4473 1004 4522 et
1050 4481 1239 4541 supra
1286 4463 1476 4522 arbor
1521 4463 1666 4530 ilex,
1713 4465 1864 4523 item
1913 4465 2061 4524 inde
2108 4465 2281 4525 uadit
2328 4487 2441 4545 per
2488 4481 2727 4528 metam
2792 4479 3063 4529 terream
3112 4471 3397 4546 superius

691 4574 775 4634 ad
823 4575 1194 4653 aquilonem
1256 4575 1340 4635 ad
1399 4587 1705 4647 montem,
1769 4579 1873 4654 qui
1938 4588 2199 4637 vocatur
2262 4578 2437 4639 locus
2498 4582 2767 4641 ciuitatis
2828 4593 2889 4640 et
2954 4581 3035 4640 ibi
3102 4580 3399 4641 finientur

693 4698 1002 4748 terrarum
1053 4699 1224 4749 mete
1273 4689 1493 4748 Petrus
1539 4700 1602 4748 et
1663 4699 1755 4748 est
1821 4690 1905 4749 ibi
1962 4703 2448 4752 commetaneus
2494 4695 2756 4754 nomine
2804 4693 3067 4754 Vlcislo.
3118 4694 3203 4754 Et
3251 4694 3397 4754 inde

690 4800 1024 4860 descendit
1073 4801 1344 4872 inferius
1390 4821 1474 4861 ex
1506 4812 1686 4880 parte
1732 4820 1884 4861 uero
1934 4803 2217 4864 orientali
2266 4815 2360 4864 est
2392 4815 2555 4865 terra
2590 4806 2862 4867 filiorum
2894 4805 3066 4879 Seue,
3098 4827 3185 4868 ex
3233 4809 3397 4867 occi-

691 4911 930 4974 dentali
992 4915 1162 4973 enim
1225 4924 1406 4992 parte
1465 4925 1631 4975 terra
1685 4913 1947 4974 chislo
1994 4927 2057 4975 et
2104 4916 2252 4976 inde
2313 4919 2641 4995 perueniet
2692 4919 2775 4979 ad
2822 4919 3121 4979 arborem
3168 4922 3286 4998 piri
3333 4931 3391 4978 et

691 5025 772 5083 ibi
823 5036 917 5084 est
967 5037 1136 5085 meta
1187 5037 1422 5099 terrea;
1471 5030 1620 5086 item
1671 5028 1820 5086 inde
1867 5029 2041 5088 uadit
2105 5041 2165 5089 et
2228 5035 2555 5108 perueniet
2617 5033 2700 5092 ad
2762 5033 3058 5094 arborem
3120 5034 3286 5095 serfa
3332 5047 3393 5093 et
