3797 5795
1797 419 1878 425 ψ-
1939 383 2066 446 326
2131 416 2214 422 —

651 763 851 827 1264.
897 763 957 828 U
1002 762 1354 846 Zaqrebu.
1909 641 2105 721 816·

657 952 842 1014 Pred
905 954 1236 1036 kaplolom
1307 953 1757 1038 zagrebacfkt'm
1825 953 2129 1039 svjedod'z'
2165 976 2237 1015 se
2282 976 2317 1016 0
2358 953 2641 1038 proday'c'
2702 953 2933 1038 zemgje
2998 953 3355 1015 Kolovral.

830 1142 1190 1223 Capitulum
1240 1147 1675 1228 Zagrabiensis
1709 1146 1972 1207 ecclesie
2005 1148 2306 1207 omnibus
2337 1164 2599 1225 presens
2630 1147 2935 1223 scriptum
2982 1147 3360 1225 inspecturis

654 1257 926 1318 salutem
974 1261 1034 1318 in
1083 1258 1367 1319 domine.
1416 1258 1525 1319 Ad
1573 1262 2010 1319 universorum
2068 1261 2360 1319 notitiam
2409 1258 2629 1318 harum
2676 1259 2835 1318 serie
2880 1258 3173 1319 volumus
3216 1277 3361 1336 per-

653 1373 883 1444 venire,
928 1371 1105 1450 quod
1152 1374 1509 1432 constitutis
1540 1375 1604 1431 in
1637 1384 1853 1433 nostra
1901 1375 2219 1451 presentia
2265 1372 2349 1432 ab
2398 1391 2523 1432 una
2568 1381 2748 1450 parte
2786 1371 2982 1452 Jacov
3016 1381 3077 1431 et
3108 1369 3363 1449 Stephk

653 1482 795 1544 filiis
842 1482 1090 1546 Cliualk
1137 1499 1199 1544 et
1245 1486 1327 1544 ab
1374 1485 1570 1545 altera
1620 1484 1865 1546 Radilia
1940 1487 2174 1545 comite
2221 1505 2338 1565 pro
2386 1503 2455 1545 se
2500 1495 2561 1545 et
2609 1483 2939 1563 Stephano
2987 1485 3176 1544 fratre
3222 1503 3365 1553 sue,

653 1594 848 1656 iidem
890 1596 1084 1676 Jacov
1116 1609 1178 1657 et
1210 1597 1458 1676 Stephk
1505 1609 1738 1659 terram
1787 1617 2011 1658 eorum
2060 1599 2321 1658 nomine
2370 1596 2684 1660 Colewrat
2730 1599 3141 1658 constitutam
3176 1599 3359 1657 iuxta

655 1718 888 1769 terram
937 1710 1180 1770 Radiha
1229 1712 1496 1784 comitis,
1543 1711 1814 1771 confessi
1861 1721 2006 1771 sunt
2054 1731 2122 1771 se
2170 1711 2527 1771 vendidisse
2588 1710 2796 1770 eidem
2848 1710 3091 1771 Radiha
3138 1713 3359 1770 comiti

655 1833 722 1880 et
767 1822 935 1882 fratri
971 1842 1086 1883 suo
1117 1823 1450 1901 Stephano
1496 1834 1837 1902 prenotato
1872 1826 2001 1884 iure
2034 1835 2343 1903 perpetuo
2390 1823 2843 1902 possidendam
2894 1843 3010 1902 pro
3059 1823 3361 1884 undecim

659 1937 903 2007 marcis,
951 1955 1108 2014 quas
1155 1955 1223 1995 se
1270 1937 1569 1997 dixerunt
1615 1937 1698 1996 ab
1746 1937 1986 1997 eisdem
2056 1935 2334 2015 plenarie
2395 1938 2735 2016 recepisse;
2790 1938 3118 1996 astiterunt
3164 1938 3365 1996 etiam

657 2051 1112 2129 consanguinei
1176 2049 1580 2110 venditorum
1647 2050 2097 2128 predictorum,
2144 2050 2377 2109 scilicet
2448 2049 2701 2120 Sebule‚
2750 2047 2975 2110 Obrad
3020 2062 3084 2110 et
3144 2047 3367 2131 ngO,

655 2161 1091 2221 venditionem
1141 2162 1374 2223 factam
1424 2165 1557 2222 sine
1605 2162 2110 2223 contradictione
2158 2163 2437 2241 qualibet
2484 2163 2932 2241 approbantes,
2971 2162 3173 2221 Prima
3206 2181 3367 2221 vero

657 2285 830 2334 meta
881 2287 1042 2335 terre
1089 2275 1363 2349 vendite,
1409 2277 1568 2336 sicut
1614 2287 1826 2354 partes
1871 2276 2059 2336 nobis
2105 2277 2471 2349 retulerunt,
2517 2277 2735 2354 incipit
2781 2276 2863 2335 ab
2911 2275 3246 2335 occidente
3298 2277 3363 2335 in

657 2387 872 2447 radice
919 2389 1027 2447 rivi
1081 2388 1339 2458 Hotina,
1386 2389 1490 2448 ubi
1540 2389 1710 2449 cadit
1758 2391 1819 2448 in
1868 2387 2159 2468 Culpam,
2206 2389 2354 2449 inde
2416 2389 2703 2467 procedit
2765 2408 2981 2449 versus
3028 2389 3365 2449 meridiem

660 2509 726 2559 et
773 2501 952 2560 iuxta
999 2500 1220 2560 silvam
1268 2503 1440 2560 venit
1485 2501 1568 2561 ad
1599 2501 1895 2561 arborem
1946 2501 2156 2562 harazt
2190 2513 2251 2562 et
2284 2501 2367 2561 ibi
2416 2501 2609 2562 habet
2656 2502 2813 2562 duas
2861 2513 3064 2562 metas
3108 2515 3369 2573 terreas,

661 2612 812 2671 inde
860 2614 1036 2673 iuxta
1083 2613 1357 2673 eandem
1406 2614 1626 2674 silvam
1676 2615 1968 2692 procedit
2013 2625 2075 2674 et
2122 2618 2293 2675 venit
2340 2615 2423 2674 ad
2470 2616 2733 2675 alteram
2790 2614 3087 2674 arborem
3134 2613 3351 2675 harazt

662 2725 908 2785 habens
955 2727 1035 2785 ibi
1086 2727 1246 2787 duas
1317 2737 1520 2787 metas
1584 2738 1838 2800 terreaS,
1885 2727 2037 2788 inde
2102 2727 2391 2807 procedit
2459 2731 2637 2788 iuxta
2697 2727 2972 2788 eandem
3033 2727 3255 2788 silvam
3305 2737 3372 2788 et

663 2841 854 2899 tertio
912 2843 1199 2919 pervenit
1261 2840 1343 2900 ad
1407 2841 1702 2902 arborem
1765 2841 1995 2915 harazt,
2042 2841 2385 2902 habentem
2448 2841 2607 2902 duas
2667 2853 2870 2902 metas
2923 2853 3174 2913 terreas
3220 2840 3374 2901 inde

665 2954 836 3011 venit
885 2953 966 3012 ad
1017 2954 1246 3022 locum,
1294 2957 1398 3033 qui
1451 2954 1637 3035 Liget
1701 2955 1945 3027 dicitur,
2014 2974 2195 3015 secus
2256 2974 2447 3033 quem
2512 2957 2771 3015 vertitur
2814 2955 2898 3015 ad
2946 2957 3256 3014 orientem
3307 2967 3372 3014 et

667 3068 838 3126 venit
884 3066 966 3126 ad
1015 3066 1246 3141 locum,
1295 3070 1400 3145 qui
1453 3068 1634 3128 Birch
1681 3068 1911 3127 dicitur
1957 3080 2019 3128 et
2069 3070 2149 3127 ibi
2200 3068 2393 3129 habet
2439 3068 2599 3128 duas
2646 3079 2849 3128 metas
2909 3079 3146 3128 terreas
3190 3069 3373 3127 iuxta

666 3178 908 3252 silvam,
956 3180 1104 3239 inde
1151 3180 1321 3239 venit
1369 3181 1450 3240 ad
1501 3183 1666 3240 viam
1734 3199 1858 3257 que
1921 3181 2147 3241 dicitur
2210 3180 2479 3253 HoruaS‚
2542 3180 2783 3241 liabens
2829 3182 2912 3240 ibi
2960 3180 3119 3241 duas
3165 3192 3377 3240 metas

670 3305 926 3365 terreas,
973 3292 1122 3353 inde
1168 3295 1339 3352 venit
1385 3293 1468 3352 ad
1517 3294 1742 3354 vallem
1793 3313 1921 3372 que
1954 3304 2049 3353 est
2082 3306 2235 3373 aput
2284 3307 2488 3355 metas
2534 3294 2781 3354 Radiha
2827 3296 3095 3362 comitis,
3128 3293 3377 3354 liabens

670 3404 750 3463 ibi
822 3403 1116 3465 arborem
1189 3405 1344 3467 tulfa
1393 3419 1456 3466 et
1504 3406 1662 3466 duas
1731 3418 1937 3467 metas
2006 3420 2259 3479 terrea5‚
2330 3426 2541 3468 versus
2610 3407 3135 3485 septemtrionem
3204 3416 3375 3465 terra

671 3519 961 3595 emptitia
1022 3536 1166 3577 cum
1232 3518 1384 3578 silva
1444 3518 1692 3579 Radiha
1755 3520 1975 3578 comiti
2022 3531 2084 3580 et
2132 3519 2463 3598 Stephano
2510 3532 2895 3580 remanente.
2944 3518 3012 3578 In
3061 3521 3237 3578 cuius
3282 3519 3375 3579 rei

672 3636 1108 3694 testimonium
1170 3648 1499 3712 presentes
1559 3633 1641 3693 ad
1704 3636 2069 3696 instantiam
2132 3636 2404 3712 partium
2475 3632 2858 3694 contulimus
2924 3629 3103 3712 sigilli
3173 3632 3374 3691 nostri

675 3747 1026 3806 munimine
1072 3748 1418 3809 roboratas.
1467 3746 1707 3809 Datum
1742 3767 1854 3825 per
1887 3766 2116 3808 manus
2156 3750 2437 3828 magistri
2472 3746 2796 3806 Michaelis
2827 3745 3079 3805 lectoris
3109 3743 3379 3804 ecclesie

673 3870 904 3932 nostre,
951 3878 1124 3919 anno
1172 3861 1255 3919 ab
1303 3862 1737 3920 incarnatione
1784 3861 2025 3920 domini
2080 3859 2164 3920 M.
2218 3858 2344 3922 CC.
2394 3860 2529 3920 LX.
2577 3869 2821 3937 quarto,

854 4052 1167 4124 Thalldczfv
1195 4086 1220 4093 -
1251 4054 1534 4110 Barabeis
1590 4054 1731 4111 Cod.
1800 4055 1976 4127 Blag.
2048 4057 2295 4109 1:5-16.
2364 4074 2457 4109 no.
2527 4058 2577 4111 8.
2647 4086 2724 4095 —-
2788 4050 3163 4125 Kukuljcw'c'
3221 4050 3375 4122 Reg.

670 4175 763 4213 no.
816 4163 948 4213 875.

669 4485 870 4553 1264.
921 4489 981 4554 U
1027 4486 1382 4571 Zaqrebu.
1932 4363 2099 4444 817

671 4674 864 4739 Pred
920 4679 1252 4761 kaptolom
1319 4676 1770 4761 zagrebaffkz'm
1837 4676 2310 4761 ustanovljuje
2354 4699 2424 4738 se
2462 4685 2672 4761 pravo
2739 4698 2831 4737 nez
2894 4676 3075 4738 neku
3134 4675 3383 4759 zemlju

1641 4788 1965 4851 Tolcm'c‘u
2034 4789 2427 4851 Valentz'nu.

851 4979 1011 5065 [Nos
1072 4978 1443 5065 capitullum
1511 4980 1798 5067 [ecclesie
1861 4977 2326 5063 Zagralbiensis
2388 4981 2690 5042 omnibus
2752 4999 3013 5060 presens
3080 4982 3381 5059 scriptum

672 5098 1048 5175 inspecturis
1114 5092 1410 5179 s[alutem
1480 5099 1544 5156 in
1614 5100 1903 5156 omnium
1977 5096 2309 5157 saluatore.
2372 5094 2481 5156 Ad
2544 5091 2877 5177 noticiam]
2950 5096 3381 5156 vniuersorum
