3797 5795
1526 389 1940 451 *421—

374 583 591 654 tensiS‚
636 581 881 644 domini
930 580 1203 642 Rolandi
1249 579 1499 640 illustris
1560 581 1765 639 tocius
1833 577 2176 640 Sclauonie
2223 579 2372 638 bani
2418 588 2481 638 et
2527 580 2776 639 comitis
2823 576 3083 657 Spaleti‚

368 693 681 774 johannis
748 693 995 766 Vitatis,
1039 692 1259 774 Drago
1326 691 1554 755 Sabaei
1601 702 1661 752 et
1712 692 2032 752 Peruoslai
2103 689 2360 752 Dabrali
2433 690 2730 752 iudicum.
2781 689 3085 754 Cataldus

379 805 598 871 Cicole
660 807 771 868 fuit
834 805 1160 867 confessus
1204 817 1269 866 et
1316 806 1701 878 manifestus
1762 824 1829 865 se
1878 805 2172 865 habuisse
2219 825 2255 864 a
2306 804 2570 865 domina
2639 801 2926 867 Chatena
2973 805 3081 864 ab·

380 921 617 981 batissa
688 921 1053 980 monasterii
1120 921 1321 980 sancti
1390 918 1711 980 Benedicti
1784 936 1976 978 vnam
2041 917 2435 978 castellatam
2493 917 2578 978 ad
2639 929 2974 978 conturam
3020 929 3084 978 et

383 1033 557 1094 illam
628 1033 743 1093 sibi
814 1051 945 1093 non
1013 1035 1355 1094 restituisse
1415 1050 1535 1092 nec
1595 1041 1930 1091 contusam
1977 1031 2254 1091 soluisse.
2303 1029 2516 1108 Quam
2564 1030 2651 1090 ob
2697 1049 2829 1090 rem
2878 1030 3084 1091 dictus

390 1144 696 1209 Cataldus
764 1145 1116 1217 confitetur,
1178 1165 1245 1206 se
1306 1145 1459 1206 dare
1527 1144 1763 1206 debere
1831 1144 1946 1223 ipsi
2000 1145 2318 1205 abbatisse
2387 1162 2584 1204 unum
2648 1146 3080 1205 centenarium

390 1261 581 1318 musti
630 1261 692 1318 in
739 1254 1049 1337 proximis
1092 1259 1427 1318 vindemiis
1472 1277 1589 1336 pro
1635 1258 2065 1318 satisfactione
2111 1256 2280 1317 dicte
2324 1257 2647 1318 castellate
2693 1266 2756 1318 et
2802 1268 3084 1331 contuse,

378 1371 560 1451 quod
606 1373 654 1430 si
700 1390 831 1431 non
879 1372 1113 1444 fecerit,
1174 1381 1465 1432 teneatur
1511 1373 1566 1431 ei
1616 1371 1766 1431 dare
1825 1373 2042 1450 viginti
2108 1379 2382 1449 quatuor
2443 1369 2630 1431 libras
2676 1370 3079 1431 denariorum

382 1503 727 1562 paruorum
795 1503 983 1562 super
1050 1483 1319 1544 domum
1389 1481 1567 1544 suam
1638 1484 1916 1562 positam
1985 1486 2160 1544 iuxta
2227 1483 2496 1543 domum
2559 1481 2731 1544 Dese
2777 1481 3078 1545 Germani

382 1595 667 1656 Mactoni
728 1596 1079 1676 quondam,
1124 1615 1319 1676 quam
1381 1596 1524 1657 loco
1589 1597 1871 1676 pignoris
1933 1596 2237 1676 obligauit
2284 1597 2360 1671 ei,
2404 1605 2470 1655 vt
2515 1598 2846 1656 transactis
2893 1596 2996 1657 die
3015 1593 3079 1677 (!)

378 1707 715 1769 vindemiis
775 1710 911 1787 ipsa
980 1709 1301 1769 abbatissa
1368 1710 1568 1787 possit
1638 1729 1749 1769 sua
1817 1711 2194 1768 auctoritate
2262 1711 2548 1787 accipere
2615 1720 2681 1768 et
2739 1719 2956 1770 tenere
3015 1721 3078 1768 et

379 1820 667 1893 sructare,
714 1821 923 1882 donec
985 1822 1099 1882 sibi
1164 1822 1554 1882 satisfactum
1616 1821 1801 1882 fuerit
1848 1821 1930 1882 de
1977 1821 2276 1900 predictis
2321 1821 2542 1902 uiginti
2589 1833 2862 1901 quatuor
2907 1823 3079 1883 libris

377 1935 511 1993 sine
571 1935 977 2008 requisitione
1037 1936 1206 1995 curie
1266 1945 1329 1994 et
1390 1934 1896 1995 contradictione
1959 1937 2350 2014 cuiusquam.
2413 1932 2654 1995 Actum
2701 1945 2796 1995 est
2841 1934 2969 1995 hoc
3014 1937 3075 1995 in

376 2045 629 2124 plathea
689 2045 929 2125 Spalati
990 2049 1108 2108 sub
1156 2094 1656 2108 .........
1703 2047 1949 2107 domini
2016 2047 2226 2108 Miche
2271 2046 2466 2108 Madii
2517 2058 2578 2108 et
2627 2045 2831 2108 Dobri
2877 2047 3074 2108 Madii

375 2155 648 2219 Grecini.

548 2271 691 2352 Ego
752 2271 973 2332 Petrus
1037 2275 1271 2333 iuratus
1332 2275 1613 2333 notarius
1673 2273 2064 2351 Spalatensis
2128 2283 2386 2354 rogatus
2447 2294 2484 2332 a
2553 2273 2726 2334 dicto
2804 2271 3074 2336 Cataldo

372 2387 587 2463 scripsi
636 2393 701 2444 et
744 2385 1083 2463 publicaui.

553 2577 852 2650 Orzjgz'nal
891 2597 931 2633 u
978 2577 1199 2635 arleivu
1247 2588 1603 2636 samostana
1649 2598 1733 2635 sv.
1782 2578 2017 2652 Alarije
2065 2599 2104 2634 u
2153 2579 2386 2634 Zadru.

1627 2886 1817 2967 892.

363 3060 569 3141 1267,
612 3065 679 3127 4.
725 3060 1093 3127 februare..

1276 3232 1587 3318 Bz'ljes‘ka
1614 3234 1833 3317 sedne
1880 3232 2166 3317 z'sprave.
2205 3218 2212 3225 ’

540 3406 867 3489 A(sta)nte
907 3409 1153 3489 Joanne
1201 3410 1679 3488 archiepiscopo
1746 3410 2122 3488 Spalatensi‚
2168 3408 2514 3491 Dabragna
2561 3412 2866 3488 episcopo
2915 3408 3072 3470 Pha-

364 3522 548 3594 rensi,
608 3522 851 3601 syndici
920 3523 1371 3604 Tragurienses
1446 3522 1786 3600 prohibent
1873 3522 2130 3583 Thome
2199 3522 2644 3582 archidiacono
2713 3521 3072 3601 Spalatensi

366 3635 555 3695 iudici
603 3635 899 3717 delegato
946 3654 1133 3714 super
1180 3636 1459 3708 decimiS,
1508 3636 1684 3713 quod
1730 3654 1861 3696 non
1909 3635 2217 3715 procedat
2267 3638 2328 3696 in
2377 3655 2585 3696 causa.

540 3776 743 3833 [Votae
793 3778 1069 3842 Joanne's
1116 3777 1300 3833 Lucii
1345 3777 1597 3835 Starine
1644 3777 1822 3835 XIII.
1874 3780 2002 3832 213.

1625 4094 1817 4173 893.

368 4268 567 4343 1267,
612 4271 673 4334 6.
717 4267 1080 4335 februare..
1128 4272 1179 4336 U
1227 4268 1527 4335 Viterbi.

460 4458 779 4521 Klement
808 4458 854 4519 J
866 4458 935 4521 V.
977 4466 1155 4543 papa
1206 4457 1422 4542 z'zdaje
1466 4458 1629 4520 bulu
1678 4479 1724 4520 u
1773 4457 1991 4520 korist
2031 4455 2386 4520 koludrica
2418 4478 2513 4519 sv.
2548 4454 2974 4541 Augustina.

543 4649 841 4713 Clemens
908 4654 1245 4729 episcopus
1312 4670 1527 4711 servus
1594 4668 1924 4710 servorum
1994 4649 2092 4709 dei
2165 4649 2409 4709 dilectis
2470 4649 2608 4710 filiis
2656 4651 2958 4729 magistro
3004 4657 3067 4707 et

368 4763 677 4841 prioribus
720 4763 1213 4842 prouincialibus
1258 4764 1496 4823 ordinis
1542 4762 2017 4823 Prcdicatorum
2065 4762 2334 4823 salutem
2381 4773 2444 4821 et
2483 4761 2912 4839 apostolicam
2959 4760 3066 4819 be-

371 4876 816 4937 nedictionem.
883 4873 1144 4938 Assectu
1212 4878 1458 4937 sincero
1528 4877 1615 4936 sic
1682 4878 1874 4936 uestri
1944 4875 2182 4936 ordinis
2252 4875 2447 4935 decus
2493 4886 2556 4934 et
2604 4873 2902 4934 decorem
2953 4872 3067 4932 dil-

371 4990 636 5069 ligimuS,
712 4990 888 5069 quod
964 5008 1152 5068 super
1227 4990 1526 5050 omnibus
1601 4988 2035 5068 spectantibus
2111 4988 2194 5049 ad
2262 4990 2455 5066 ipsius
2531 4988 2932 5047 honestatem
3005 4995 3067 5046 et

370 5114 727 5163 nostrarum
774 5121 1002 5181 pacem
1051 5105 1371 5163 mencium
1418 5120 1537 5161 nos
1587 5102 1897 5183 benignos
1944 5113 2006 5162 et
2055 5101 2390 5162 beniuolos
2435 5100 2830 5160 exhibemus,
2897 5098 3067 5160 Sane
