3797 5795
1893 387 2309 452 —2g4-...

746 574 1097 651 pervenire,
1140 574 1320 654 quod
1368 571 1677 656 chepano
1724 575 1855 637 filio
1903 575 2131 640 Choba
2177 578 2260 640 de
2307 577 2535 658 Vylok
2579 597 2664 639 ex
2709 595 2835 638 una
2881 587 3066 656 parte
3110 589 3174 637 et
3215 579 3452 637 comite

744 682 967 746 Seltha
998 705 1085 748 ex
1114 686 1331 762 altera,
1362 689 1423 748 in
1460 669 1677 750 nostra
1727 693 2057 769 presencia
2101 693 2478 764 constitutis
2517 691 2690 753 idem
2737 687 3077 770 Chepanus
3120 690 3450 769 proposuit

744 815 965 859 coram
1010 799 1216 873 nobis,
1263 801 1441 879 quod
1489 802 1816 879 quandam
1861 805 2238 882 particulam
2285 804 2368 866 de
2413 813 2578 864 terra
2623 822 2738 864 sua
2767 802 3145 864 hereditaria
3193 803 3452 862 nomine

746 909 973 989 Vylok
1018 911 1301 974 decisam
1348 915 1557 993 ipsum
1605 933 1722 994 pro
1766 927 1950 994 parte
2001 935 2116 978 sua
2168 936 2327 996 pure
2384 919 2798 997 contingente
2841 912 2908 998 (1)
2955 914 3042 976 ad
3087 916 3204 975 tria
3248 923 3452 974 aratra

746 1022 1186 1100 sufficientem,
1231 1029 1418 1088 certis
1466 1029 1651 1088 metis
1694 1027 2048 1104 limitatam,
2095 1050 2132 1090 a
2161 1040 2344 1108 parte
2389 1030 2754 1090 monasterii
2807 1029 3010 1090 sancti
3055 1028 3324 1106 Spiritus
3369 1026 3452 1086 de

748 1135 991 1198 Wolko
1052 1138 1444 1200 vendidisset
1502 1140 1715 1201 eidem
1774 1143 1991 1202 comiti
2056 1141 2276 1205 Selthe
2320 1154 2384 1203 et
2429 1161 2543 1222 per
2587 1160 2738 1204 eum
2785 1141 3127 1202 heredibus
3171 1142 3298 1200 suis
3341 1139 3452 1200 he-

744 1249 1103 1330 redumque
1164 1253 1636 1314 successoribus
1694 1272 1813 1334 pro
1875 1255 2102 1316 decem
2160 1257 2388 1316 marcis
2431 1255 2550 1316 sibi
2596 1254 2879 1334 plenarie
2922 1252 3275 1332 persolutis
3319 1254 3452 1312 iure

744 1373 1061 1442 perpetuo
1126 1364 1604 1443 possidendam.
1676 1363 1870 1430 Cuius
1947 1367 2209 1446 quidem
2285 1378 2447 1429 terre
2515 1369 2720 1446 prima
2793 1376 2981 1438 meta,
3049 1367 3211 1426 sicut
3255 1363 3446 1424 iidem

750 1471 1095 1555 Chepanus
1140 1487 1205 1538 et
1250 1497 1471 1540 comes
1516 1479 1733 1542 Seltha
1778 1480 2146 1556 retulerunt,
2209 1484 2427 1561 incipit
2473 1501 2510 1542 a
2555 1493 2738 1560 parte
2781 1477 3158 1542 occidentali
3204 1480 3267 1537 in
3312 1525 3324 1535 .
3372 1525 3385 1535 .
3433 1524 3448 1534 .

876 1637 887 1648 .
937 1637 950 1649 .
996 1590 1169 1652 vadit
1200 1610 1315 1671 per
1350 1592 1634 1654 medium
1680 1593 1955 1654 duorum
2003 1593 2418 1676 virgultorum
2449 1613 2666 1656 versus
2697 1595 3008 1654 orientem
3039 1591 3124 1652 ad
3153 1590 3446 1651 arborem

745 1705 961 1776 cerasi,
992 1703 1113 1784 sub
1159 1723 1285 1784 qua
1332 1715 1427 1767 est
1474 1715 1663 1779 meta,
1709 1706 1948 1768 deinde
1992 1707 2163 1768 vadit
2210 1706 2450 1768 directe
2481 1708 2564 1768 ad
2595 1724 2916 1786 campum,
2961 1705 3071 1766 ubi
3117 1715 3214 1765 est
3259 1713 3446 1763 meta.

746 1813 904 1876 Inde
950 1816 1124 1878 vadit
1170 1816 1253 1878 ad
1300 1818 1595 1880 arborem
1642 1818 1908 1901 moghol
1955 1839 2082 1899 que
2113 1830 2209 1880 est
2239 1839 2422 1881 secus
2468 1819 2796 1898 quandam
2842 1819 3070 1879 vallem
3121 1835 3246 1894 que
3283 1816 3446 1896 wlgo

743 1927 1086 1990 Revencha
1148 1932 1534 2005 nominatur,
1578 1930 1814 1994 deinde
1874 1935 2096 1994 transit
2159 1935 2360 2012 ipsam
2409 1932 2638 1994 vallem
2687 1943 2750 1994 et
2794 1934 3084 2010 pervenit
3129 1930 3214 1990 ad
3259 1928 3442 1989 aliam

744 2041 1040 2102 arborem
1072 2043 1357 2124 moghol,
1382 2043 1598 2121 ibique
1621 2042 2130 2126 continua(n)tur
2165 2055 2328 2106 terre
2359 2046 2726 2106 monasterii
2755 2043 3120 2123 supradicti.
3141 2041 3446 2122 Obligans

743 2171 813 2214 se
842 2154 926 2216 ad
958 2155 1083 2216 hoc
1113 2155 1288 2217 idem
1335 2154 1678 2235 Chepanus
1722 2156 1986 2218 firmiter
2029 2177 2246 2218 coram
2294 2158 2500 2230 nobiS,
2528 2157 2706 2236 quod
2741 2158 3106 2234 quicunque
3151 2173 3446 2234 processu

742 2269 1051 2346 temporis
1095 2279 1319 2332 contra
1364 2271 1571 2349 ipsum
1620 2273 1924 2332 comitem
1971 2268 2242 2354 S(eltha)
2291 2273 2544 2331 racione
2590 2268 2874 2332 eiusdem
2916 2280 3084 2329 terre
3115 2269 3444 2345 intempta-

742 2380 901 2440 verit
944 2383 1294 2458 accionem,
1326 2385 1460 2462 ipse
1492 2402 1639 2444 eum
1672 2383 1978 2462 expedire
2023 2384 2342 2444 tenebitur
2388 2383 2657 2461 propriis
2703 2380 3027 2442 laboribus
3057 2391 3122 2440 et
3153 2381 3444 2458 expensis

744 2503 807 2553 et
841 2502 972 2554 tam
1004 2512 1195 2574 super
1224 2495 1364 2568 hoc,
1396 2514 1590 2576 quam
1622 2515 1813 2577 super
1855 2499 2178 2576 premissis
2221 2497 2458 2558 litteras
2501 2504 2754 2556 nostras
2797 2493 3218 2576 privilegiales
3263 2495 3442 2572 peciit

744 2605 861 2665 sibi
906 2605 1061 2670 dari.
1108 2607 1246 2670 Nos
1276 2611 1462 2690 igitur
1490 2609 1576 2670 ad
1605 2610 1994 2690 peticionem
2039 2610 2326 2671 eiusdem
2371 2618 2701 2688 presentes
2745 2609 3184 2668 concessimus
3214 2607 3445 2667 litteras

744 2717 927 2799 sigilli
973 2722 1167 2782 nostri
1216 2723 1569 2782 munimine
1613 2723 1962 2784 roboratas,
1994 2721 2234 2783 Datum
2269 2741 2443 2783 anno
2475 2722 2721 2783 domini
2753 2719 2858 2782 M⁰
2875 2717 3195 2784 CC⁰LX⁰
3237 2721 3445 2791 terci0‚

746 2832 1049 2913 magistro
1118 2832 1467 2894 Benedicto
1536 2837 1861 2915 preposito
1933 2835 2279 2909 Bachiensi‚
2337 2833 2700 2917 Smaragdo
2769 2834 3024 2909 lectore,
3083 2831 3445 2912 Redempto

742 2954 1023 3023 cantore,
1092 2948 1393 3029 magistro
1450 2948 1697 3028 Jacobo
1766 2949 2217 3011 archidiacono
2289 2948 2635 3023 Bachiensi,
2704 2948 3010 3010 Marcello
3083 2946 3446 3025 Syrmiensi‚

743 3055 803 3118 N
809 3058 971 3119 icola
1032 3059 1318 3135 custode,
1361 3058 1599 3123 Alexio
1660 3062 2112 3123 archidiacono
2175 3061 2648 3144 Sceguediensi,
2707 3060 2972 3123 Andrea
3036 3061 3307 3133 decan0,
3349 3079 3446 3119 ce-

744 3172 1019 3251 terisque
1063 3174 1387 3234 canonicis
1432 3176 1851 3236 existentibus
1897 3178 1959 3235 in
2007 3176 2274 3237 ecclesia
2322 3176 2667 3237 Bachiensi.

928 3363 1225 3438 Orzginal
1279 3365 1493 3423 nalazi
1534 3386 1601 3422 se
1647 3387 1685 3423 u
1735 3366 1957 3424 arkivu
2011 3371 2281 3445 grofova
2343 3369 2410 3424 F
2404 3369 2618 3424 estetic'
2657 3388 2696 3425 u
2745 3366 3126 3439 Kesztlzegyu.
3192 3363 3440 3423 Ostatak

743 3472 959 3529 aelata
1002 3468 1128 3525 visi
1170 3489 1254 3526 na
1299 3469 1563 3546 svilenoj
1603 3474 1855 3547 ervenoj
1893 3474 2082 3529 vrvce'.

928 3570 1067 3629 Cod.
1115 3574 1261 3649 dipl.
1303 3576 1551 3649 patrius
1612 3574 1705 3633 Vl.
1756 3579 2065 3632 117-118,
2114 3596 2206 3633 κο.
2263 3578 2354 3637 79,
2405 3608 2484 3617 -
2557 3574 2930 3650 Kukuljez·ic·'
2969 3575 3119 3647 Reg.
3171 3592 3266 3630 no.
3317 3577 3435 3629 855.

1994 3883 2188 3964 780.

742 4026 948 4103 1264,
997 4028 1061 4092 8.
1106 4027 1444 4109 januam.
1494 4030 1551 4095 U
1597 4028 2056 4100 Gittavechii.

754 4216 987 4279 Urbem
1036 4218 1081 4279 l
1093 4217 1163 4279 V.
1206 4226 1387 4303 papa
1442 4218 1733 4305 biskupu
1796 4221 2270 4306 trogzrskomu,
2323 4220 2497 4284 neka
2559 4220 2736 4305 kupt'
2789 4219 3117 4305 zemljis‘te
3163 4241 3240 4282 za
3293 4220 3448 4281 Fra-

1974 4356 2219 4418 nyevce.

920 4522 1217 4584 Urbanus
1262 4527 1600 4604 episcopus
1631 4546 1845 4588 servus
1892 4546 2219 4588 servorum
2267 4528 2367 4588 dei
2413 4527 2751 4588 venerabili
2785 4526 2952 4587 fratri
2989 4522 3448 4606 (Columbanol

744 4636 1049 4714 episcopo
1080 4635 1483 4718 Traguriensi
1518 4638 1784 4699 salutem
1836 4650 1900 4699 et
1931 4640 2347 4718 apostolicam
2395 4639 2932 4713 benedictionem.
2979 4636 3114 4701 Sua
3145 4638 3336 4699 nobis
3365 4638 3452 4698 di-

744 4745 886 4807 lecti
916 4746 1022 4807 filii
1049 4796 1061 4807 .
1088 4795 1100 4807 .
1127 4796 1139 4807 .
1170 4750 1553 4830 guardianus
1586 4762 1649 4811 et
1675 4752 1900 4812 fratres
1931 4752 2013 4812 de
2053 4752 2277 4813 ordine
2295 4753 2618 4813 Minorum
2652 4754 2960 4831 petitione
2993 4762 3448 4823 monstrarunt,

742 4859 918 4936 quod
950 4861 1276 4938 quondam
1311 4861 1481 4923 Desa
1517 4863 1693 4925 Luce
1724 4866 1875 4925 civis
1906 4865 2340 4946 Traguriensis
2380 4876 2628 4925 terrena
2665 4883 2782 4944 pro
2814 4866 3155 4926 celestibus
3187 4868 3448 4944 cupiens

741 4970 1005 5033 feliciter
1072 4986 1487 5051 commutare,
1556 4977 1740 5038 dictis
1807 4977 2160 5059 guardiano
2229 4989 2289 5037 et
2359 4978 2671 5053 fratribus
2734 4997 2898 5057 quos
2959 4980 3021 5037 in
3086 4979 3452 5039 necessariis

744 5103 1048 5166 magnum
1106 5088 1527 5149 consideravit
1590 5092 1897 5151 sustinere
1959 5091 2299 5163 delectum,
2344 5101 2557 5165 terras
2617 5093 3054 5170 possessiones
3113 5101 3178 5152 et
3241 5092 3454 5151 omnia
