3797 5795
1541 362 1765 422 —31
1839 395 1908 404 ..-

1634 583 1826 662 560.

403 727 584 806 1256,
628 727 728 790 10.
774 723 1200 792 novembra.

400 899 555 962 Bcla
600 898 781 981 kralj
834 897 1125 982 ugarskz'
1180 896 1212 958 ι’
1267 895 1583 959 hmratskz‘
1640 896 1900 981 ry'effava
1965 905 2208 982 raspru
2279 897 2442 961 radi
2505 899 2726 983 mcdja
2781 899 3072 985 z'zmedju

680 1010 997 1072 Henrz'ka
1045 1018 1311 1094 &upana
1357 1011 1785 1094 §omogjkoga
1834 1010 1865 1071 ι’
1912 1009 2180 1072 Kekoia
2223 1010 2384 1072 sina
2431 1013 2741 1075 Zelkova.

553 1182 748 1269 [B]ela
781 1186 882 1246 dei
914 1188 1125 1267 gracia
1172 1185 1516 1266 Hungarie,
1562 1184 1912 1258 Dalmacie,
1945 1182 2225 1258 Croacie,
2259 1186 2480 1260 Rame,
2525 1185 2767 1262 Seruie,
2815 1186 3074 1256 Galicie.

394 1299 775 1372 Lodomerie,
822 1296 1261 1376 Comanieque
1294 1318 1406 1358 rex
1439 1298 1739 1358 omnibus
1769 1309 2097 1375 presentes
2131 1299 2365 1359 litteras
2396 1302 2769 1377 inspecturis
2799 1301 3067 1361 salutem

390 1415 444 1472 in
488 1415 765 1472 omnium
812 1411 1144 1472 salvatore.
1214 1409 1422 1472 Officii
1472 1412 1669 1470 nostri
1715 1423 1833 1470 etc,
1881 1409 2027 1490 (kao
2074 1412 2198 1469 kod
2236 1413 2322 1469 br.
2379 1417 2509 1470 559.
2561 1435 2665 1471 sve
2710 1417 2785 1471 do
2841 1423 3070 1474 »neate-

389 1529 534 1584 riam
564 1525 835 1583 habeant
860 1527 1330 1602 querulandi«.)
1386 1523 1489 1584 Ex
1521 1523 1751 1603 quibus
1791 1523 2083 1584 videlicet
2117 1525 2560 1606 iobagionibus
2591 1529 2775 1585 castri
2807 1526 3068 1604 predicti

388 1652 540 1699 mete
594 1648 757 1698 terre
820 1636 1043 1698 Kokot
1090 1637 1172 1697 de
1221 1634 1611 1718 Comorcffl¹
1663 1636 1766 1696 filii
1817 1635 1988 1709 Zelk,
2033 1647 2223 1715 prout
2269 1637 2474 1698 dictus
2523 1641 2821 1720 magister
2869 1638 3072 1699 Bene-

384 1751 573 1812 dictus
638 1751 825 1811 nobis
892 1750 1102 1811 retulit
1162 1760 1226 1810 et
1285 1749 1565 1829 prefatus
1632 1751 2014 1831 Pongracius
2073 1769 2187 1828 per
2251 1770 2394 1811 suas
2441 1751 2678 1812 litteras
2741 1754 3071 1826 intimavit,

384 1863 574 1924 taliter
602 1863 1045 1944 distinguntur.
1102 1863 1310 1923 Prima
1366 1873 1537 1922 meta
1596 1864 1814 1941 incipit
1878 1863 2054 1922 iuxta
2103 1860 2464 1926 Camariam
2511 1867 2574 1924 in
2626 1877 2798 1925 meta
2844 1875 3064 1940 terrea,

380 1977 516 2037 inde
580 1976 752 2036 vadit
821 1978 998 2037 iuxta
1068 1974 1427 2040 Camariam
1497 1976 1581 2035 ad
1649 1975 1808 2035 duas
1880 1985 2100 2048 mctaS,
2177 1995 2444 2054 quarum
2517 1997 2640 2038 una
2711 1990 2805 2039 est
2876 1979 3068 2058 ipsius

380 2089 587 2151 Kokot
648 2090 769 2150 sub
828 2090 1055 2150 arbore
1116 2089 1289 2162 tulfa,
1372 2089 1521 2148 inde
1580 2107 1694 2167 per
1755 2087 1970 2152 Cherit
2031 2089 2246 2149 eundo
2317 2093 2447 2150 exit
2516 2090 2598 2150 ad
2662 2103 2900 2152 metam
2947 2093 3066 2152 sub

378 2203 589 2264 arbore
632 2201 943 2284 gurtanfa,
1010 2202 1224 2279 ibique
1270 2204 1459 2262 intrat
1504 2202 1733 2263 vallem
1788 2201 2172 2262 Hemelinna
2242 2213 2304 2261 et
2368 2203 2540 2263 vadit
2607 2204 2670 2264 in
2739 2223 2816 2264 ea
2884 2223 3066 2285 supe-

378 2320 491 2376 rius
535 2335 734 2396 usque
782 2316 866 2376 ad
913 2315 1124 2376 locum
1176 2316 1283 2376 ubi
1330 2335 1443 2393 per
1492 2315 1816 2393 quandam
1865 2316 2161 2376 semitam
2211 2317 2470 2376 vertitur
2515 2316 2598 2376 ad
2647 2328 2934 2377 montem
2982 2317 3064 2378 ad

380 2441 603 2489 metam
634 2430 1023 2510 angularem,
1070 2428 1303 2488 deinde
1352 2447 1465 2506 per
1509 2428 1849 2507 planiciem
1882 2430 2060 2488 iuxta
2093 2429 2380 2488 silvulam
2413 2430 2475 2489 in
2525 2429 2804 2506 quadam
2839 2432 3062 2490 semita

376 2543 535 2602 vadit.
580 2544 805 2603 iterum
856 2541 938 2602 ad
987 2553 1226 2601 metam
1283 2541 1653 2622 angularem
1718 2539 1885 2620 (sub)
1951 2541 2178 2602 arbore
2240 2541 2542 2614 iurtanfa;
2603 2542 2840 2602 abhinc
2885 2545 3062 2604 iuxta

374 2665 587 2714 terram
638 2654 819 2714 Zulre
866 2655 1264 2715 descendens
1309 2654 1476 2714 cadit
1524 2656 1750 2714 iterum
1784 2656 1847 2714 in
1884 2653 2319 2714 Hemilinnam
2354 2658 2415 2713 in
2451 2665 2622 2715 meta
2668 2656 2785 2715 sub
2834 2657 3061 2718 arbore

374 2768 532 2836 tulfa,
577 2767 811 2828 deinde
859 2767 941 2827 ad
988 2779 1177 2846 caput
1228 2768 1421 2845 ipsius
1471 2765 1853 2826 Hemelinna
1887 2777 1951 2825 et
1986 2766 2134 2827 inde
2167 2767 2341 2826 iuxta
2375 2779 2606 2827 terram
2656 2771 2839 2828 castri
2890 2770 3060 2830 vadit

375 2878 451 2940 ad
492 2881 785 2942 arborem
840 2879 1201 2963 iurtanfatl),
1236 2881 1469 2941 abhinc
1514 2880 1597 2940 ad
1645 2892 1885 2940 metam
1934 2891 2202 2940 terream
2253 2883 2313 2939 in
2362 2881 2629 2960 planicie
2675 2893 2737 2943 et
2784 2882 2933 2943 inde
2977 2883 3060 2943 ad

368 2994 651 3053 arborem
698 2993 915 3073 bykfa,
961 2995 1080 3055 sub
1127 3014 1251 3072 qua
1300 3009 1393 3053 est
1442 3006 1613 3054 meta
1662 3004 1863 3053 terrea
1897 3012 2199 3072 separans
2232 3014 2268 3053 a
2301 2993 2438 3054 filiis
2472 2994 2776 3065 Chakani,
2824 2996 3059 3056 deinde

364 3126 468 3185 per
518 3110 679 3167 viam
728 3106 900 3167 vadit
946 3108 1028 3167 ad
1077 3121 1313 3167 metam
1364 3108 1483 3165 sub
1528 3107 1755 3166 arbore
1802 3106 1998 3179 naria,
2065 3107 2214 3167 inde
2262 3109 2476 3185 incipit
2525 3110 2610 3167 ire
2657 3127 2871 3168 versus
2917 3128 3059 3187 sep-

364 3224 765 3281 temtrionem
828 3222 891 3279 in
954 3220 1075 3280 alia
1137 3223 1231 3280 via
1294 3230 1355 3279 ct
1418 3222 1703 3298 pervenit
1750 3219 1833 3279 ad
1881 3220 2114 3293 locum,
2160 3220 2263 3280 ubi
2314 3218 2578 3280 reflectit
2625 3240 2691 3280 se
2737 3221 2820 3281 ad
2867 3232 3056 3299 caput

369 3330 810 3395 Choromisnik
876 3346 939 3393 et
1008 3352 1121 3411 per
1190 3330 1637 3396 Choromisnik
1686 3332 2086 3392 descendens
2130 3334 2417 3411 pervenit
2463 3333 2546 3394 ad
2595 3346 2831 3395 metam
2881 3353 3057 3395 com-

370 3465 617 3508 munem
667 3450 827 3507 inter
872 3447 1034 3508 filios
1081 3444 1363 3509 Chakani
1418 3456 1482 3505 ct
1532 3445 1772 3518 Kokot,
1818 3445 1937 3505 sub
1983 3448 2316 3506 arboribus
2348 3446 2502 3506 tulfa
2548 3465 2734 3507 cruce
2780 3448 3056 3528 signam,

368 3560 591 3620 deinde
634 3580 750 3639 per
794 3560 1015 3620 silvam
1065 3578 1190 3637 que
1236 3560 1596 3619 communis
1642 3570 1734 3619 est
1784 3558 1924 3618 filiis
1972 3555 2258 3620 Chakani
2316 3570 2381 3619 et
2426 3558 2598 3619 dicto
2649 3558 2869 3621 Kokot
2916 3579 3054 3638 per-

366 3675 600 3734 venitur
644 3672 727 3733 ad
773 3675 1050 3751 priorem
1120 3684 1357 3732 metam
1426 3681 1698 3732 terream
1769 3674 1943 3731 iuxta
2017 3669 2376 3734 Camariam
2447 3673 2894 3752 supradictam.
2967 3674 3053 3736 Ut

366 3787 541 3865 igitur
570 3785 775 3845 dictus
805 3784 967 3845 filius
998 3783 1151 3845 Zelk
1182 3794 1245 3845 et
1280 3784 1545 3845 heredes
1590 3786 1800 3863 ipsiuS,
1833 3802 1908 3844 ac
1951 3798 2303 3845 castrenses
2349 3787 2454 3865 qui
2507 3786 2784 3867 agebant
2831 3798 3052 3847 contra

363 3899 560 3976 ipsum
590 3917 749 3977 pace
779 3908 1085 3976 perpetua
1118 3898 1523 3979 gratulentur,
1554 3908 1879 3977 presentes
1914 3896 2149 3957 litteras
2183 3900 2243 3957 in
2280 3900 2712 3958 testimonium
2746 3912 3051 3978 perpetue

364 4008 663 4071 firmitatis
715 4010 845 4071 dari
902 4012 1170 4071 fecimus
1222 4011 1398 4093 sigilli
1457 4013 1651 4071 nostri
1706 4010 1975 4089 duplicis
2019 4012 2366 4071 munimine
2418 4011 2765 4072 roboratas
2806 4011 3048 4073 Datum

363 4142 469 4201 per
511 4142 736 4184 manus
769 4125 1047 4205 magistri
1079 4123 1413 4205 Smaragdi
1448 4122 1748 4185 Albensis
1780 4124 2046 4183 ecclesie
2093 4124 2415 4201 prepositi,
2447 4123 2590 4183 aule
2632 4134 2844 4184 nostre
2889 4126 3051 4185 vicc-

363 4237 723 4311 oencellarii,
768 4236 977 4297 dilecti
1038 4247 1104 4297 et
1165 4235 1368 4297 fidelis
1432 4238 1648 4307 nostri,
1710 4254 1879 4294 anno
1945 4236 2185 4295 domini
2239 4233 2612 4299 M0CC⁰L⁰
2657 4250 2858 4307 sext0,
2917 4236 3049 4296 1111.

362 4349 493 4409 idus
536 4350 917 4420 novembris,
963 4352 1136 4431 regni
1185 4362 1401 4409 autem
1450 4350 1646 4408 nostri
1692 4367 1863 4408 anno
1911 4350 2212 4407 vicesimo
2259 4349 2562 4409 secundo

534 4524 831 4599 Orzginal
871 4544 909 4581 u
970 4524 1057 4581 ἐν.
1124 4524 1452 4598 ugarskom
1517 4526 1845 4581 dra'avnom
1887 4522 2112 4581 arkivu
2159 4544 2199 4581 u
2250 4526 2520 4581 Budt'mu
2583 4526 2668 4581 M.
2727 4525 2794 4582 O.
2843 4524 2924 4581 J).
2973 4526 3046 4583 L.

360 4648 445 4686 no,
497 4632 634 4686 443.
681 4629 903 4702 (Stara
948 4630 1105 4701 αξξ-η.
1152 4630 1232 4686 N.
1285 4630 1360 4687 R.
1408 4629 1478 4685 Α.
1512 4631 1690 4705 fasc,
1742 4630 1916 4687 1.531.
1975 4648 2068 4685 κο.
2143 4629 2251 4686 19).
2301 4630 2407 4686 Na
2467 4629 2672 4685 listina·
2728 4628 2942 4685 nalazi
2983 4650 3050 4686 se

360 4734 584 4790 wilena
627 4750 818 4792 vrvca
862 4752 919 4789 cr
930 4753 1083 4790 vene
1140 4734 1167 4789 i
1223 4733 1545 4807 ly'ubic'aste
1590 4733 1739 4806 bose,
1779 4739 1965 4809 pedat
2007 4742 2200 4810 otpaO.
2273 4734 2380 4790 Na
2441 4732 2622 4808 ltrptu
2683 4752 3046 4789 suvremena

362 4836 605 4911 biljes‘ka
624 4860 643 4893 .·
712 4838 1070 4895 ›distinccio
1116 4848 1416 4897 metarum
1468 4840 1861 4912 gariensium
1909 4847 1970 4895 et
2013 4838 2468 4895 sz'midienst'um
2482 4864 2530 4893 c.

537 4942 780 4999 Wenzel
844 4942 984 5002 cod.
1046 4943 1194 5019 depl.
1258 4942 1401 5019 Arp.
1482 4943 1612 5002 VII.
1680 4946 1966 5003 4:27‚—-8.
2017 4976 2101 4983 ——-
2150 4941 2520 5018 Kukuljevt'c
2564 4944 2712 5015 Reg.
2760 4960 2852 4997 no.
2909 4945 3044 4997 708.

528 5079 545 5108 ¹
582 5079 787 5147 Mjesto
820 5078 879 5147 je
918 5078 1253 5146 ispravcima
1290 5078 1609 5148 zamrljano.
