3797 5795
1530 318 1897 382 -—97—

1621 611 1813 690 613.

378 761 559 839 1258,
604 760 669 824 5.
709 758 915 842 juna.
961 758 1020 823 U
1068 756 1375 840 Sleetu.

382 932 607 1017 ..S'trija,
660 932 881 994 udova
928 930 1125 1015 Stoja
1172 931 1461 1016 Magera
1518 933 1804 1017 prodaje
1863 954 1977 1021 sve
2019 935 2203 1020 svoje
2257 933 2520 1020 imanje
2561 936 2777 1029 „brata
2840 939 3064 1002 Blazu

841 1066 915 1105 za
960 1046 1091 1107 160
1135 1042 1371 1117 libam,
1419 1045 1568 1129 koje
1606 1046 1938 1130 poklanja
1981 1046 2228 1129 svojz'm
2275 1048 2586 1113 ka‘erima.

541 1222 609 1281 In
656 1221 914 1281 nomine
976 1220 1171 1279 eterni
1238 1230 1303 1279 et
1349 1221 1582 1280 summi
1640 1220 1741 1282 dei
1790 1241 1998 1283 amen.
2049 1220 2242 1284 Anno
2289 1226 2736 1287 incarnationis
2781 1227 3068 1289 eiusdem

292 1370 309 1393 .
378 1334 700 1395 millesimo
747 1332 1192 1393 ducentesimo
1229 1334 1762 1415 quinquagesimo
1809 1345 2059 1409 octau0,
2091 1336 2410 1397 indicione
2440 1340 2662 1416 prima,
2693 1342 2918 1417 quinto
2964 1340 3068 1401 die

369 1449 633 1508 intrante
677 1448 870 1520 iunio,
914 1444 1315 1525 temporibus
1359 1444 1601 1505 domini
1649 1448 1906 1529 Rogerii
1971 1448 2346 1509 venerabilis
2392 1448 2783 1529 Spalatensis
2827 1452 3065 1514 archie-

368 1562 625 1639 piscopi,
688 1558 917 1619 nobilis
972 1558 1084 1619 viri
1131 1554 1448 1619 Guidonis
1508 1560 1759 1619 comitis
1819 1559 2143 1634 Modruse,
2205 1560 2514 1623 Vinodoli
2560 1566 2909 1643 potestatiS,
2961 1565 3068 1646 Jo-

370 1674 588 1734 hannis
648 1670 927 1754 Cigaide,
992 1670 1190 1753 Dragi
1251 1669 1577 1750 Stephani,
1622 1670 1872 1732 Alberti
1927 1672 2118 1752 Jantii
2187 1673 2484 1734 iudicum.
2561 1675 2703 1757 Ego
2749 1677 3064 1755 siquidem

366 1788 528 1848 Stria
572 1787 785 1847 relicta
828 1784 967 1847 Stoi
1018 1782 1292 1865 Magerii
1327 1802 1443 1863 per
1475 1783 1597 1843 hoc
1642 1803 1905 1863 presens
1951 1787 2442 1848 instrumentum
2489 1787 2802 1849 confiteor
2831 1801 2895 1851 et
2923 1809 3070 1869 pro-

364 1910 579 1972 testor,
622 1898 797 1979 quod
847 1916 992 1959 curn
1044 1898 1261 1957 omnia
1324 1897 1495 1956 bona
1544 1896 1804 1957 mobilia
1850 1908 1915 1957 et
1963 1898 2331 1973 immobilia,
2376 1910 2505 1960 tam
2554 1911 2819 1980 paterna
2872 1921 3066 1982 quam

362 2022 662 2085 materna,
723 2021 973 2072 tanturn
1039 2010 1122 2071 ad
1186 2028 1291 2070 me
1355 2018 1665 2088 quantum
1728 2010 1810 2070 ad
1879 2010 2230 2091 quemlibet
2284 2022 2646 2075 nostrorum
2693 2016 2956 2077 fratrum
3003 2028 3066 2077 et

362 2144 651 2185 sororum
696 2133 1061 2203 spectarent
1106 2135 1170 2184 et
1218 2134 1349 2183 tam
1397 2122 1547 2183 mihi
1595 2140 1791 2200 quam
1842 2124 1990 2202 ipsis
2035 2123 2118 2185 de
2164 2125 2296 2185 iure
2341 2126 2804 2204 pertinuissent,
2853 2148 3066 2191 meam

365 2238 874 2312 iurisdictionem,
937 2240 1068 2297 uim
1116 2247 1180 2297 et
1226 2246 1628 2315 potestatem,
1692 2254 1885 2314 quam
1967 2238 2029 2295 in
2091 2236 2274 2297 dictis
2334 2237 2522 2299 bonis
2582 2238 2790 2315 habui,
2853 2240 3062 2303 Blasio

366 2370 513 2411 meo
548 2349 717 2411 fratri
776 2369 892 2431 pro
940 2360 1198 2409 centum
1264 2351 1596 2431 sexaginta
1644 2348 1813 2410 libris
1858 2351 2349 2410 venecianorum
2397 2370 2740 2430 paruorum
2789 2355 3067 2415 totaliter

368 2463 623 2525 uendidi
692 2474 885 2542 atque
934 2465 997 2523 in
1042 2473 1421 2541 perpetuum
1493 2464 1796 2524 concessi.
1843 2462 1966 2522 Pro
2029 2462 2258 2541 quibus
2317 2462 2487 2523 libris
2555 2464 2759 2525 dictus
2826 2466 3066 2529 Blasius

368 2577 688 2655 quandam
736 2594 915 2637 suam
972 2577 1223 2636 vineam
1272 2575 1569 2637 Rainerio
1616 2594 1765 2636 meo
1810 2577 2025 2657 generi
2056 2594 2172 2654 per
2201 2575 2528 2654 publicum
2576 2580 3064 2641 instrumentum

366 2708 557 2751 manu
624 2688 839 2751 Miche
906 2688 1269 2769 Jaderensis
1336 2689 1562 2748 notarii
1632 2688 2002 2749 confectum
2063 2707 2167 2749 me
2227 2692 2668 2751 consentiente
2743 2692 3066 2773 obligauit,

364 2822 521 2880 quas
562 2802 858 2863 videlicet
925 2801 1115 2864 libras
1176 2820 1295 2879 pro
1342 2819 1563 2861 amore
1608 2809 1670 2860 et
1718 2802 1912 2861 nimia
1959 2800 2316 2875 dilectione,
2362 2820 2556 2881 quam
2603 2822 2753 2885 erga
2798 2803 3065 2866 Stanam

361 2929 423 2977 et
486 2915 540 2978 F
542 2917 891 2980 ranciscam
955 2934 1133 2976 meas
1193 2913 1658 2975 dilectas'filias
1717 2913 1946 2989 habeo,
1991 2915 2140 2993 ipsis
2201 2914 2283 2975 ad
2346 2934 2607 2994 presens
2656 2912 2764 3000 [et]
2813 2920 2874 2978 in
2922 2913 3063 2998 per-⁴

360 3040 620 3108 petuum
679 3029 787 3102 do,
848 3027 1135 3089 delibero
1197 3038 1261 3088 et
1322 3026 1615 3089 concedo
1676 3028 1938 3087 nomine
1999 3026 2362 3088 donationis
2425 3046 2550 3108 que
2611 3029 2839 3090 dicitur
2902 3033 3064 3092 inter

363 3145 559 3215 uiuos
607 3161 731 3221 que
776 3141 1049 3221 amplius
1094 3143 1377 3202 reuocari
1423 3159 1556 3200 non
1604 3150 1833 3219 potest,
1886 3159 2034 3200 cum
2089 3141 2265 3200 omni
2312 3159 2428 3201 suo
2474 3143 2606 3202 iure
2653 3153 2718 3203 et
2762 3145 3064 3206 interesse

362 3266 425 3315 et
470 3274 617 3316 cum
649 3257 839 3335 plena
873 3263 1193 3334 potestate
1224 3265 1288 3314 et
1320 3255 1697 3314 auctoritate
1740 3251 2122 3331 placetandi,
2155 3253 2538 3324 excutiendi,
2583 3255 3065 3330 intromittendi,

362 3369 655 3443 habendi,
718 3367 1060 3442 uendendi,
1134 3366 1525 3440 comutandi,
1596 3365 1921 3447 obligandi
1968 3374 2031 3425 et
2078 3365 2522 3426 omnimodam
2571 3385 2656 3426 ex
2701 3369 2848 3446 ipsis
2892 3369 3066 3430 libris

360 3484 644 3561 superius
690 3483 1036 3542 nominatis
1084 3481 1483 3541 uoluntatem
1532 3478 1819 3552 faciendi,
1863 3480 2121 3539 nemine
2167 3479 2257 3538 eis
2303 3480 2366 3539 in
2398 3488 2778 3558 perpetuum
2812 3491 3061 3542 contra-

361 3595 643 3670 dicente;
705 3614 809 3657 me
871 3594 1135 3676 quidem
1200 3614 1285 3655 ex
1347 3595 1497 3673 ipsis
1559 3593 1730 3653 libris
1798 3593 1949 3653 foris
2015 3592 2177 3653 facio
2225 3601 2289 3652 et
2336 3592 2503 3670 ipsas
2551 3593 2614 3652 in
2662 3611 2947 3653 mearum
2995 3593 3065 3655 fi-

362 3711 583 3772 liarum
650 3718 973 3789 potestate
1043 3706 1364 3785 relinquo;
1431 3707 1737 3767 renuncio
1807 3706 1979 3766 enim
2041 3706 2216 3764 omni
2285 3705 2398 3765 iuri
2467 3704 2893 3765 ecclesiastico
2961 3706 3063 3766 uel

360 3823 525 3884 ciuili
569 3833 633 3884 et
678 3824 873 3882 etiam
920 3840 1063 3882 mee
1110 3821 1381 3880 ciuitatis
1411 3818 1994 3891 consuetudinibuS,
2025 3836 2139 3897 per
2170 3816 2348 3896 quod
2376 3835 2635 3895 possem
2681 3816 2783 3878 uel
2829 3818 3060 3880 uellem

360 3937 525 3997 hanc
569 3935 991 3996 donationem
1039 3944 1419 4014 perpetuam
1468 3950 1784 3997 reuocare.
1820 3931 2131 3992 Promitto
2177 3930 2371 3990 etiam
2417 3947 2747 4010 nunquam
2795 3931 2877 3992 de
2921 3951 3062 4011 pre-

362 4049 544 4109 dictis
584 4047 785 4110 modo
815 4047 1033 4127 aliquo
1064 4047 1508 4107 contrauenire
1539 4046 1658 4106 sub
1689 4055 1968 4124 ypoteca
2011 4061 2302 4104 meorum
2349 4045 2638 4104 omnium
2685 4063 2976 4106 meorum
2997 4044 3061 4128 (!)

362 4161 697 4222 bonorum.
744 4160 829 4222 Et
890 4160 977 4220 ad
1023 4159 1163 4235 hoe,
1207 4170 1276 4220 ut
1322 4158 1685 4238 supradicta
1745 4158 2012 4218 donatio
2073 4155 2314 4217 stabilis
2373 4165 2437 4218 et
2499 4157 2939 4219 inreuocabilis
2997 4161 3062 4218 in

360 4284 738 4354 perpetuum
800 4283 1196 4354 permaneat,
1239 4273 1323 4333 ab
1370 4272 1521 4350 ipsis
1568 4270 1752 4331 dictis
1812 4272 1972 4330 meis
2017 4269 2264 4330 filiabus
2309 4286 2508 4330 unum
2557 4269 2932 4330 mantellum
2979 4270 3062 4330 de

362 4389 495 4466 ipsa
554 4407 671 4467 pro
732 4387 1245 4447 remuneratione
1306 4387 1573 4463 suscepi.
1618 4381 1857 4444 Actum
1923 4385 1985 4443 in
2047 4381 2247 4443 domo
2313 4379 2548 4464 dicti(!)
2611 4380 3062 4466 Rombaldi(!).

358 4499 587 4562 Testes
630 4511 809 4561 sunt:
858 4499 1179 4560 Peruenus
1226 4497 1491 4580 Magerii
1538 4509 1601 4557 et
1648 4496 1944 4558 Matheus
1987 4495 2198 4556 Posilli
2244 4507 2310 4556 et
2353 4495 2471 4556 alii.

534 4613 675 4696 Ego
722 4607 1048 4696 Du[i]mus
1094 4611 1265 4673 Dese
1310 4611 1716 4674 examinator
1762 4611 1901 4671 misi
1949 4626 2213 4670 manum
2264 4625 2492 4668 meam.
2545 4615 2554 4624 ·

532 4725 615 4788 Et
674 4744 799 4808 ego
862 4725 1071 4787 Lucas
1120 4721 1513 4804 Spalatensis
1576 4725 1922 4785 canonicus
1975 4724 2213 4783 iuratus
2275 4721 2681 4781 comunitatis
2729 4713 3066 4801 [notarius]

362 4839 479 4901 hiis
519 4840 771 4902 interfui
817 4849 881 4900 et
928 4848 1185 4921 rogatus
1230 4857 1267 4897 a
1312 4838 1483 4898 dicta
1530 4835 1697 4899 Stria
1745 4836 1869 4896 hoc
1914 4836 2110 4896 breue
2155 4835 2389 4913 scripsi.

544 5017 837 5091 Ortgr'nal
880 5035 919 5071 u
966 5013 1190 5072 arkivu
1226 5016 1499 5090 grofova
1548 5014 1760 5086 Regna
1810 5032 1849 5070 u
1898 5011 2263 5086 Pasedarju.
2312 5011 2383 5066 P.
2434 5027 2530 5064 κο.
2585 5011 2636 5066 3.

455 5173 595 5218 con.
628 5173 795 5214 mm„
828 5172 889 5213 v.
2943 5137 2980 5199 7
