3797 5795
707 815 906 893 1257,
953 816 1062 880 26.
1110 817 1378 880 marta.
1427 814 1487 880 U
1533 813 1839 897 Spljetu.

706 1003 1115 1087 Nadbz'skup
1165 1005 1482 1088 Rogen'je
1549 1006 1919 1089 adsudjuje
1965 1005 2437 1090 arcz'presbt'lm
2502 1007 2847 1084 Prodana,
2916 1010 3003 1070 da
3050 1009 3219 1070 dnae
3263 1009 3412 1092 πυ]

685 1117 908 1200 jedan
956 1123 1068 1179 vrl
1109 1117 1304 1180 crkm‘
1331 1139 1424 1179 sv.
1465 1117 1730 1200 Dujma
1761 1141 1836 1180 za
1869 1119 2111 1181 kamen
2145 1141 2312 1182 :van
2349 1119 2636 1193 Gaman,
2682 1121 3051 1205 poklonjen
3086 1122 3174 1183 od
3204 1122 3401 1205 njega

1620 1231 1910 1314 bt'skupu
1958 1233 2487 1315 :cqg·rc'bac‘k0111u.

877 1420 1074 1483 Anno
1122 1422 1442 1484 dominice
1490 1426 1939 1484 incarnationis
2002 1424 2339 1485 millesimo
2390 1425 2831 1487 ducentesimo
2878 1429 3405 1508 quinquagesimo

703 1536 994 1612 septimO,
1053 1535 1396 1596 indictione
1459 1539 1678 1614 quinta
1739 1537 2007 1608 decima,
2068 1538 2173 1598 die
2236 1549 2423 1599 sexto
2468 1550 2745 1600 exeunte
2792 1543 3049 1613 marci0,
3095 1555 3399 1621 regnante

702 1647 968 1707 domino
1015 1661 1233 1708 nostro
1283 1649 1431 1709 Bela
1477 1652 1876 1710 serenissimo
1909 1669 2057 1731 rege
2090 1652 2387 1732 Vngarie,
2420 1653 2815 1731 temporibus
2861 1653 3101 1713 domini
3152 1653 3398 1734 Rogerii

702 1759 1073 1820 venerabilis
1147 1761 1600 1841 archiepiscopi
1672 1763 2082 1841 §palmensis
2158 1765 2468 1843 Stephani
2529 1765 2779 1826 illustris
2847 1766 2993 1826 bani
3064 1766 3399 1828 Sclauonie

701 1876 965 1946 comitis,
998 1873 1312 1935 Guidonis
1345 1877 1595 1935 comitis
1629 1876 1964 1937 Modrusse
1997 1891 2059 1937 et
2096 1878 2155 1938 V
2163 1879 2428 1956 inodoly
2460 1883 2808 1957 potestatis
2860 1879 3029 1940 Dese
3064 1879 3400 1953 Michaelis

705 1986 864 2046 Petri
913 1985 1257 2060 Cerneche,
1303 1987 1524 2048 Dobre
1585 1988 1857 2065 Duscice
1906 1989 2203 2050 iudicum.
2270 1990 2403 2050 Nos
2450 1993 2759 2072 Rogerius
2807 1992 2909 2052 dei
2956 1995 3156 2072 gratia
3200 1993 3398 2052 archi-

697 2101 1033 2177 episcopus
1079 2100 1466 2178 Spalatensis
1513 2105 1814 2162 vniuersis
1859 2122 2122 2181 presens
2168 2107 2663 2165 instrumentum
2708 2107 3087 2184 inspecturis
3132 2105 3399 2166 salutem

696 2215 758 2271 in
806 2212 1088 2273 domins).
1138 2211 1301 2275 Cum
1348 2214 1596 2275 dudum
1640 2234 1927 2275 murmur
1958 2228 2020 2276 et
2053 2235 2269 2276 rumor
2318 2229 2449 2277 tam
2500 2221 2562 2277 in
2617 2219 2788 2278 clero
2836 2237 3030 2297 quam
3068 2221 3127 2277 in
3162 2218 3400 2296 populo

705 2327 938 2387 multus
969 2339 1149 2394 esset,
1195 2326 1372 2405 quod
1422 2328 1749 2388 Prodanus
1795 2329 2279 2408 archipresbiter
2324 2330 2649 2409 quendam
2698 2331 2975 2409 lapidem
3008 2335 3113 2411 qui
3151 2331 3396 2394 Gaman

703 2438 1040 2520 uulgariter
1107 2438 1435 2500 dicebatur
1495 2441 1576 2500 de
1637 2460 1892 2501 camera
1954 2443 2217 2502 ecclesie
2278 2445 2615 2522 recepisset
2664 2456 2727 2504 et
2774 2445 3167 2506 distraxisset
3226 2446 3397 2506 illum

703 2571 818 2631 pro
864 2571 974 2612 suc
1019 2554 1276 2612 arbitrio
1322 2554 1683 2627 uoluntatis,
1728 2557 1935 2633 ipsum
1984 2556 2217 2633 pluries
2261 2568 2555 2635 presente
2601 2558 2772 2618 clero
2804 2571 2867 2618 et
2900 2560 3141 2637 populo
3188 2561 3399 2620 uocari

705 2665 966 2726 fecimus
1011 2685 1228 2726 coram
1276 2667 1482 2744 nobis,
1528 2670 1630 2745 qui
1681 2670 1770 2728 sic
1815 2671 1874 2727 in
1926 2681 2141 2728 nostra
2186 2680 2248 2729 et
2296 2672 2579 2748 ipsorum
2625 2674 2941 2749 presentia
2986 2674 3400 2753 recognoscit,

704 2778 879 2856 quod
925 2798 1071 2839 cum
1132 2779 1612 2840 archidiaconus
1658 2792 1719 2840 et
1767 2781 2115 2859 capitulum
2180 2781 2330 2841 olim
2397 2782 2481 2842 ad
2540 2802 2702 2861 opus
2748 2785 3014 2844 ecclesie
3060 2784 3190 2844 fieri
3237 2784 3399 2844 face-

705 2904 840 2953 rent
903 2892 1224 2971 quandam
1296 2913 1566 2967 crucem,
1630 2906 1695 2954 ut
1763 2894 1846 2953 ad
1910 2894 2209 2955 decorem
2278 2897 2471 2974 ipsius
2539 2908 2882 2975 poneretur
2943 2902 3005 2958 in
3070 2918 3163 2968 ea,
3230 2897 3397 2958 illum

703 3006 979 3084 lapidem
1041 3018 1410 3085 receperunt
1459 3022 1521 3067 et
1570 3026 1697 3067 non
1746 3019 1841 3067 est
1886 3010 1950 3067 in
1997 3026 2089 3082 ea,
2160 3010 2307 3088 quia
2372 3021 2503 3070 erat
2574 3012 2837 3082 inabilis‚
2898 3010 3263 3083 collocatus
3308 3023 3399 3072 set

705 3122 1004 3179 remansit
1051 3140 1164 3198 per
1211 3120 1535 3198 quandam
1599 3122 1903 3181 incuriam
1952 3132 2016 3181 et
2062 3122 2519 3203 negligenciam
2570 3142 2769 3201 penes
2814 3126 3037 3203 ipsum.
3106 3124 3399 3186 Tandem

702 3250 849 3291 cum
911 3232 1082 3292 bone
1146 3235 1452 3293 memorie
1513 3233 1876 3312 Stephanus
1940 3234 2375 3316 Zagrabiensis
2434 3238 2772 3315 episcopus
2832 3237 2915 3297 ad
2984 3251 3196 3315 partes
3255 3239 3404 3297 istas

702 3344 1061 3404 aduenisset
1109 3358 1170 3405 et
1219 3346 1415 3406 multa
1478 3346 1740 3407 donaria
1787 3349 1849 3406 in
1896 3350 2125 3425 pannis
2184 3361 2247 3408 et
2310 3351 2519 3409 sericis
2582 3360 2645 3409 et
2692 3350 2828 3409 aliis
2872 3351 3137 3411 ecclesie
3184 3362 3397 3410 nostre

703 3457 968 3526 fecisset,
1014 3468 1340 3519 ostensum
1375 3459 1486 3518 sibi
1524 3458 1800 3537 lapidem
1849 3460 2025 3532 uidit,
2070 3464 2277 3521 uisum
2326 3462 2625 3534 laudauit,
2671 3462 3001 3523 laudatum
3033 3465 3395 3541 concupiuit

703 3582 766 3629 et
827 3569 1044 3630 habuit
1113 3574 1543 3649 concupitum,
1605 3591 1736 3631 non
1798 3583 2015 3633 tamen
2083 3574 2349 3634 credidit
2420 3575 2587 3635 idem
2660 3576 3158 3654 archipresbiter,
3228 3576 3403 3654 quod

706 3686 914 3763 magni
967 3683 1194 3744 ualoris
1240 3686 1538 3744 existeret
1587 3686 1744 3763 lapis
1791 3685 1911 3758 ille,
1958 3699 2051 3746 set
2100 3688 2221 3747 hoc
2268 3707 2481 3768 agenS,
2530 3704 2593 3747 ut
2644 3690 2847 3767 ipsum
2897 3691 3267 3767 episcopum
3317 3690 3397 3749 ad

704 3796 1076 3856 donandum
1125 3797 1397 3857 alliceret
1445 3818 1562 3876 pro
1607 3844 1989 3858 .......
2038 3803 2085 3861 si
2126 3800 2291 3860 male
2340 3802 2605 3872 fecisset,
2650 3820 2840 3880 super
2890 3802 3009 3861 hoc
3056 3821 3124 3863 se
3174 3805 3398 3863 nostris

704 3909 1112 3987 beneplacitis
1158 3911 1616 3971 committebat.
1669 3912 1913 3973 Verum
1962 3932 2108 3972 cum
2142 3914 2224 3973 ab
2256 3914 2371 3973 hiis
2420 3915 2626 3974 uerbis
2666 3915 2914 3993 plurimi
2964 3892 3397 3975 discordarent

702 4032 765 4081 et
797 4033 1142 4082 assererent
1190 4022 1368 4083 aliter
1417 4044 1552 4085 esse
1599 4024 1855 4095 factum,
1908 4026 2220 4087 Venecias
2269 4029 2553 4087 misimus
2592 4040 2653 4087 et
2700 4027 2846 4087 alibi
2895 4038 2957 4087 et
3005 4030 3403 4106 nequiuimus

704 4134 938 4195 exinde
1013 4135 1250 4214 aliquid
1315 4140 1586 4215 reperiri,
1646 4142 2002 4217 recepimus
2064 4140 2479 4217 postmodum
2545 4141 2755 4218 plures
2833 4140 3067 4200 litteras
3142 4142 3399 4201 fratrum

707 4248 1178 4309 l’redicatorum
1225 4249 1307 4309 de
1356 4250 1654 4331 Vngaria,
1704 4251 1880 4326 quod
1914 4265 2140 4313 notum
2187 4266 2317 4313 erat
2368 4253 2519 4313 illud
2568 4273 2693 4332 que
2723 4254 3205 4332 archipresbiter
3250 4274 3398 4314 con-

707 4362 903 4421 fessus
951 4361 1151 4422 fuerat
1198 4382 1411 4422 coram
1464 4364 1663 4427 nobis,
1712 4374 1901 4442 prout
1950 4364 2182 4425 familia
2230 4366 2376 4425 dicti
2427 4368 2707 4445 episcopi
2756 4366 3007 4444 publice
3038 4368 3402 4427 testabatur.

707 4474 842 4535 Nos
887 4494 1058 4549 uere,
1107 4478 1252 4553 quia
1302 4477 1383 4536 de
1430 4476 1645 4536 ualore
1693 4476 1917 4556 lapidis
1964 4498 2090 4537 non
2140 4479 2491 4550 constabat,
2539 4480 2679 4539 licet
2728 4480 2809 4539 de
2855 4480 3254 4558 simplicitate
3300 4481 3397 4540 uel

701 4592 1178 4666 presumptione
1224 4590 1582 4650 huiusmodi
1632 4592 1846 4651 fuisset
1892 4595 2165 4672 grauiter
2210 4591 2585 4672 arguendus
2644 4592 2961 4652 uoluimus
3006 4604 3069 4652 et
3116 4611 3391 4671 pronun-

702 4702 1022 4772 ciauimuS,
1069 4702 1243 4777 quod
1292 4704 1617 4780 quendam
1667 4716 1874 4763 ortum
1940 4705 2451 4782 patrimonialem
2517 4706 2636 4764 sub
2683 4718 2843 4765 terra
2890 4707 3087 4765 sancti
3137 4704 3396 4765 Domnii

703 4814 908 4885 situm,
953 4815 1125 4890 apud
1181 4828 1470 4877 sanctum
1521 4816 1856 4875 Nicolaum
1907 4817 1987 4876 de
2035 4816 2246 4891 Arcuc
2295 4819 2356 4877 in
2402 4821 3063 4896 recompensationem
3137 4818 3395 4897 dampni

705 4924 852 4984 illati
923 4928 1303 4988 concederet
1367 4929 1631 4988 ecclesie
1699 4931 1896 4988 sancti
1968 4929 2247 5000 Domnii,
2294 4941 2361 4990 ut
2410 4931 2491 4990 de
2538 4951 2617 4990 eo
2664 4934 2725 4991 in
2787 4945 3165 5010 perpetuum
3216 4950 3391 4992 suam

705 5037 932 5099 faceret
993 5040 1138 5100 loco
1200 5041 1358 5101 illius
1420 5041 1644 5119 lapidis
1699 5042 2095 5103 uoluntatem
2161 5062 2307 5102 cum
2370 5063 2485 5104 suo
2548 5044 2949 5123 beneplacito
3011 5056 3073 5103 et
3120 5062 3395 5104 assensu.
