3797 5795
1575 375 1840 437 —331
1908 409 1987 416 —

441 564 896 626 successoribus
940 565 1024 624 de
1069 564 1398 625 uoluntate
1445 575 1508 625 et
1554 582 1868 636 consensu
1924 564 2077 625 Bele
2145 565 2323 626 ducis
2368 569 2575 626 tocius
2642 565 2981 628 Sclauonie
3026 563 3138 624 ka-

441 681 668 739 rissimi
707 678 800 738 filii
849 679 1044 737 nostri
1106 676 1419 752 dedimus,
1466 677 1850 738 donauimus
1895 690 1959 737 et
2004 678 2391 739 contulimus
2446 679 2955 738 inreuocabiliter
3002 680 3134 738 iure

435 802 744 870 perpetuo
797 789 1271 867 possidendam,
1318 791 1436 851 sub
1483 790 1726 851 eisdem
1772 793 2050 866 antiquis
2099 793 2283 852 metis
2330 805 2393 852 et
2442 793 2745 865 terminis,
2792 793 2853 850 in
2902 791 3133 869 quibus

437 915 674 964 terram
734 902 1004 964 eandem
1072 913 1443 982 prenotatus
1511 903 1750 965 Bolosk
1814 905 2019 964 tenuit
2100 907 2334 983 pariter
2407 917 2471 965 et
2546 904 2830 983 possedit
2907 915 2971 964 et
3049 902 3134 963 ad

437 1020 644 1094 ipsius
670 1027 815 1076 terre
845 1017 1317 1094 possessionem
1361 1017 1760 1096 corporalem
1809 1028 2219 1095 prenotatum
2267 1021 2641 1100 magistrum
2686 1017 2744 1078 T
2748 1016 3008 1077 hornam
3058 1035 3133 1076 ac

439 1131 669 1190 fratres
709 1131 890 1207 ipsius
939 1125 1384 1211 me[mo]ratos
1416 1148 1529 1208 per
1557 1133 1932 1210 magistrum
1965 1130 2327 1208 Nycolaum
2370 1134 2675 1191 comitem
2708 1129 2789 1190 de
2823 1127 3133 1190 Kemnuk

439 1243 706 1303 fecimus
759 1240 1086 1316 introduci,
1147 1241 1434 1303 volentes
1479 1253 1540 1302 et
1587 1252 1957 1317 statuentes,
2018 1243 2194 1322 quod
2244 1255 2668 1304 memoratam
2714 1253 2948 1302 terram
2996 1245 3130 1301 sine

437 1358 896 1436 inquietacione
962 1356 1214 1416 comitis
1261 1355 1342 1416 de
1387 1355 1692 1416 Kemnuk
1761 1375 1878 1434 pro
1952 1368 2242 1434 tempore
2310 1358 2637 1417 constituti
2700 1375 2812 1416 seu
2875 1355 3135 1416 alterius

441 1469 766 1529 cuiuslibet
820 1479 951 1528 tam
1015 1468 1186 1529 idem
1251 1472 1548 1551 magister
1606 1469 1896 1531 Thomas
1943 1480 2007 1530 et
2052 1469 2274 1530 fratres
2334 1472 2425 1530 sui
2489 1489 2685 1548 quam
2732 1487 3133 1531 successores

446 1582 786 1643 eorundem
851 1581 1114 1661 pacifice
1179 1582 1506 1661 possidere
1575 1583 1828 1643 ualeant
1897 1585 1961 1643 in
2028 1593 2409 1661 perpetuum
2480 1594 2541 1644 et
2613 1583 2848 1644 habere
2916 1592 2981 1642 et
3050 1601 3131 1641 ne

447 1695 796 1774 semiplenis
828 1709 1038 1756 nostre
1084 1695 1459 1756 donacionis
1503 1695 1793 1757 cumulus
1837 1698 2143 1777 angustiis
2190 1695 2581 1769 coharcetur‚
2628 1715 2775 1758 cum
2822 1695 3134 1756 beneficia

451 1809 788 1886 principum
837 1807 918 1868 ab
965 1810 1244 1885 ipsorum
1315 1808 1660 1887 prodencia
1731 1810 2062 1869 maiestate
2130 1809 2502 1887 plenissimo
2568 1809 2787 1870 fauore
2851 1809 3132 1869 debeant

453 1919 704 1993 dilatari,
743 1922 1096 1994 annuimuS,
1124 1934 1192 1981 ut
1225 1923 1428 2000 ipsam
1477 1935 1706 1982 terram
1741 1921 2045 1995 donandi,
2092 1921 2434 1996 uendendi,
2481 1923 2925 1984 commutandi
2974 1924 3136 1981 inter

453 2035 626 2092 uiuos
666 2045 723 2093 et
771 2033 1038 2094 testandi
1104 2053 1215 2094 seu
1276 2034 1530 2115 legandi
1577 2035 1660 2095 de
1707 2037 1841 2113 ipsa
1890 2037 1951 2094 in
2000 2038 2305 2096 extremis
2366 2038 2750 2115 cuicumque
2813 2035 3133 2095 noluerint

451 2145 696 2205 liberam
743 2156 805 2206 et
850 2164 1132 2206 securam
1179 2165 1431 2225 semper
1479 2147 1756 2209 habeant
1824 2147 2209 2208 facultatem.
2262 2145 2404 2232 [Vjt
2450 2151 2637 2230 igitur
2683 2148 2865 2208 huius
2920 2158 3135 2208 nostre

456 2255 806 2318 donacionis
862 2261 1051 2318 series
1111 2259 1305 2318 robur
1365 2261 1652 2338 optineat
1707 2270 2015 2339 perpetue
2061 2259 2388 2333 firmitatis
2436 2280 2555 2321 nec
2600 2280 2713 2339 per
2761 2261 3131 2338 quempiam

459 2388 734 2447 processu
791 2384 1151 2449 temporum
1213 2376 1532 2432 retractari
1578 2373 1804 2446 ualeat,
1866 2385 1976 2434 aut
2023 2377 2086 2433 in
2132 2375 2373 2434 irritum
2440 2375 2739 2446 reuocari,
2801 2385 3133 2451 presentes

463 2481 649 2542 eidem
706 2485 1004 2564 magistro
1065 2484 1316 2545 Thome
1363 2499 1425 2546 et
1473 2488 1598 2546 suis
1660 2487 1953 2547 fratribus
2014 2486 2349 2547 antedictis
2412 2490 2473 2548 in
2542 2487 2940 2568 priuilegium
2986 2504 3130 2563 per-

465 2607 698 2672 petuum
765 2599 1192 2658 concessimus
1261 2599 1498 2659 litteras
1565 2599 1832 2677 duplicis
1892 2599 2074 2681 sigilli
2138 2601 2334 2660 nostri
2382 2601 2737 2660 munimine
2783 2599 3135 2658 roboratas.

467 2705 678 2769 Datum
721 2729 889 2770 anno
935 2710 1256 2772 dominice
1301 2715 1760 2773 incarnacionis
1791 2711 2129 2772 millesimo
2178 2711 2337 2775 CC0.
2362 2711 2496 2772 LX.
2544 2713 2787 2791 quint0,
2828 2709 2971 2772 VI0.
3022 2709 3134 2770 ka-

468 2821 666 2882 lendas
707 2823 1014 2899 februarii,
1064 2819 1288 2909 [rlegni
1337 2836 1556 2887 autem
1601 2827 1798 2886 nostri
1846 2843 2019 2885 anno
2067 2823 2305 2888 XXX0.

631 3016 914 3090 Ore‘ginal
974 3038 1012 3075 u
1074 3016 1297 3075 arkivu
1339 3016 1824 3093 jugoslavenske
1886 3017 2238 3092 akademije:
2299 3037 2339 3073 u
2402 3016 2685 3090 Zagrebu
2708 3039 2726 3073 .·
2772 3016 3137 3093 Diplomata

469 3136 522 3173 a.
570 3121 711 3177 1265.
763 3155 840 3163 —
892 3122 998 3179 Na
1043 3123 1250 3179 listini
1288 3124 1413 3180 visi
1453 3122 1694 3179 svz'lena
1739 3140 1927 3179 vrvca
1970 3142 2209 3189 crvene,
2257 3126 2391 3178 riute
2439 3124 2465 3177 ι’
2505 3122 2711 3178 zelcne
2757 3121 2930 3197 boje‚·
2955 3126 3141 3196 pedat

457 3242 522 3295 μ’
565 3234 735 3299 otpa0.

1695 3518 1889 3597 822.

474 3652 644 3735 1265,
687 3658 874 3742 prije
923 3661 1031 3725 25.
1077 3658 1444 3725 februare..
1492 3660 1552 3725 U
1596 3658 1949 3743 Zaqrebu.

471 3842 628 3907 Precl
666 3848 996 3931 kaptolom
1060 3848 1514 3934 zagrebaffkc'm
1562 3849 1848 3933 prodaje
1895 3849 2177 3912 Mz'kulcz
2224 3848 2421 3931 svoju
2469 3847 2713 3930 zemlju
2766 3868 2810 3908 u
2862 3846 3141 3909 Hrasz‘u

724 3982 800 4023 za
847 3964 932 4024 25
973 3962 1180 4045 panzi
1219 3961 1609 4025 sldz'roslavu
1661 3961 2080 4045 Stjepanovu
2129 3963 2219 4024 od
2259 3962 2427 4023 roda
2472 3960 2819 4022 Endrova.

613 4177 970 4259 Capitulum
1019 4180 1455 4261 Zagrabiensis
1501 4181 1766 4241 ecclesie
1798 4182 2100 4242 omnibus
2132 4199 2392 4258 presens
2424 4184 2731 4258 scriptum
2764 4182 3139 4258 inspecturis

467 4287 700 4352 salutem
747 4296 810 4353 in
859 4292 1144 4353 domine.
1191 4290 1300 4353 Ad
1345 4294 1782 4354 vniuersorum
1831 4294 2135 4354 noticiam
2184 4293 2406 4354 harum
2453 4296 2612 4353 serie
2660 4294 2958 4353 uolumus
2998 4314 3139 4371 per·

469 4405 670 4479 uenire,
726 4405 906 4482 quod
965 4406 1322 4466 constitutis
1383 4408 1447 4465 in
1509 4417 1727 4467 nostra
1788 4409 2114 4485 presencia
2178 4406 2262 4465 ab
2324 4424 2450 4467 una
2496 4418 2677 4484 parte
2724 4405 2961 4467 Micula
3009 4406 3138 4466 filio

471 4510 703 4591 Nycolai
736 4530 800 4579 et
832 4519 915 4578 ab
947 4518 1146 4581 altera
1179 4518 1482 4581 Mirozlao
1515 4519 1643 4580 filio
1675 4518 1978 4599 Stephani
2031 4520 2112 4579 de
2152 4537 2385 4599 genere
2418 4519 2649 4593 Endre,
2696 4520 2865 4580 idem
2902 4518 3138 4580 Micula

463 4624 532 4687 de
569 4641 736 4709 parte
783 4635 994 4711 ipsum
1025 4635 1088 4693 in
1124 4632 1422 4693 Herchen
1469 4634 1880 4713 contingente
1921 4643 2153 4693 terram
2185 4630 2268 4691 ad
2311 4634 2526 4713 viginti
2576 4634 2859 4712 quinque
2892 4643 3135 4693 uerete-

463 4742 712 4826 nicrum)
759 4748 946 4807 sitam
995 4748 1170 4807 iuxta
1218 4746 1431 4825 Scyna
1479 4746 1752 4806 mlacam
1790 4745 2118 4806 confessus
2164 4756 2275 4817 est,
2322 4764 2389 4805 se
2436 4744 2795 4805 vendidisse
2843 4745 3133 4823 predicto

465 4851 739 4920 Mirozlao
786 4870 848 4920 et
897 4879 1010 4937 per
1056 4878 1202 4920 eum
1252 4862 1378 4920 suis
1425 4859 1760 4921 heredibus
1807 4858 2245 4936 heredumque
2292 4857 2761 4919 successoribus
2809 4860 2940 4918 iure
2996 4878 3136 4937 per-

461 4978 630 5042 petuo
689 4971 1148 5050 possidendam
1195 4992 1312 5051 pro
1357 4974 1571 5053 viginti
1635 4974 1918 5051 quinque
1970 4971 2201 5049 pensiS,
2248 4988 2519 5048 quarum
2565 4970 2809 5051 singule
2858 4974 3141 5049 quinque

464 5098 636 5157 pense
681 5106 964 5148 marcam
1013 5098 1165 5148 tunc
1211 5088 1515 5164 temporis
1560 5085 1897 5157 faciebant,
1947 5104 2105 5162 quas
2136 5104 2203 5143 se
2236 5082 2398 5144 dixit
2444 5086 2527 5145 ab
2574 5084 2808 5146 eodem
2855 5086 3137 5163 plenarie
