3797 5795
1934 405 2289 469 „90-

930 595 1072 678 Ego
1121 596 1640 661 Bonusadcursus
1686 603 1955 664 civitatis
2004 600 2318 664 Anconae
2364 600 2647 659 notarius
2708 596 2826 657 hec
2882 594 3097 655 omnia
3147 590 3467 671 publicavi

755 721 817 769 et
867 710 1221 789 subscripsi.

933 819 1225 891 (Signum
1275 821 1560 892 notarii).

942 1009 1241 1083 Original
1279 1031 1320 1067 u
1365 1011 1590 1069 arkivu
1619 1011 2104 1087 jugoslavenskc
2149 1010 2499 1086 akademije
2544 1030 2617 1067 sa
2643 1010 2925 1085 jednoga
2972 1006 3157 1081 kraja
3204 1008 3471 1062 thec'en.

760 1144 838 1154 —
909 1113 1212 1172 Alakus‘cv
1271 1116 1441 1172 silon.
1507 1115 1676 1177 Slav.
1733 1118 1949 1174 merid.
2013 1117 2064 1174 I.
2134 1120 2341 1171 96-7
2423 1122 2528 1191 (po
2598 1114 2765 1187 djelu
2861 1113 3046 1171 Conte
3114 1110 3473 1167 Francesco

756 1219 1042 1275 Fet-reti:
1107 1218 1398 1277 »Ancona
1459 1220 1838 1279 illustrata«.
1869 1223 1953 1297 ff
2004 1222 2288 1279 138.—9.
2341 1219 2611 1295 Pnjepis
2656 1217 2949 1293 manjkav
2996 1217 3022 1271 i
3064 1215 3206 1285 los‘.)

932 1322 1308 1398 Kukuljevz'c'
1347 1326 1492 1397 li’eg.
1545 1324 1632 1379 br.
1691 1328 1725 1379 7
1731 1328 1814 1380 51.

2020 1615 2210 1694 606.

757 1806 956 1881 1258,
1003 1807 1097 1871 14.
1145 1808 1411 1873 marta.
1459 1806 1519 1873 U
1565 1806 1825 1873 Zadru.

753 1999 1031 2082 Draga&
1096 1995 1129 2059 τ’
1179 2004 1342 2059 §ena
1411 2018 1526 2059 mu
1600 1996 1822 2059 Stana
1885 1996 2189 2081 prodaju
2258 1995 2600 2082 vinograd
2643 2018 2689 2059 u
2736 1994 3019 2059 Bz'banu
3088 1994 3480 2079 Damjanu

1021 2108 1412 2174 Grizovanu
1459 2109 1794 2172 dozvolom
1843 2108 2278 2194 nadstojnz'ce
2321 2114 2715 2173 samostana
2762 2130 2858 2172 sv.
2910 2106 3193 2191 Marzje.

929 2302 1000 2363 ln
1047 2304 1310 2363 nomine
1372 2300 1474 2362 dei
1537 2304 1733 2362 eterni
1798 2320 2006 2363 amen.
2076 2300 2272 2363 Anno
2334 2302 2417 2363 ab
2482 2304 2928 2363 incarnacione
2975 2301 3219 2362 domini
3267 2303 3471 2361 nostri

748 2415 898 2495 Jesu
945 2413 1172 2478 Christi
1221 2415 1556 2476 millesimo
1603 2413 2045 2476 ducentesimo
2092 2416 2623 2496 quinquagesimo
2656 2423 2907 2488 octau0‚
2941 2413 3045 2475 die
3076 2424 3306 2494 quarto
3357 2414 3471 2473 de-

754 2532 923 2589 cimo
969 2529 1243 2588 intrante
1289 2529 1523 2589 mensis
1571 2528 1803 2601 marcii,
1864 2527 2185 2589 indicione
2231 2530 2452 2607 prima,
2478 2528 2684 2608 jadre.
2734 2527 3146 2590 Manifestum
3195 2526 3471 2589 facimus

756 2659 876 2701 nos
935 2639 1194 2719 quidem
1257 2638 1507 2721 sa(ncto
1555 2636 1990 2723 matrimo)nio
2052 2639 2347 2701 Drochos
2392 2651 2455 2701 et
2525 2639 2724 2702 Stana
2786 2644 3089 2723 coniuges
3139 2639 3471 2720 Jadratini,

753 2752 1308 2815 consencientibus
1339 2754 1527 2813 nobis
1557 2752 1818 2813 domina
1851 2752 2147 2830 Dabraca
2178 2753 2280 2813 dei
2314 2755 2526 2835 gracia
2578 2755 2941 2815 monasterii
2991 2765 3213 2814 sancte
3260 2754 3469 2815 Marie

756 2842 1160 2928 monialium·
1189 2867 1510 2928 abbatissa
1555 2876 1618 2928 et
1665 2864 1956 2946 Symone
2003 2867 2085 2928 de
2132 2866 2359 2928 Mauro
2424 2865 2745 2928 aduocato
2810 2865 3095 2929 eiusdem
3146 2867 3265 2929 loci
3312 2886 3467 2929 cum

754 2982 984 3041 nostris
1015 2980 1354 3041 heredibus
1376 2991 1441 3040 et
1464 2980 1950 3054 successoribuS,
1975 2981 2121 3059 quia
2156 2979 2401 3054 damus,
2416 2980 2738 3041 donamus
2769 2991 2963 3059 atque
2994 2990 3467 3042 transactamus

753 3094 865 3153 tibi
899 3111 1178 3173 namque
1208 3091 1528 3154 Damiano
1561 3092 1644 3154 de
1677 3091 2040 3154 Grisouano
2073 3092 2156 3153 de
2187 3091 2417 3154 Strinci
2445 3092 2776 3172 Jadratino
2824 3094 3075 3174 tuisque
3123 3093 3469 3154 heredibus

752 3216 956 3266 totam
1025 3217 1311 3266 nostram
1379 3207 1630 3265 vineam
1701 3207 1833 3266 siue
1902 3208 2240 3284 pastinum,
2288 3224 2483 3284 quam
2530 3216 2592 3266 et
2640 3205 2819 3285 quod
2891 3207 3203 3268 habemus
3270 3226 3466 3286 super

753 3322 1084 3379 terretorio
1104 3316 1167 3400 (!)
1217 3317 1368 3379 dicti
1415 3318 1537 3379 loci
1583 3328 1801 3379 sancte
1849 3318 2049 3380 Marie
2095 3319 2467 3380 monialium
2516 3322 2791 3399 positam
2838 3319 2921 3381 ad
2970 3319 3288 3380 Bibanum
3335 3338 3467 3400 que

751 3443 850 3493 est
895 3433 1060 3494 circa
1107 3449 1222 3491 sex
1268 3449 1588 3512 gognaos;
1644 3452 1682 3493 a
1728 3434 1907 3492 cuius
1951 3433 2146 3493 latere
2193 3451 2410 3494 uersus
2456 3433 2752 3493 borream
2799 3443 2894 3494 est
2942 3433 3254 3495 Martinus
3298 3433 3467 3495 filius

753 3545 932 3608 Sisco
979 3557 1042 3606 et
1089 3565 1307 3606 uersus
1367 3557 1650 3605 austrum
1713 3557 1808 3605 est
1870 3543 2223 3608 Cebrianus
2283 3547 2364 3608 de
2412 3546 2805 3622 Radochina‚
2862 3565 3082 3608 uersus
3145 3547 3461 3626 quit-inam

754 3669 850 3718 est
915 3657 1095 3719 Rade
1156 3668 1358 3719 sartor
1423 3668 1485 3718 et
1550 3677 1765 3719 uersus
1827 3670 2174 3720 trauersam
2222 3670 2284 3720 et
2349 3657 2637 3739 P(ri)sco;
2692 3659 2933 3720 amodo
2977 3659 3463 3734 intromittendi,

750 3770 1047 3844 habendi,
1093 3770 1372 3845 tenendi,
1421 3770 1762 3846 uendendi,
1811 3771 1984 3833 dona
2030 3771 2334 3844 donandi,
2381 3772 2843 3847 commutandi,
2891 3792 3008 3852 pro
3042 3774 3256 3832 anima
3303 3772 3463 3833 iudi-

752 3883 939 3945 candi
987 3886 1049 3943 in
1092 3895 1470 3962 perpetuum
1539 3884 1909 3963 possidendi
1955 3896 2020 3945 et
2065 3884 2440 3946 dominandi
2488 3897 2552 3945 et
2600 3885 2904 3965 quicquid
2964 3884 3115 3946 inde
3160 3873 3272 3946 tibi
3324 3885 3458 3964 pla-

751 3999 950 4058 cuerit
1019 3997 1311 4071 faciendi,
1395 3997 1604 4057 donec
1670 3998 1910 4058 fructus
1978 3997 2215 4058 exinde
2282 4001 2635 4059 extraxeris
2696 4009 2761 4058 et
2822 3998 3088 4059 habebis
3154 4009 3219 4058 et
3280 3997 3455 4058 salua

750 4111 1000 4171 decima
1046 4120 1226 4189 parte
1271 4109 1354 4171 de
1397 4112 1547 4170 vino
1594 4109 1901 4172 fructibus
1947 4121 2011 4171 et
2056 4109 2409 4172 redditibus
2454 4123 2518 4172 et
2566 4111 2866 4173 omnibus
2912 4111 3047 4172 aliis
3090 4111 3455 4172 racionibus

751 4223 924 4285 dicto
971 4225 1360 4284 monasterio
1407 4234 1471 4284 et
1517 4225 1602 4284 ita
1651 4222 1825 4284 nullo
1867 4223 1980 4283 tibi
2014 4224 2276 4284 homine
2321 4224 2819 4298 contradicente,
2866 4226 2952 4284 ob
3000 4243 3198 4304 quam
3242 4237 3455 4286 autem

750 4336 1180 4397 donacionem
1227 4335 1378 4396 mihi
1426 4337 1840 4396 remunerasti
1907 4335 2093 4398 libras
2160 4337 2581 4418 quadraginta
2642 4355 2833 4397 vnam
2894 4337 3304 4398 denariorum
3348 4355 3454 4398 ue·

751 4451 948 4523 necie‚
1010 4448 1179 4510 vnde
1225 4448 1464 4510 exinde
1523 4468 1780 4510 securus
1827 4463 1890 4510 et
1938 4452 2189 4528 quietus
2248 4469 2626 4529 permaneas
2673 4452 2735 4510 in
2781 4460 3180 4529 perpetuum.
3244 4448 3453 4529 Quam

750 4562 1011 4642 quidem
1074 4562 1500 4623 donacionem
1549 4574 1610 4622 et
1657 4565 2164 4622 transaccionem
2226 4581 2373 4624 cum
2436 4574 2666 4624 nostris
2713 4563 3052 4626 heredibus
3097 4574 3163 4625 et
3209 4583 3453 4626 succes-

747 4677 996 4737 soribus
1042 4675 1154 4736 tibi
1201 4677 1452 4755 tuisque
1514 4673 1854 4736 heredibus
1916 4674 2268 4737 debeamus
2313 4686 2375 4738 et
2422 4687 2757 4738 teneamur
2802 4675 3175 4739 deffendere
3222 4688 3287 4738 et
3332 4677 3454 4738 dis-

748 4789 1178 4868 calumpniare
1225 4788 1307 4848 ab
1353 4790 1527 4849 omni
1592 4788 1851 4849 homine
1897 4800 1962 4849 et
2006 4808 2278 4868 persona
2327 4800 2390 4850 te
2436 4789 2585 4851 inde
2629 4789 3039 4869 calupniante
3100 4809 3289 4870 super
3334 4809 3452 4850 nos

749 4913 812 4963 et
860 4903 1077 4962 omnia
1123 4912 1339 4962 nostra
1401 4902 1572 4962 bona
1620 4900 1836 4962 habita
1882 4912 1947 4962 et
1995 4901 2293 4963 habenda
2338 4905 2403 4962 in
2450 4903 2573 4963 hoc
2618 4902 2852 4964 seculo.
2900 4903 3143 4966 Actum
3190 4915 3285 4966 est
3334 4903 3454 4964 hoc

748 5029 813 5076 et
856 5015 1304 5076 confirmatum
1367 5034 1583 5076 coram
1646 5015 1741 5076 his
1801 5018 2045 5076 uocatis
2090 5027 2153 5076 et
2200 5019 2436 5098 rogatis
2498 5018 2783 5091 testibus
2830 5017 3123 5079 videlicet
3188 5017 3452 5078 domino

753 5127 974 5189 Marco
1019 5128 1299 5207 plebano
1347 5138 1565 5188 sancte
1613 5127 1813 5189 Marie
1863 5130 2118 5190 maioris
2162 5129 2245 5191 de
2286 5130 2477 5211 Jadra
2523 5141 2584 5192 et
2636 5129 2935 5211 Cipriano
2982 5132 3353 5210 presbitero,
