3797 5795
1720 348 2183 410 -—-408—-

626 543 888 602 barcam
935 541 1037 602 uel
1087 540 1186 600 hic
1231 542 1294 600 in
1342 542 1598 601 ciuitate
1637 538 1827 618 Jadra
1874 539 1956 600 de
2004 542 2150 599 tina.
2215 539 2404 600 Ficus
2449 552 2668 600 autem
2715 551 2999 600 recentes
3064 538 3336 600 domum

624 656 675 714 si
720 654 803 714 ad
851 653 1365 714 comedendum.
1400 655 1883 731 portauerimUS,
1945 670 2052 712 eas
2122 653 2318 714 libere
2380 652 2692 714 habemus
2750 663 2812 712 et
2857 655 2906 712 si
2965 652 3048 713 de
3117 653 3336 730 aliquo

624 768 832 828 fructu
891 769 1124 826 recenti
1191 765 1292 827 uel
1356 768 1524 826 sicco
1586 765 1735 826 inde
1798 764 2016 826 habito
2071 765 2565 836 uendiderimus‚
2634 775 2928 840 quartum
3002 764 3336 825 denarium

626 880 810 940 uobis
858 889 1199 957 uestroque
1247 880 1634 938 monasterio
1695 878 2007 938 dabimus.
2055 877 2118 939 Si
2169 887 2384 939 autem
2419 881 2480 938 in
2515 877 2737 938 fraude
2783 889 3006 937 contra
3055 890 3334 938 uestram

624 995 853 1070 reperti
902 993 1205 1053 fuerimus
1251 993 1593 1056 racionem.
1640 1010 1755 1051 sex
1802 1010 2113 1070 yperpera
2161 993 2423 1051 nomine
2469 1009 2636 1069 pene
2681 1000 2894 1050 uestro
2941 994 3330 1050 monasterio

622 1105 872 1166 soluere
918 1115 1269 1165 teneamur.
1337 1102 1642 1167 Ceterum
1690 1107 1735 1164 si
1787 1114 2162 1183 paupertate
2209 1105 2312 1164 uel
2357 1103 2571 1182 aliqua
2617 1103 2738 1164 alia
2785 1105 3162 1164 necessitate
3210 1122 3328 1163 nos

623 1237 772 1279 cum
833 1220 1063 1278 nostris
1132 1217 1470 1278 heredibus
1516 1228 1579 1277 et
1625 1216 2096 1278 successoribus
2157 1219 2313 1277 vites
2361 1219 2528 1295 ipsas
2588 1216 2868 1276 uendere
2915 1216 3326 1285 uoluerimus,

620 1333 831 1410 primo
895 1331 1077 1391 uobis
1139 1341 1481 1410 uestroque
1548 1332 1940 1390 monasterio
2002 1329 2439 1390 uenditionem
2509 1328 2976 1389 declarabimus
3023 1339 3084 1388 et
3131 1330 3180 1388 si
3227 1349 3336 1389 eas

624 1461 837 1504 emere
884 1443 1208 1504 uolueritis
1252 1461 1369 1521 pro
1418 1453 1618 1514 tante,
1664 1442 1843 1520 quod
1889 1442 1973 1502 ab
2019 1461 2150 1502 uno
2197 1453 2261 1502 et
2305 1442 2430 1502 alio
2465 1441 2702 1502 habere
2733 1444 3102 1520 poterimus.
3150 1442 3334 1502 uobis

624 1566 688 1616 et
733 1574 864 1615 non
910 1555 1045 1615 aliis
1112 1557 1279 1633 ipsas
1340 1555 1652 1616 dabimus.
1718 1554 1914 1633 Quod
1961 1557 2008 1614 si
2058 1555 2399 1628 nolueritis,
2459 1565 2685 1633 postea
2734 1554 2971 1615 licitum
3021 1557 3100 1613 sit
3150 1555 3336 1614 nobis

626 1669 982 1745 nostrisque
1029 1667 1368 1727 heredibus
1414 1681 1475 1728 et
1524 1669 1992 1729 successoribus
2039 1668 2173 1729 illas
2229 1668 2508 1728 uendere
2555 1666 2656 1727 uel
2704 1667 2963 1738 donare,
3011 1685 3123 1727 seu
3170 1685 3328 1746 quo-

624 1799 902 1858 cumque
972 1779 1172 1840 modo
1234 1780 1510 1841 alienare
1555 1782 1655 1841 cui
1701 1780 2106 1854 uoluerimuS‚
2179 1781 2352 1841 salua
2399 1799 2652 1859 semper
2719 1783 2974 1841 racione
3041 1779 3326 1858 predicta

624 1895 816 1972 ipsius
878 1895 1262 1964 monasterii,
1325 1893 1447 1954 hoc
1492 1893 1733 1967 addim,
1798 1893 1973 1971 quod
2022 1894 2258 1953 nemini
2323 1906 2612 1953 nostrum
2677 1894 2857 1953 liceat
2919 1892 3124 1952 dictas
3171 1895 3327 1952 vites

623 2006 805 2068 alicui
853 2005 1119 2067 ecclesie
1166 2007 1269 2066 uel
1315 2025 1587 2084 persone
1621 2007 1912 2087 religiose
1958 2025 2070 2066 seu
2117 2006 2409 2084 hospitali
2445 2005 2546 2066 uel
2581 2005 2802 2066 domui
2851 2005 3331 2083 templariorum

622 2138 739 2197 pro
786 2120 1001 2178 anima
1035 2119 1330 2190 indicare,
1364 2120 1477 2179 nisi
1513 2120 1575 2178 in
1610 2121 1997 2180 monasterio
2049 2120 2494 2197 suprascripto.
2543 2117 2756 2196 Quam
2793 2117 3053 2196 quidem
3101 2129 3334 2176 terram

623 2251 741 2291 uos
787 2250 931 2291 cum
984 2235 1207 2292 uestris
1268 2232 1563 2292 fratribus
1610 2243 1671 2292 et
1719 2233 2190 2293 successoribus
2237 2232 2421 2292 nobis
2469 2234 2830 2309 nostrisque
2878 2231 3219 2290 heredibus
3266 2242 3332 2288 et

624 2344 1093 2404 successoribus
1153 2345 1234 2403 ab
1305 2346 1481 2405 omni
1521 2344 1812 2405 homine
1880 2345 2400 2426 excalumpniare
2463 2356 2526 2404 et
2587 2344 2923 2405 defensare
2989 2344 3334 2404 teneamini

623 2476 813 2535 super
860 2459 1075 2517 omnia
1123 2457 1294 2517 bona
1341 2457 1645 2535 sepedicti
1696 2459 2060 2518 monasterii
2107 2457 2322 2518 habita
2362 2468 2426 2518 et
2469 2457 2766 2518 habenda
2817 2459 2877 2516 in
2925 2457 3050 2516 hoc
3094 2457 3329 2516 seculo

623 2569 866 2629 Actum
912 2581 1005 2629 est
1050 2569 1173 2630 hoc
1220 2582 1281 2630 et
1330 2569 1652 2630 firmatum
1685 2589 1904 2630 coram
1953 2570 2046 2630 his
2093 2573 2335 2631 vocatis
2379 2581 2444 2631 et
2493 2571 2728 2650 rogatis
2775 2571 3057 2642 testibuS,
3099 2569 3335 2628 scilicet

624 2682 970 2742 Laurentio
1020 2681 1468 2766 Maldenar(io)
1516 2695 1580 2743 et
1630 2683 1975 2744 Leonardo
2022 2683 2150 2743 filio
2202 2684 2362 2744 Petri
2413 2683 2661 2743 nobilis.

797 2793 835 2874 ’ξ-
884 2794 1024 2875 Ego
1070 2795 1261 2856 Vitus
1308 2795 1389 2856 de
1438 2793 1643 2859 Cerna
1693 2796 1773 2856 de
1824 2796 2044 2876 Merga
2106 2799 2510 2856 examinator
2573 2783 2836 2855 manum
2900 2813 3110 2854 meam
3177 2797 3334 2853 misi.

798 2908 941 2988 Ego
1013 2909 1200 2969 Vitus
1274 2920 1493 2969 sancte
1574 2910 1772 2970 Marie
1850 2912 2104 2969 maioris
2181 2911 2443 2970 clericus
2518 2926 2582 2969 et
2652 2908 2972 2988 Jadrensis
3048 2910 3338 2968 notarius

621 3020 873 3080 interfui
920 3030 1193 3101 rogatus,
1227 3032 1295 3081 ut
1327 3022 1538 3083 audiui
1589 3023 1751 3083 hanc
1796 3031 2038 3083 cartam
2087 3024 2322 3101 scripsi,
2368 3022 2665 3081 roboraui
2715 3034 2777 3081 et
2809 3024 2992 3101 signo
3025 3031 3336 3081 consueto

621 3134 888 3213 signaui.

794 3249 1107 3325 (Alsonogr.
1158 3260 1275 3306 not.
1284 3277 1307 3315 s

810 3436 1112 3511 Orzgrinal
1168 3461 1207 3495 ιι
1260 3440 1521 3513 gubern.
1596 3440 1727 3497 ark.
1797 3461 1835 3497 u
1898 3443 2112 3497 Zadru
2185 3441 2353 3511 (odio
2421 3449 2778 3496 samostana
2847 3459 2934 3495 ετ).
3007 3438 3332 3495 Κνέιΐάηιι

626 3541 908 3616 lx'apsulcz
958 3543 1138 3600 XIII.
1190 3565 1390 3601 masso
1448 3544 1507 3602 C.
1560 3566 1652 3601 no.
1709 3550 1794 3601 16.
1810 3563 1835 3611 J

1889 3836 2079 3917 880.

622 3986 823 4069 1266,
871 3990 977 4054 23.
1031 3989 1437 4057 decembra.
1485 3992 1544 4057 U
1590 3992 1952 4076 Zaqrebu.

617 4176 877 4241 illarko
942 4178 1219 4241 Gurdz'n
1272 4180 1582 4264 podam'k
1632 4182 1859 4265 gradez
1921 4182 2223 4267 Zagreba
2277 4183 2566 4267 prodaje
2626 4183 2820 4266 svoju
2887 4182 3134 4265 zemO'u
3181 4182 3343 4265 quj

1657 4296 1908 4378 poleka
1957 4295 2307 4358 Isostm'ce.

804 4482 1170 4564 Capitulum
1221 4486 1655 4567 Zagrabiensis
1687 4488 1953 4547 ecclesie
1999 4488 2300 4548 omnibus
2330 4508 2592 4565 presens
2625 4490 2926 4567 scriptum
2963 4490 3338 4566 inspecturis

618 4595 899 4658 salutem
950 4602 1009 4658 in
1061 4598 1345 4659 domino.
1390 4596 1499 4659 Ad
1546 4619 1963 4661 vnuersorum
2020 4602 2322 4660 noticiam
2373 4600 2596 4661 harum
2646 4603 2804 4661 serie
2852 4600 3150 4661 uolumus
3197 4619 3338 4678 pcr-

624 4710 863 4786 uenire,
923 4712 1100 4791 quod
1162 4715 1519 4773 constitutis
1566 4715 1627 4773 in
1676 4724 1891 4773 nostra
1953 4715 2280 4792 presencia
2344 4714 2426 4773 ab
2492 4734 2617 4775 una
2681 4724 2861 4792 parte
2901 4714 3226 4775 ”Luchach
3273 4723 3338 4773 ct

628 4826 817 4886 Petro
864 4824 1003 4885 filiis
1048 4825 1245 4886 Endri
1293 4839 1355 4886 et
1402 4826 1485 4885 ab
1530 4825 1727 4887 altera
1776 4826 1996 4888 Marco
2042 4826 2170 4887 filio
2219 4824 2440 4888 Gurda
2489 4828 2831 4907 iobagione
2877 4830 3062 4887 castri
3111 4826 3338 4907 Zagra-

627 4940 879 5006 biensis·‚
947 4938 1119 4999 idem
1186 4938 1407 4999 Marco
1477 4950 1705 5000 terram
1771 4942 1946 5001 iuxta
2009 4959 2242 5019 aquam
2293 4938 2638 5001 Coztnicha
2711 4942 3082 5019 porcionem
3157 4958 3336 4999 suam

634 5054 1115 5133 contingentem
1162 5056 1537 5113 necessitate
1577 5054 1979 5131 grauaminiS,
2028 5053 2202 5131 quod
2236 5074 2318 5113 ex
2350 5072 2616 5115 censura
2665 5054 2986 5113 iudiciaria
3035 5052 3338 5113 inciderat
