3797 5795
1594 373 1860 436 —325
1926 406 2004 412 —

454 571 783 632 salvatore.
860 571 1059 652 Regia
1120 571 1323 650 pietas
1382 569 1773 650 singulorum
1837 569 2060 628 merita
2121 577 2371 627 tenetur
2431 568 2739 644 inspicere
2786 565 2976 626 oculo
3021 566 3150 642 pie-

446 687 595 745 tatis
640 695 703 745 et
747 686 921 764 ipsos
964 685 1230 744 invitare
1276 682 1359 742 ad
1404 681 1727 743 fidelitatis
1774 699 1970 760 opera
2015 680 2384 741 muneribus
2431 679 2763 751 donativiS‚
2809 688 2878 738 ut
2925 695 3146 738 eorum

450 797 753 877 exemplo
800 797 900 858 alii
949 797 1032 856 ad
1079 797 1387 872 obsequia
1448 803 1753 874 perpetue
1814 793 2134 855 fidelitatis
2180 793 2513 854 ardencius
2559 795 2896 852 incitentur
2941 801 3006 850 et
3051 809 3152 850 so-

447 911 673 971 lercius
746 909 1145 970 tamulentur.
1226 908 1500 970 Proinde
1561 907 1644 969 ad
1712 908 2150 968 universorum
2221 907 2524 966 noticiam
2583 905 2810 966 harum
2853 906 3012 964 serie
3041 923 3148 963 vo-

451 1022 657 1084 lumus
701 1024 1047 1102 pervenire,
1080 1021 1255 1100 quod
1287 1039 1434 1082 cum
1469 1021 1683 1082 Hazos
1714 1039 1934 1080 comes
1979 1019 2166 1079 nobis
2197 1031 2260 1078 et
2293 1037 2490 1100 regno
2531 1029 2751 1079 nostro
2782 1039 2819 1078 a
2852 1018 3149 1096 primevis

447 1139 635 1198 etatis
678 1155 790 1197 sue
835 1136 1233 1214 temporibus
1276 1137 1341 1195 in
1388 1132 1602 1194 multis
1647 1152 1760 1194 seu
1807 1132 2067 1192 diversis
2112 1131 2387 1192 articulis
2447 1131 2716 1192 fideliter
2761 1131 3040 1192 servierit
3085 1140 3148 1190 et

450 1250 782 1324 indefesse,
827 1267 1169 1328 personam
1218 1267 1397 1308 suam
1453 1258 1563 1307 aut
1609 1265 1869 1307 suorum
1921 1245 2172 1306 fortune
2219 1245 2468 1306 casibus
2515 1263 2839 1323 exponere
2888 1246 3148 1304 minime

444 1361 868 1423 formidandO.
925 1361 1062 1424 Nos
1107 1363 1171 1422 in
1218 1362 1881 1439 recompensationem
1934 1361 2330 1419 servitiorum
2393 1358 2696 1430 eiusdem,
2744 1376 3140 1436 quamquam

450 1495 568 1555 pro
614 1475 873 1536 modico
936 1485 1320 1554 reputemuS,
1366 1473 1542 1551 quod
1603 1473 1687 1532 ad
1748 1490 2009 1551 presens
2072 1474 2336 1552 agimus,
2382 1481 2672 1549 respectu
2734 1471 2976 1545 harum,
3021 1489 3148 1550 que

450 1589 658 1650 facere
722 1588 1131 1662 intendimuS,
1174 1588 1384 1649 eidem
1451 1599 1513 1647 et
1575 1589 1702 1646 suis
1770 1585 2110 1646 heredibus
2177 1584 2614 1663 heredumque
2681 1585 3150 1644 successoribus

448 1712 681 1763 terram
742 1700 1027 1774 Nazvod,
1076 1720 1200 1779 que
1260 1702 1421 1761 sicut
1478 1719 1593 1780 per
1656 1698 1823 1760 Both
1877 1701 2186 1759 maiorem
2235 1698 2548 1758 exercitus
2593 1700 2773 1757 castri
2823 1699 3019 1757 nostri
3065 1696 3148 1756 de

451 1815 667 1890 W1ko,
712 1834 907 1894 quem
954 1815 1037 1876 ad
1082 1814 1611 1876 reambulandam
1658 1823 1721 1873 et
1767 1812 2212 1890 inquirendam
2259 1813 2462 1890 ipsam
2511 1821 2742 1871 terram
2789 1811 3148 1870 transmise-

451 1947 683 2002 ramuS,
729 1928 1173 2002 intelleximus,
1205 1927 1317 1988 suit
1349 1938 1513 1988 terra
1558 1929 1693 1987 sine
1740 1925 1974 1986 herede
2021 1924 2467 1985 decedentium
2517 1922 2818 1984 vexillum
2859 1933 3146 1982 nostrum

444 2041 887 2113 deferentium,
953 2059 1219 2102 vacuam
1289 2051 1507 2100 tamen
1577 2049 1639 2100 et
1709 2039 2170 2099 habitatoribus
2237 2048 2560 2097 carentem
2631 2055 2780 2096 cum
2848 2037 3148 2097 omnibus

447 2153 820 2215 utilitatibus
886 2165 950 2215 et
1016 2155 1421 2234 pertinenciis
1479 2153 1865 2214 contulimus
1932 2162 2246 2230 perpetuo
2315 2159 2378 2210 et
2445 2149 2935 2210 irrevocabiliter
3001 2168 3148 2228 pos-

448 2267 803 2328 sidendam.
882 2267 967 2328 Et
1013 2285 1095 2328 ne
1142 2269 1205 2327 in
1250 2277 1578 2346 posterum
1641 2285 1942 2347 processu
2004 2266 2311 2343 temporis
2371 2282 2485 2342 per
2531 2265 2898 2342 quempiam
2945 2265 3148 2340 possit

447 2380 549 2441 vel
594 2380 829 2441 debeat
876 2382 938 2440 in
986 2382 1227 2440 irritum
1288 2382 1585 2452 revocari,
1645 2388 1973 2457 presentes
2032 2380 2464 2438 concessimus
2527 2378 2764 2439 litteras
2833 2375 3148 2455 dupplicis

445 2496 642 2555 nostri
703 2493 885 2575 sigilli
951 2495 1301 2554 munimine
1361 2492 1709 2553 roboratas
1788 2491 2030 2552 Datum
2120 2509 2232 2569 per
2302 2509 2528 2550 manus
2597 2491 2874 2571 magistri
2946 2488 3146 2549 Bene-

445 2607 597 2667 dicti
663 2608 967 2686 prepositi
1029 2604 1403 2669 Orodiensis
1461 2605 1604 2665 aule
1666 2615 1879 2665 nostre
1946 2603 2454 2675 vicecancellarii,
2500 2623 2672 2663 anno
2719 2603 2961 2663 domini
3009 2603 3146 2663 mil-

440 2721 667 2780 lesimo
714 2720 1154 2780 ducentesimo
1200 2721 1603 2800 sexagesimo
1648 2731 1897 2797 quarto,

616 2940 681 2997 Iz
726 2960 959 3013 novoga
1022 2940 1172 3015 dipl.
1236 2938 1527 2996 zbornika
1590 2940 1665 2995 F.
1719 2938 2064 3009 Szechenya
2113 2958 2151 2993 u
2182 2937 2311 3013 fol.
2359 2938 2472 2995 vol.
2523 2938 2572 2994 l.
2625 2940 2890 2991 287—9.
2942 2954 2982 2991 u
3029 2954 3142 2991 na-

443 3045 697 3101 rodnom
744 3045 999 3119 nzuzqs'u.
1050 3076 1133 3085 —
1180 3044 1523 3119 Prepisano
1569 3063 1779 3100 ovamo
1828 3044 1883 3099 iz
1930 3040 2264 3099 izvorm'ka.

613 3150 803 3223 Feje'r
854 3148 994 3205 Cod.
1047 3148 1193 3223 ctipl.
1245 3148 1459 3221 Hung.
1511 3149 1623 3206 IV.
1676 3150 1755 3215 3.,
1806 3149 2158 3204 202-203,

1699 3498 1890 3578 815.

437 3676 634 3741 1264.

1300 3882 1612 3967 Btljeffka
1658 3906 1693 3945 0
1723 3882 1985 3968 jednoj
2025 3881 2220 3945 lt'slt'n
2228 3880 2273 3944 ι’.

613 4103 832 4165 Tenor
893 4108 1063 4165 enim
1126 4106 1307 4164 vnius
1372 4102 1689 4163 dictorum
1748 4103 2224 4184 priuilegiorum
2286 4105 2565 4180 ipsorum
2631 4102 2692 4162 P.
2749 4103 3030 4180 episcopi
3077 4112 3140 4162 et

440 4217 718 4278 Rolandi
774 4219 923 4277 bani
985 4236 1157 4278 anno
1222 4217 1465 4277 domini
1530 4213 1871 4278 MCCLX⁰
1931 4225 2160 4296 quarto
2223 4214 2493 4275 confecti
2541 4234 2654 4293 per
2700 4215 2962 4275 eosdem
3011 4216 3140 4293 epi-

437 4350 709 4409 scopum
758 4342 821 4391 et
867 4332 1108 4391 banum
1142 4330 1224 4391 de
1252 4332 1427 4409 regio
1475 4328 1783 4389 mandato
1831 4339 2064 4389 terram
2113 4329 2363 4388 comitis
2410 4327 2748 4388 Lanchreti
2795 4328 2878 4388 ad
2925 4326 3138 4387 villam

438 4443 819 4505 Zumbathel
878 4447 1321 4523 pertinentem,
1368 4462 1447 4503 ne
1495 4462 1607 4521 per
1652 4462 1801 4503 suos
1862 4444 2102 4503 vicinos
2149 4453 2210 4502 et
2257 4452 2740 4501 commetaneos
2803 4441 3140 4501 occasione

439 4568 754 4618 metarum
805 4559 1214 4636 impeteretur
1242 4566 1591 4635 permetas
1622 4558 1683 4616 in
1718 4556 1950 4616 eodem
1985 4557 2377 4633 conscriptas
2423 4555 2805 4615 destinctam
2837 4554 3137 4614 extitisse.

620 4776 997 4851 Ortginalna
1030 4777 1299 4853 potvrda
1349 4796 1389 4832 u
1435 4777 1751 4849 orzjginalu
1813 4776 2024 4831 listine
2093 4773 2300 4848 kralja
2347 4774 2680 4848 Ljudevita
2727 4774 2812 4829 od
2840 4792 2907 4846 g.
2971 4774 3033 4826 13
3044 4775 3133 4827 76.

434 4885 533 4937 28.
563 4881 885 4958 februara
934 4901 972 4938 u
1018 4880 1107 4937 kr.
1160 4880 1485 4955 ugarskom
1533 4882 1863 4937 driavnom
1910 4878 2132 4935 arkivu
2181 4898 2220 4935 u
2262 4879 2649 4953 Budimpefftz'
2693 4878 2781 4933 M.
2827 4877 2897 4935 O.
2935 4876 3012 4931 D.
3065 4876 3134 4933 L.

430 4986 525 5043 br.
580 4988 673 5043 73.
724 4986 914 5043 Stara
958 4987 1288 5059 signatura
1334 4986 1420 5044 N.
1468 4988 1545 5044 R.
1595 4985 1666 5044 A.
1716 4984 1801 5041 br.
1858 4989 1954 5043 45.

627 5091 870 5149 Wenzel
918 5091 1057 5149 Cod.
1110 5092 1259 5167 dipl.
1308 5091 1519 5163 Hung.
1566 5099 1718 5147 cont.
1770 5091 1882 5148 Xs.
1936 5090 2200 5143 533—5.
