3797 5795
1861 352 2266 416 —414—

706 556 779 605 et
828 548 1133 626 incipiunt
1180 557 1351 608 mete
1411 563 1660 606 currere
1725 547 1903 604 iuxta
1966 554 2199 604 terram
2269 545 2520 604 comitis
2564 543 2934 624 Zyrgerardi
2980 562 3091 622 per
3136 543 3418 604 eundem

717 659 985 720 riuulum
1043 657 1625 737 Radouanchycha‚
1672 657 1754 717 de
1799 675 1930 736 quo
1996 659 2128 718 exit
2189 657 2272 717 ad
2338 667 2578 717 metam
2639 668 2912 718 terream
2971 675 3188 716 uersus
3251 658 3412 716 occi-

706 773 999 848 dentem,
1044 772 1275 834 dehinc
1320 771 1605 832 ascendit
1652 781 1715 831 et
1761 773 2054 849 peruenit
2099 770 2184 830 ad
2215 755 2774 830 metam‘terream
2823 779 2886 829 et
2926 768 3008 829 ab
3051 768 3200 829 hinc
3247 771 3420 829 uenit

712 905 827 965 per
874 905 1139 947 nemora
1186 881 1403 946 uers'us
1450 883 1781 945 meridiem
1815 893 1879 943 et
1913 887 2088 944 uenit
2122 883 2203 944 ad
2236 883 2441 944 ilicem
2473 893 2647 943 meta
2691 893 2895 943 terrea
2941 881 3422 954 circumdatam,

707 998 953 1059 deinde
1013 998 1345 1060 descendit
1406 1016 1519 1076 per
1581 996 1906 1075 quandam
1977 995 2316 1076 planiciem
2364 1007 2428 1057 et
2473 999 2648 1057 uenit
2691 996 2775 1057 ad
2821 995 3077 1056 arbores
3135 997 3422 1073 pirorum

706 1112 1097 1172 siluestrium
1168 1111 1287 1172 sub
1348 1128 1619 1188 quarum
1684 1128 1807 1169 una
1869 1123 1966 1170 est
2028 1118 2199 1170 meta
2259 1120 2482 1182 terrea,
2545 1108 2694 1170 inde
2739 1109 2917 1169 uenit
2959 1108 3043 1168 ad
3090 1107 3420 1185 quandam

714 1233 956 1284 metam
1001 1235 1275 1284 terream
1340 1241 1464 1301 que
1526 1233 1620 1282 est
1682 1241 1863 1283 secus
1931 1240 2234 1303 magnam
2302 1224 2489 1296 uiam,
2537 1222 2620 1282 ab
2681 1222 2828 1282 hinc
2886 1220 3292 1300 protenditur
3335 1220 3418 1280 ad

706 1337 905 1396 aliam
951 1347 1190 1398 metam
1225 1346 1495 1396 terream
1528 1345 1591 1395 et
1628 1335 1714 1395 ibi
1747 1336 2089 1416 angulatur
2131 1337 2268 1414 ipsa
2309 1345 2468 1396 terra
2501 1348 2567 1396 et
2597 1335 2803 1396 tendit
2847 1351 3062 1394 uersus
3109 1337 3420 1394 orientem

709 1451 890 1509 iuxta
950 1457 1183 1509 terram
1246 1449 1499 1510 comitis
1562 1448 1938 1530 Zyrgerardi
1985 1459 2049 1509 et
2094 1450 2384 1527 peruenit
2443 1448 2526 1510 ad
2591 1448 2782 1510 aliam
2830 1457 3071 1509 metam
3132 1458 3424 1522 terream,

710 1562 821 1621 ubi
867 1570 1029 1622 terra
1077 1563 1329 1622 comitis
1390 1560 1764 1642 Zyrgerardi
1829 1563 2210 1622 terminatur
2257 1572 2321 1622 et
2365 1564 2673 1641 incipiunt
2716 1573 2888 1622 mete
2950 1580 3198 1622 currere
3245 1561 3424 1620 iuxta

718 1685 912 1734 terras
972 1674 1387 1754 iobagionum
1451 1676 1633 1735 castri
1697 1674 1779 1734 de
1843 1674 2096 1755 Posoga
2143 1675 2226 1734 de
2269 1693 2502 1756 genere
2565 1675 2796 1737 Volica
2842 1685 2907 1735 et
2951 1673 3422 1753 protenduntur

710 1805 929 1848 uersus
990 1787 1359 1866 aquilonem
1406 1787 1489 1847 ad
1535 1789 1743 1865 pirum
1808 1786 2198 1860 siluestrem;
2259 1788 2408 1849 inde
2472 1790 2650 1849 uenit
2709 1787 2793 1849 ad
2855 1797 3092 1848 metam
3156 1803 3420 1846 saxeam

619 1925 621 1928 >
704 1900 794 1958 ab
842 1899 986 1959 hinc
1030 1899 1115 1960 ad
1160 1900 1399 1977 tyleam
1434 1910 1497 1960 et
1528 1900 1612 1959 ab
1662 1899 1808 1960 hinc
1842 1899 1928 1960 ad
1959 1911 2201 1961 metam
2233 1911 2520 1974 terream,
2569 1901 2674 1961 ubi
2723 1903 2858 1980 ipsa
2903 1911 3066 1961 terra
3112 1900 3416 1980 angulata

704 2021 773 2071 et
821 2012 1043 2072 transit
1088 2012 1359 2073 riuulum
1407 2012 1906 2073 Radouanciche
1952 2023 2015 2073 et
2065 2015 2239 2074 uenit
2288 2014 2371 2074 ad
2419 2015 2714 2074 arborem
2770 2015 2948 2074 nucis
2977 2032 3105 2093 que
3151 2013 3423 2072 habetur

708 2143 825 2201 pro
874 2134 1045 2184 meta
1091 2127 1452 2198 communi;
1495 2126 1579 2185 ab
1626 2124 1771 2185 hinc
1823 2127 2116 2204 peruenit
2163 2126 2248 2188 ad
2294 2127 2620 2205 quandam
2667 2126 2911 2200 siluam,
2956 2127 3064 2187 ubi
3110 2135 3208 2187 est
3255 2135 3424 2186 meta

706 2247 911 2296 terrea
958 2255 1085 2315 que
1130 2249 1224 2298 est
1272 2240 1449 2298 iuxta
1511 2256 1812 2320 magnam
1880 2241 2048 2298 viam
2098 2250 2161 2300 et
2208 2240 2294 2299 ibi
2340 2250 2503 2301 terra
2568 2240 2980 2322 iobagionum
3049 2240 3236 2300 castri
3285 2258 3422 2318 pre-

702 2349 1024 2409 dictorum
1097 2352 1469 2411 terminatur
1530 2361 1594 2411 et
1656 2351 1968 2430 incipiunt
2051 2362 2221 2413 mete
2290 2372 2538 2414 currere
2600 2355 2776 2414 iuxta
2846 2364 3074 2413 terram
3147 2351 3422 2413 filiorum

694 2459 985 2538 Jouanca
1045 2465 1297 2522 comitis
1344 2462 1669 2524 Benedicti
1736 2463 2035 2525 uidelicet
2085 2477 2147 2526 et
2197 2462 2482 2544 Aladary
2529 2476 2594 2526 et
2640 2477 2810 2527 meta
2856 2468 3070 2544 incipit
3117 2465 3240 2526 sub
3289 2466 3420 2544 qui-

717 2572 989 2633 busdam
1068 2574 1399 2636 arboribus
1475 2577 1804 2637 cuiusdam
1887 2577 2045 2638 silue
2113 2589 2176 2638 et
2251 2579 2538 2640 ascendit
2605 2599 2822 2640 uersus
2896 2579 3268 2656 aquilonem
3340 2577 3422 2638 ad

702 2696 985 2746 ueterem
1058 2689 1249 2762 uiam,
1312 2690 1490 2749 iuxta
1538 2708 1732 2768 quam
1780 2701 1877 2751 est
1934 2702 2108 2752 meta
2173 2703 2407 2766 terrea3
2467 2693 2616 2753 inde
2675 2692 3075 2772 protenditur
3121 2691 3206 2751 ad
3255 2710 3422 2751 sum-

704 2800 995 2860 mitatem
1046 2803 1284 2862 montis
1328 2801 1412 2862 ad
1459 2811 1700 2863 metam
1749 2814 2030 2864 terream
2093 2807 2370 2883 positam
2417 2806 2537 2865 sub
2585 2805 2865 2883 quadam
2912 2806 3138 2866 arbore
3187 2807 3420 2884 querci,

694 2913 785 2971 ab
836 2913 984 2974 inde
1031 2914 1362 2976 descendit
1408 2935 1521 2994 per
1556 2927 1759 2977 metas
1809 2927 2054 2979 terreas
2101 2918 2183 2979 ad
2229 2919 2555 2999 quendam
2602 2919 2874 2980 riuulum
2920 2928 2982 2979 et
3027 2918 3422 2979 transeundo

698 3025 975 3086 riuulum
1023 3027 1227 3088 tendit
1272 3048 1388 3106 per
1434 3028 1597 3090 latus
1658 3033 1893 3091 montis
1946 3049 2149 3109 usque
2194 3032 2352 3092 dum
2398 3034 2687 3111 peruenit
2732 3032 2814 3092 ad
2861 3051 3095 3110 aquam
3147 3030 3422 3106 Welika‚

698 3137 815 3197 ubi
859 3148 955 3199 est
1011 3150 1182 3200 meta
1243 3153 1447 3201 terrea
1494 3154 1558 3202 et
1604 3162 1717 3221 per
1772 3143 2095 3204 Welicam
2165 3145 2451 3205 ascendit
2511 3164 2710 3224 usque
2771 3146 2982 3206 locum
3030 3146 3136 3205 ubi
3184 3145 3421 3205 riuulus

703 3247 1079 3331 Zagrabuch
1149 3253 1317 3314 cadit
1387 3256 1450 3313 in
1524 3254 1841 3315 Welicam
1902 3267 1967 3317 et
2033 3260 2198 3317 inter
2269 3258 2434 3318 duos
2503 3259 2738 3319 riuulos
2795 3268 2893 3318 est
2955 3268 3126 3319 meta
3187 3269 3412 3331 terrea,

690 3361 940 3424 deinde
1008 3365 1213 3425 tendit
1282 3369 1568 3445 superius
1638 3370 1798 3429 inter
1873 3370 2145 3431 eosdem
2215 3371 2452 3432 riuulos
2519 3390 2718 3449 usque
2793 3370 2874 3431 ad
2953 3381 3244 3433 montem
3316 3372 3418 3448 qui

689 3474 932 3537 dicitur
1000 3476 1303 3540 Graducli
1372 3490 1435 3539 et
1505 3481 1793 3542 ascendit
1854 3482 1938 3543 ad
2015 3492 2306 3545 montem
2375 3486 2482 3564 qui
2550 3484 2776 3545 dicitur
2845 3484 3142 3545 Zelemen
3208 3494 3271 3543 et
3335 3484 3419 3544 ibi

700 3599 877 3649 mete
939 3592 1131 3670 ipsius
1177 3602 1339 3652 terre
1406 3592 1808 3654 Rodouanch
1856 3598 2309 3670 terminantur,
2354 3607 2542 3675 prout
2588 3616 2700 3677 per
2745 3596 2982 3657 litteras
3042 3616 3186 3657 suas
3233 3597 3419 3657 nobis

690 3703 1072 3780 capitulum,
1125 3705 1409 3765 cruciferi
1473 3716 1537 3765 et
1601 3725 1819 3768 comes
1903 3711 2220 3787 prenotati
2288 3712 2755 3789 rescripserunt.
2819 3710 2909 3771 Vt
2979 3712 3166 3793 igitur
3235 3711 3417 3773 huius

698 3827 922 3875 nostre
966 3815 1341 3877 donacionis
1401 3818 1767 3880 collacionis
1814 3823 2015 3881 series
2060 3822 2236 3882 salua
2290 3841 2544 3901 semper
2590 3832 2654 3883 et
2700 3824 2872 3884 illesa
2919 3826 2979 3883 in
3027 3834 3410 3903 perpetuum

697 3942 1075 4001 permaneat
1136 3948 1255 3989 nec
1316 3950 1428 4008 per
1488 3931 1767 4010 aliquem
1834 3952 2153 4011 processu
2216 3938 2520 4014 temporis
2549 3940 2558 3948 ‘
2586 3938 2784 4015 possit
2852 3942 3169 3999 retractari
3242 3938 3414 3998 dicto

704 4035 904 4117 Myke
934 4051 1259 4120 presentes
1282 4042 1579 4104 dedimus
1610 4045 1849 4105 litteras
1905 4046 2220 4126 dupplicis
2252 4048 2430 4129 sigilli
2463 4052 2660 4109 nostri
2685 4050 3036 4111 munimine
3068 4052 3414 4113 roboratas,

703 4147 940 4213 Datum
1012 4174 1125 4233 per
1196 4174 1423 4215 manus
1492 4159 1775 4237 magistri
1842 4156 1919 4220 St
1933 4158 2165 4237 ephani
2225 4161 2714 4223 vicecancellarii
2761 4162 2903 4224 aule
2966 4175 3182 4223 nostre
3241 4184 3414 4225 anno

696 4262 947 4325 domini
996 4266 1333 4327 millesimo
1380 4268 1821 4331 ducentesimo
1872 4274 2280 4353 sexagesimo
2325 4285 2530 4335 sexto.

888 4456 1183 4532 Omginal
1223 4480 1261 4517 u
1310 4460 1533 4519 arkivu
1586 4466 1856 4540 grosova
1918 4463 2115 4536 Csa'ky
2163 4485 2203 4522 u
2249 4465 2474 4523 Levoc³i
2496 4471 2676 4544 fasc.
2729 4471 2781 4525 2.
2827 4488 2918 4526 κο.
2968 4476 3010 4527 1.
3073 4470 3182 4527 Na
3227 4470 3406 4546 hrptu

698 4562 839 4617 vidi
878 4581 943 4617 se
989 4570 1122 4636 trag
1162 4564 1509 4640 pritisnuta
1548 4570 1792 4641 peb'ata,
1853 4568 1949 4624 ali
1992 4568 2019 4624 i
2062 4577 2208 4643 trag
2247 4571 2492 4644 vzlrec‘eg
2538 4577 2765 4647 pec‘ata
2811 4578 2974 4630 moz'e
3018 4593 3085 4630 se
3131 4573 3410 4649 takodjer

698 4666 933 4737 vidjeti.

885 4769 1027 4829 cod.
1066 4774 1321 4846 patrius
1381 4776 1474 4832 VI.
1534 4778 1862 4834 1238—142.
1915 4809 1992 4817 -—·
2045 4776 2420 4852 Kukuljevic'
2457 4780 2609 4854 Reg.
2660 4800 2756 4839 no,
2811 4784 2946 4839 923.
