3797 5795
1847 430 1933 438 —
1989 393 2118 457 210
2177 430 2261 440 --

692 607 1039 661 cessorum,
1070 589 1204 648 siue
1235 607 1322 648 ex
1354 604 1742 665 quocunque
1787 585 1914 646 alio
1959 588 2095 646 iure
2139 585 2240 646 uel
2287 604 2479 646 causa
2527 584 2716 647 n²chil
2747 605 2784 646 a
2816 585 3106 664 predicto
3137 586 3416 646 fratrum

694 702 921 762 ordine
966 703 1099 780 peti
1143 701 1407 780 possint.
1456 698 1621 763 Cum
1653 709 1869 760 autem
1917 698 2090 759 idem
2137 699 2475 778 episcopus
2524 698 2834 777 quasdam
2882 698 3120 760 litteras
3147 718 3188 758 a
3219 699 3420 759 nobis

693 817 1042 895 optinuisse
1110 814 1374 888 dicatur,
1434 817 1499 874 in
1563 814 1794 894 quibus
1860 831 1995 872 non
2062 812 2270 874 solum
2332 812 2540 873 dictus
2606 811 2770 873 ordo
2836 814 3036 873 sancti
3104 811 3414 873 Damiani

692 931 1031 1001 comititur,
1105 946 1325 988 verum
1388 927 1591 988 eciam
1668 926 1821 986 dicti
1889 925 2112 986 fratres
2185 921 2440 1007 artari(l)
2487 925 2786 987 uidentur
2829 925 2912 986 ad
2957 924 3410 986 exhibendum

697 1043 1095 1103 monasteriis
1140 1051 1201 1100 et
1248 1043 1539 1119 personis
1598 1039 1886 1100 eiusdem
1949 1041 2150 1102 sancti
2213 1037 2512 1099 Damiani
2573 1039 2814 1100 ordinis
2861 1039 3206 1099 ministeria
3249 1055 3414 1097 con-

694 1165 873 1216 sueta
919 1164 981 1216 et
1028 1155 1145 1233 ipsi
1192 1155 1497 1232 episcopo
1558 1148 2000 1235 concedit[ur],
2063 1152 2239 1230 quod
2289 1151 2372 1212 ad
2419 1152 2544 1211 hoc
2589 1153 2790 1230 possit
2836 1151 3224 1230 compellere
3285 1169 3413 1229 per

693 1285 1025 1328 censuram
1088 1266 1580 1327 ecclesiasticam
1641 1265 1850 1326 dictos
1909 1265 2150 1326 fratres.
2197 1264 2335 1326 Nos
2381 1264 2624 1326 eisdem
2684 1265 2906 1325 litteris
2961 1264 3180 1343 quoad
3226 1266 3406 1324 iuris-

693 1381 1011 1442 dicionem
1060 1375 1425 1464 om[n]e[m]
1474 1388 1539 1440 et
1582 1389 1971 1458 potestatem
2017 1380 2136 1439 sibi
2179 1397 2553 1440 concessam
2585 1380 2646 1438 in
2681 1380 3066 1438 monasteria
3111 1377 3404 1456 predicta

692 1506 757 1555 et
802 1512 1109 1573 personas
1153 1495 1437 1572 ipsorum
1484 1494 1547 1553 in
1592 1511 1711 1553 suo
1756 1493 1989 1554 robore
2033 1492 2348 1554 duraturis
2391 1493 2560 1571 ipsas
2591 1492 2807 1568 quoad
2853 1491 2974 1552 alia
3019 1509 3146 1571 que
3189 1490 3404 1550 dictos

691 1607 913 1668 fratres
979 1605 1262 1668 Minores
1330 1617 1395 1667 et
1458 1625 1683 1667 eorum
1750 1606 2042 1668 ordinem
2119 1624 2530 1685 quocumque
2598 1605 2800 1666 modo
2867 1606 3246 1685 contingunt
3315 1602 3402 1662 de

690 1720 1023 1782 uoluntate
1087 1719 1237 1780 dicti
1299 1721 1584 1798 episcopi
1643 1738 2022 1781 reuocamus
2076 1730 2139 1781 et
2196 1738 2410 1781 carere
2469 1719 2870 1780 decreuimus
2930 1718 3104 1777 omni
3164 1717 3402 1777 robore

690 1833 1005 1894 firmitatis
1048 1835 1249 1894 eciam
1298 1835 1347 1893 si
1395 1833 1480 1894 de
1526 1833 1746 1894 litteris
1806 1835 1957 1912 ipsis
2023 1832 2282 1913 plenam
2345 1841 2409 1893 et
2476 1850 2846 1911 expressam
2910 1831 2994 1890 de
3053 1829 3250 1890 uerbo
3311 1828 3397 1888 ad

692 1946 962 2007 uerbum
992 1945 1127 2007 fieri
1158 1955 1453 2025 oporteat
1484 1946 1887 2024 presentibus
1912 1947 2337 2007 mencionem.
2373 1945 2544 2006 Nulli
2575 1963 2730 2026 ergo
2761 1945 3030 2004 omnino
3061 1943 3394 2003 hominum

692 2059 879 2120 liceat
923 2059 1091 2120 hanc
1136 2062 1438 2141 paginam
1502 2069 1717 2120 nostre
1764 2059 2200 2133 ordinationis,
2265 2059 2665 2138 prouisionis,
2717 2055 3114 2128 difinicionis,
3159 2056 3395 2116 decreti

693 2182 757 2234 et
802 2176 1015 2234 statuti
1062 2173 1419 2254 infringere,
1488 2173 1589 2233 uel
1636 2175 1693 2233 ei
1739 2191 1896 2233 ausu
1944 2175 2282 2233 temerario
2327 2173 2658 2232 contraire.
2704 2170 2772 2233 Si
2821 2172 2962 2250 quis
3009 2180 3224 2230 autem
3271 2168 3398 2228 hoc

691 2297 1074 2366 attemptare
1142 2288 1612 2365 presumpserit,
1684 2285 2189 2367 indignationem
2259 2285 2720 2364 omnipotentis
2765 2284 2870 2344 dei
2931 2295 2994 2344 et
3059 2282 3396 2342 beatorum

694 2400 859 2461 Petri
906 2409 970 2460 et
1016 2399 1191 2460 Pauli
1252 2398 1693 2477 apostolorum
1755 2401 1889 2459 eius
1934 2418 2002 2460 se
2064 2401 2314 2459 nouerit
2375 2401 2792 2458 incursurum.
2839 2397 2910 2456 ln
2957 2398 3398 2457 testimonium

693 2523 905 2572 autem
956 2512 1317 2572 huiusmodi
1364 2511 1795 2572 ratificationis
1839 2522 1904 2572 et
1945 2512 2384 2590 aprobationis
2413 2529 2490 2572 ac
2519 2508 2991 2593 promisionis(l)
3033 2519 3396 2588 presentem

693 2625 1174 2686 ordinacionem
1221 2643 1333 2686 seu
1378 2622 1911 2704 pronissionem(l)
1945 2623 2148 2705 sigillo
2181 2634 2401 2685 nostro
2434 2623 2739 2703 pendenti
2771 2624 3038 2684 fecimus
3069 2623 3398 2682 comuniri.

877 2819 1173 2892 Orzginal
1212 2837 1297 2875 na
1338 2818 1712 2894 pergameni
1740 2837 1780 2874 u
1813 2816 2038 2874 arkivu
2066 2819 2382 2893 jugoslav.
2435 2816 2620 2874 akad.
2643 2837 2663 2872 .·
2709 2816 3070 2892 Diplomata
3115 2835 3176 2872 a.
3227 2817 3391 2869 1:261.

688 2957 774 2964 —
818 2924 927 2982 Na
974 2922 1183 2999 bq'jeloj
1220 2924 1397 2981 vrvci
1438 2924 1565 2980 visi
1603 2923 1803 2980 zeleni
1842 2925 2100 2981 vescam·
2133 2925 2325 2999 pedat
2359 2923 2628 2999 prt'lic'no
2672 2926 2972 2981 saluvan.
3040 2920 3292 2977 Listina
3338 2922 3397 2984 jc

689 3028 873 3105 lijepo
909 3028 1163 3104 pisana,
1213 3028 1308 3085 ali
1351 3048 1391 3085 u
1426 3028 1736 3103 prtj'epzlsu
1776 3027 2163 3103 papinskoga
2208 3029 2410 3104 pisma
2459 3029 2586 3085 ima
2634 3028 2812 3084 dosta
2852 3025 3216 3102 pogres'aka.

1954 3318 2144 3398 714.

692 3483 1159 3550 mol-4282.
1206 3484 1267 3550 u
1312 3483 1815 3552 Dubrovniku.

692 3672 1115 3758 *Vadbiskup
1192 3672 1427 3759 krfski
1504 3674 1807 3759 ulovljen
1892 3675 1982 3737 od
2053 3696 2334 3760 gusara,
2407 3676 2555 3760 koje
2637 3674 3087 3738 Dubrovc'am'
3147 3673 3391 3758 pohva—

694 3792 859 3859 ίαέε,
910 3785 1486 3864 Dubrovc‘am'ma,
1537 3789 1627 3850 da
1676 3787 1908 3868 ljubav
1970 3787 2252 3862 uzvrat22
2317 3788 2575 3873 obecaje
2613 3788 3075 3874 przj'ae-‘elylvtvo
3123 3788 3391 3873 despola

1883 3902 2210 3987 Mz‘hajla.

869 4091 1032 4156 Cum
1080 4112 1203 4175 ego
1266 4093 1672 4156 Theodosius
1733 4095 2244 4173 archiepiscopus
2315 4092 2510 4157 Cursu
2557 4096 2716 4157 meis
2759 4097 3037 4174 peccatis
3097 4114 3134 4153 a
3180 4094 3392 4172 piratis

693 4207 899 4268 forem
931 4208 1219 4311 captitiis,
1251 4209 1424 4267 euasi
1456 4226 1493 4267 a
1527 4209 1805 4286 ipsorum
1855 4208 2151 4268 manibus
2195 4210 2394 4288 gratia
2419 4207 2568 4287 Jesu
2608 4206 2855 4282 Christi,
2885 4209 3150 4268 ueniens
3179 4220 3388 4267 autem

691 4319 775 4380 ad
822 4321 1147 4381 ciuitatem
1196 4320 1589 4399 Ragusinam
1636 4338 1854 4380 coram
1902 4320 2171 4381 domino
2232 4323 2470 4382 comite
2517 4333 2580 4382 et
2626 4321 2870 4401 populo
2917 4323 3192 4382 ciuitatis
3237 4322 3391 4381 eius-

689 4433 859 4505 dem,
904 4452 1123 4493 coram
1168 4434 1259 4493 eis
1305 4432 1387 4493 de
1431 4453 1511 4493 eo
1558 4433 1736 4511 quod
1784 4433 1938 4493 mihi
1987 4434 2216 4495 accidit
2250 4435 2573 4513 querelam
2621 4436 2757 4497 feci.
2833 4433 3049 4513 Quare
3093 4434 3391 4495 dominus

690 4565 911 4607 comes
978 4564 1127 4607 cum
1195 4548 1489 4606 universo
1557 4546 1800 4624 populo
1869 4565 1984 4624 per
2053 4566 2226 4608 mare
2287 4558 2350 4607 et
2413 4566 2528 4627 per
2597 4558 2826 4608 terram
2876 4547 2958 4607 ad
3005 4545 3389 4626 capiendum

691 4658 898 4719 dictos
964 4661 1207 4737 piratos
1267 4658 1443 4720 dedit
1507 4677 1773 4744 operam
1822 4678 1970 4719 cum
2019 4659 2268 4735 effectu,
2317 4679 2464 4721 nam
2519 4664 2690 4739 ipsos
2736 4656 2973 4743 cepit(l)
3005 4662 3208 4742 gratia
3255 4658 3392 4735 Iesu

693 4769 921 4834 Christi
968 4781 1033 4832 et
1064 4774 1127 4832 in
1158 4790 1478 4832 carcerem
1522 4782 1891 4850 posuerunt,
1936 4781 2187 4833 tantum
2233 4773 2440 4835 dictos
2484 4776 2723 4853 piratos
2755 4773 3131 4847 detinenteS,
3180 4773 3390 4834 donec

692 4882 909 4945 omnia
956 4904 1083 4964 que
1128 4883 1281 4944 mihi
1327 4884 1585 4945 abstulit
1634 4884 1702 4967 (Ι)
1766 4885 2127 4947 rediderint.
2187 4886 2268 4948 Et
2314 4887 2438 4948 hoc
2468 4888 2753 4948 fecerunt
2798 4897 3062 4966 propter
3104 4904 3386 4947 amorem

693 4996 937 5057 domini
970 5016 1082 5057 cur
1129 4996 1385 5057 Michali
1425 4997 1677 5077 despoti
1710 5009 1774 5059 et
1809 5001 1950 5059 mei.
1996 4999 2228 5061 Postea
2260 5018 2411 5061 uero
2443 5000 2590 5061 fecit
2615 4995 2996 5082 Gregorium
3031 4999 3113 5061 de
3147 4999 3388 5061 Mazola

693 5109 776 5169 de
822 5110 1102 5190 Ragusio
1164 5110 1245 5170 ad
1302 5112 1627 5173 ciuitatem
1695 5114 1914 5173 uenire
1976 5124 2038 5173 et
2101 5116 2318 5173 omnia
2380 5132 2506 5193 que
2573 5133 2723 5175 cum
2791 5112 3390 5175 reccomendatione
