3797 5795
1764 374 2180 440 -400-

619 569 797 650 quod
842 572 982 649 ipso
1031 569 1114 630 ad
1162 580 1443 630 uestrum
1494 569 1777 650 regimen
1838 569 2171 638 existente,
2217 575 2440 627 contra
2488 584 2636 627 eum
2686 567 3030 626 enormiter
3074 583 3150 625 ac
3193 582 3334 646 gra-

620 686 780 745 uiter
826 693 923 744 est
966 701 1360 761 processum.
1410 681 1580 742 Nam
1612 680 1771 742 dum
1802 680 1888 742 ad
1919 680 2438 759 prosecutionem
2470 678 2937 740 forbanitorum
2969 686 3332 740 uestrorum

613 816 735 877 pro
779 797 959 858 bono
1004 805 1171 856 statu
1231 808 1399 856 terre
1443 793 1819 867 intenderet,
1864 803 1934 854 ut
1981 792 2279 868 debebat,
2324 793 2444 872 ipsi
2489 791 2792 854 forbaniti
2839 790 3058 852 habito
3105 789 3330 853 fauore

615 911 699 971 ab
743 909 881 970 aliis
941 919 1124 982 terre,
1176 908 1461 969 similiter
1520 925 1668 968 cum
1718 909 1807 967 eis
1852 916 2096 967 armata
2145 924 2341 966 manu
2386 907 2451 966 in
2499 906 2708 984 ipsum
2756 906 3064 965 comitem
3108 912 3174 963 et
3217 921 3336 963 eos

616 1025 726 1104 qui
771 1041 920 1084 cum
982 1042 1061 1084 eo
1122 1032 1302 1084 erant
1356 1021 1645 1082 fecerunt
1711 1019 2036 1093 insultum,
2081 1022 2146 1080 in
2193 1037 2324 1099 quo
2393 1018 2630 1080 insultu
2697 1017 3041 1080 uulneratis
3082 1035 3169 1078 ex
3215 1015 3334 1076 hiis

616 1138 723 1216 qui
772 1154 923 1196 cum
968 1155 1047 1196 eo
1095 1144 1275 1196 erant
1336 1133 1600 1215 quidam
1664 1135 1799 1193 eius
1858 1133 2069 1193 socius
2114 1132 2232 1193 fuit
2279 1132 2610 1211 necquiter
2671 1129 3036 1192 interfectus
3083 1138 3150 1190 et
3194 1131 3332 1209 ipse

616 1267 854 1322 corneS,
900 1267 1095 1328 quem
1142 1258 1206 1309 et
1252 1266 1385 1308 non
1430 1247 1675 1307 socium
1720 1254 2053 1324 percutere
2097 1244 2434 1318 noluerint,
2481 1246 2544 1305 in
2589 1245 2874 1324 periculo
2921 1244 3146 1304 mortis
3189 1241 3330 1302 fuit.

618 1361 745 1440 Qui
792 1359 1055 1441 quidem
1102 1379 1416 1433 excessuS,
1448 1369 1757 1440 quantam
1790 1357 2151 1437 requirebat
2185 1377 2441 1438 penam,
2472 1358 2660 1419 uobis
2693 1357 3064 1436 reliquimus
3095 1355 3327 1416 discer-

629 1473 933 1534 nendum.
1011 1473 1151 1536 Nec
1196 1475 1479 1534 contenti
1528 1473 1611 1534 de
1655 1484 1991 1551 tamquam
2052 1475 2297 1533 enormi
2365 1472 2632 1546 ossensa,
2695 1472 2849 1533 dum
2913 1473 3049 1550 ipse
3095 1485 3336 1542 comeS,

618 1587 779 1648 sicut
824 1607 939 1666 per
984 1605 1102 1648 uos
1146 1585 1476 1648 laudatum
1527 1586 1731 1646 fuerat
1762 1596 1827 1646 et
1857 1587 2341 1660 sentenciatum,
2373 1585 2456 1645 de
2502 1603 2635 1646 uno
2683 1604 2768 1645 ex
2811 1581 3332 1674 malefactoribus

616 1701 928 1761 iusticiam
975 1700 1229 1774 faceret,
1274 1701 1433 1760 sicut
1480 1699 1684 1760 suerat
1716 1698 2082 1775 iudicatum,
2115 1701 2231 1778 ipsi
2264 1708 2330 1760 et
2359 1700 2450 1759 eis
2496 1701 2604 1779 qui
2650 1717 2798 1759 cum
2830 1717 2910 1759 eo
2941 1706 3125 1758 erant
3164 1705 3332 1756 terre

618 1816 947 1874 introitum
994 1813 1358 1894 denegastis
1403 1831 1551 1874 cum
1615 1815 1824 1886 armiS,
1869 1821 2083 1891 spreta
2143 1811 2450 1872 fidelitate
2495 1821 2706 1873 uestra
2751 1821 2976 1871 contra
3021 1826 3172 1871 eum
3220 1809 3330 1888 qui

615 1946 734 2006 pro
781 1927 968 1988 nobis
1013 1936 1147 1986 erat
1193 1929 1469 2008 grauiter
1529 1929 1944 2007 insurgentes
1996 1935 2259 2006 propter
2305 1924 2483 2005 quod
2527 1925 2704 1986 uelut
2750 1926 2858 2004 qui
2902 1922 3077 1984 aliud
3124 1921 3334 1984 facere

618 2059 749 2100 non
812 2040 1035 2119 potuit,
1086 2057 1480 2118 quamquam
1541 2058 1657 2119 per
1718 2038 1853 2100 dies
1915 2041 2199 2119 quinque
2259 2039 2344 2100 ad
2405 2037 2776 2099 habendum
2845 2038 3176 2097 introitum
3221 2054 3333 2096 ex-

616 2162 921 2232 pectaret,
968 2152 1199 2213 relictis
1245 2171 1371 2231 que
1416 2152 1696 2213 habebat
1742 2153 2060 2226 omnibus,
2091 2153 2308 2214 uenire
2339 2152 2688 2214 Venetiam
2721 2159 2816 2212 est
2845 2161 3126 2224 coactuS,
3155 2147 3336 2229 quod

618 2265 881 2344 quidem
926 2277 1058 2326 tam
1106 2285 1375 2326 enorme
1421 2269 1753 2348 negotium
1795 2276 2048 2334 tantum
2098 2284 2218 2326 nos
2249 2274 2314 2325 et
2346 2265 2684 2327 consilium
2729 2273 3018 2325 nostrum
3067 2273 3330 2344 agrauat

616 2389 680 2439 et
729 2378 1014 2452 ossendit,
1078 2387 1391 2457 quantum
1455 2380 1743 2440 iniuriam
1808 2389 1871 2440 et
1934 2378 2362 2439 offensionem
2406 2381 2610 2458 ipsam
2659 2379 2722 2438 in
2770 2379 2978 2456 ipsum
3023 2377 3330 2437 comitem

616 2493 725 2571 qui
793 2511 909 2570 pro
980 2491 1165 2552 nobis
1233 2502 1366 2554 erat
1421 2492 1675 2568 factam,
1720 2493 1785 2552 in
1833 2510 1952 2553 nos
2021 2502 2390 2571 reputamus
2456 2494 2712 2569 proprie
2781 2490 3018 2551 factam
3081 2507 3221 2550 esse
3266 2499 3332 2549 et

620 2605 813 2666 uelud
880 2615 1058 2665 tante
1126 2606 1347 2666 iniurie
1420 2615 1729 2684 tante-que
1804 2605 2179 2666 offensionis
2255 2604 2433 2666 obliti
2503 2615 2568 2665 et
2637 2603 2876 2666 litteras
2945 2603 3133 2664 nobis
3196 2612 3328 2662 tam

618 2735 917 2778 enormes
961 2736 1037 2777 ac
1083 2729 1216 2778 tam
1261 2719 1494 2779 salaces
1559 2720 1747 2780 nobis
1808 2717 2154 2779 mittendas
2201 2736 2392 2796 super
2437 2726 2620 2778 tanto
2667 2735 2936 2778 excessu
2979 2715 3330 2795 procedere

618 2830 923 2906 uoluistis,
996 2830 1404 2892 intendentes
1470 2831 1724 2911 culpam
1794 2841 2070 2892 uestram
2143 2840 2276 2892 tam
2345 2848 2609 2913 grauem
2668 2848 2786 2910 per
2858 2829 3017 2890 tales
3091 2827 3332 2890 litteras

618 2943 897 3023 palliare,
943 2944 1123 3024 quod
1168 2964 1305 3005 esse
1352 2964 1482 3005 non
1530 2955 1761 3025 potest,
1792 2964 1942 3005 cum
1977 2948 2168 3023 ipsius
2217 2943 2447 3005 nobilis
2485 2945 2738 3005 comitis
2783 2945 2972 3004 uestri
3021 2961 3217 3022 opera
3265 2943 3326 3001 in

617 3067 831 3119 uestro
878 3059 1185 3140 regimine
1218 3068 1282 3118 et
1312 3058 1460 3118 alibi
1492 3057 1831 3119 laudabilia
1864 3056 2339 3139 dignoscantur,
2372 3056 2550 3136 quod
2583 3076 2714 3118 non
2747 3056 3004 3135 culpam
3049 3065 3328 3117 uestram

620 3172 866 3245 minuit,
927 3172 1042 3233 sed
1089 3173 1341 3245 acreuit‚
1388 3181 1450 3232 et
1498 3172 1548 3232 si
1594 3182 1765 3232 recte
1810 3172 2176 3249 conspicitis
2221 3172 2282 3231 in
2329 3171 2457 3232 hoc
2502 3171 2692 3245 fact0,
2737 3170 3010 3230 offensio
3054 3188 3170 3248 per
3216 3186 3336 3228 uos

612 3281 783 3343 facta
828 3295 893 3343 et
937 3302 1237 3344 excessus
1299 3297 1509 3345 uester
1570 3296 1725 3344 tunc
1785 3285 1848 3345 in
1911 3283 2031 3345 hac
2090 3294 2272 3363 parte
2336 3302 2468 3344 non
2528 3286 2738 3362 potuit
2784 3284 3058 3362 reperiri,
3104 3280 3323 3361 quoad

612 3394 773 3456 tales
817 3396 1164 3457 mittendas
1208 3396 1444 3458 litteras
1488 3396 1837 3476 procedere
1882 3396 2214 3458 deberetis
2267 3396 2508 3459 Uerum
2539 3407 2784 3458 tamem
2815 3396 3176 3457 audiuimus
3198 3413 3325 3475 que

612 3506 865 3570 dixistis
911 3519 974 3570 et
1020 3527 1168 3570 cum
1217 3509 1301 3569 ad
1345 3512 1714 3571 instantiam
1760 3521 2116 3571 uestrorum
2165 3510 2398 3571 ciuium
2449 3518 2876 3570 mercatorum
2923 3508 3006 3569 ad
3037 3518 3323 3569 nostram

610 3624 1003 3696 presentiam
1053 3624 1446 3683 uenientium
1494 3623 2040 3698 ambaxatoribuS,
2071 3642 2236 3703 quos
2266 3642 2384 3702 pro
2416 3622 2716 3702 parendis
2745 3621 3066 3683 mandatis
3097 3624 3332 3683 nostris

610 3736 916 3796 omnibus
978 3738 1227 3797 mittere
1274 3734 1614 3810 uolueritiS,
1674 3738 2078 3797 securitatem
2125 3755 2240 3815 per
2285 3735 2440 3797 alias
2485 3745 2733 3797 nostras
2802 3734 3040 3797 litteras
3085 3737 3330 3814 impen-

612 3843 847 3908 damus
892 3849 957 3908 in
1003 3867 1227 3909 eorum
1274 3848 1576 3923 aduentu,
1622 3850 1668 3909 si
1720 3852 2028 3924 uenerint,
2072 3867 2200 3930 que
2244 3868 2363 3928 pro
2410 3858 2590 3909 tanta
2635 3847 2993 3909 ofsensione
3038 3847 3332 3908 facienda

612 3954 863 4035 fuerint,
924 3959 1174 4020 faciant.
1242 3959 1309 4023 Si
1355 3972 1572 4022 autem
1636 3980 1766 4023 non
1813 3964 2122 4038 uenerint,
2167 3962 2386 4023 habito
2431 3962 2494 4023 in
2540 3970 2890 4041 conspectu
2935 3960 3020 4021 ad
3066 3980 3160 4036 ea,
3203 3980 3332 4041 que

614 4088 731 4149 per
774 4092 892 4134 uos
938 4075 1002 4133 in
1049 4081 1294 4134 tantam
1343 4084 1626 4136 nostram
1674 4076 1964 4135 iniuriam
1997 4074 2163 4138 facta
2195 4077 2438 4137 suntin
2471 4074 2639 4137 facto
2687 4076 2824 4148 istc,
2869 4076 3032 4137 sicut
3078 4083 3326 4139 tantum

618 4188 875 4264 requirit
916 4203 1221 4247 excessus
1266 4196 1329 4247 et
1376 4188 1561 4248 nobis
1607 4207 1683 4248 ac
1729 4188 1995 4249 consilio
2043 4200 2280 4261 nostr0,
2329 4188 2548 4248 debite
2594 4187 3039 4267 procedemus,
3086 4186 3330 4249 Datum

617 4299 682 4357 in
716 4309 935 4359 nostro
970 4298 1189 4360 ducali.
1211 4299 1469 4377 palati0,
1498 4300 1603 4361 die
1634 4301 1979 4362 undecimo
2027 4310 2307 4361 exeunte
2355 4300 2711 4373 nouembri,
2757 4300 3108 4363 indictione
3139 4318 3334 4361 nona.

801 4516 1101 4589 Ortginal
1140 4537 1180 4573 u
1227 4502 1675 4575 dubro'vaffkom
1724 4517 1968 4575 arkivu.
2017 4517 2246 4575 Zbirka
2295 4538 2458 4576 saec.
2505 4518 2688 4575 XIII.
