3797 5795
1747 380 2161 443 —272--

597 583 931 652 oportuna,
994 576 1524 652 quotiescumque
1585 571 1937 632 secundum
2004 572 2199 632 deum
2260 572 2376 633 tibi
2426 572 2758 646 uidebitur,
2804 572 3027 633 fratres
3072 570 3163 631 tui
3210 588 3315 629 or-

597 686 762 747 dinis
806 696 938 746 tam
986 705 1101 765 per
1148 695 1211 745 te
1257 704 1452 763 quam
1515 683 1690 757 alios,
1735 684 1969 763 quibus
2014 685 2079 744 id
2128 684 2389 745 duxeris
2456 683 2993 745 committendum
3041 683 3125 744 ad
3170 701 3313 743 mo·

601 800 870 859 nasteria
917 798 1068 858 dicti
1115 797 1354 858 ordinis
1399 808 1508 857 tue
1553 798 1870 875 prouintie
1917 797 2001 857 ad
2046 816 2123 857 ea
2168 797 2407 858 scilicet
2474 798 2633 871 loca,
2678 798 2762 858 ad
2810 815 2936 875 que
2982 796 3118 857 aliis
3160 794 3313 857 licet

600 911 924 983 accedere,
986 910 1182 971 libere
1245 909 1460 971 ualeas
1520 910 1853 970 destinare.
1916 910 2019 971 Tu
2080 920 2317 984 autem,
2378 927 2525 971 cum
2586 912 2647 969 in
2714 912 2865 989 ipsis
2909 908 3316 969 monasteriis

603 1023 923 1085 celebrare
967 1023 1242 1084 uolueris
1288 1022 1391 1083 uel
1436 1041 1797 1101 proponere
1843 1022 2168 1083 sororibus
2214 1022 2482 1083 uerbum
2528 1022 2650 1097 dei,
2694 1024 2887 1083 etiam
2934 1022 3096 1082 intra
3140 1020 3312 1081 clau-

603 1155 817 1197 suram
889 1136 1244 1197 eorundem
1313 1137 1847 1196 monasteriorum
1919 1137 2327 1196 intrinsecam
2394 1153 2543 1196 cum
2619 1135 2873 1196 duobus
2938 1134 3043 1195 uel
3110 1134 3312 1193 tribus

603 1249 899 1309 fratribus
944 1250 1035 1309 tui
1080 1248 1320 1307 ordinis
1367 1246 1448 1307 de
1495 1258 1710 1308 nostra
1755 1248 1867 1308 tibi
1916 1248 2103 1309 liceat
2148 1248 2401 1327 speciali
2453 1248 2706 1309 licentia
2752 1249 3009 1309 introire
3055 1256 3119 1307 et
3150 1248 3315 1307 intra

605 1362 882 1422 eandem
945 1360 1301 1421 clausuram
1365 1370 1498 1421 tam
1546 1379 1659 1439 per
1704 1370 1768 1421 te
1813 1380 2011 1440 quam
2071 1360 2247 1435 alios,
2294 1361 2523 1439 quibus
2585 1361 2650 1422 id
2709 1360 2966 1421 duxeris
3020 1360 3317 1420 commit-

607 1475 894 1549 tendum,
937 1492 1056 1552 pro
1125 1472 1243 1534 illis
1311 1472 1649 1534 dumtaxat
1718 1474 2199 1535 necessitatibus
2262 1484 2327 1534 et
2387 1492 2467 1533 eo
2516 1473 2734 1548 mod0,
2794 1492 2913 1552 pro
2974 1473 3206 1551 quibus
3248 1480 3317 1532 et

607 1587 964 1648 secundum
1012 1605 1204 1665 quem
1250 1605 1367 1665 per
1411 1587 1760 1647 earundem
1807 1606 2101 1647 sororum
2147 1587 2431 1672 regulam
2477 1587 2877 1665 permittitur,
2925 1584 3102 1663 quod
3146 1583 3309 1645 alios

607 1700 1019 1760 introducant
1081 1700 1333 1760 mittere
1393 1700 1616 1759 fratres
1675 1700 1894 1778 possis,
1942 1699 2225 1760 Demum
2271 1710 2341 1760 ut
2389 1701 2453 1759 in
2498 1718 2596 1773 e0,
2643 1698 2822 1777 quod
2866 1716 2977 1759 cor
3024 1708 3317 1758 nostrum

605 1812 964 1891 specialiter
1023 1813 1227 1893 tangit
1273 1822 1336 1872 et
1382 1814 1559 1893 angit
1619 1812 1892 1872 breuiter
1953 1811 2427 1873 concludamus.
2488 1810 2932 1874 Sinceritatem
2979 1820 3158 1871 tuam
3204 1829 3321 1870 ex-

607 1943 868 1985 oramus
913 1927 974 1983 in
1024 1923 1292 1984 domino
1361 1926 1770 1985 obsecrantes
1829 1944 1945 2003 per
2003 1926 2438 2004 aspersionem
2498 1925 2822 2006 sanguinis
2876 1923 3024 2004 Jesu
3072 1921 3325 1995 Christi,

606 2039 908 2116 quatinus
954 2039 1118 2097 circa
1165 2036 1626 2097 exhibitionem
1675 2037 2243 2098 ecclesiasticorum
2291 2046 2856 2109 sacramentorum,
2911 2054 3031 2099 nec
3078 2052 3207 2095 non
3254 2045 3321 2095 et

606 2149 894 2223 aliarum,
939 2168 1067 2229 que
1128 2149 1518 2228 spiritualem
1579 2150 2089 2211 consolationem
2150 2151 2463 2211 dictarum
2524 2166 2815 2210 sororum
2872 2150 3183 2227 respicere
3228 2146 3323 2207 di-

607 2274 962 2323 noscuntur
1021 2281 1136 2341 per
1180 2274 1244 2323 te
1290 2281 1366 2322 ac
1413 2262 1634 2323 fratres
1691 2275 1856 2336 tu05‚
1918 2266 2009 2323 sic
2052 2272 2425 2342 promptum
2472 2273 2537 2323 te
2582 2260 2851 2323 reddere
2911 2260 3185 2333 studeaS,
3230 2261 3323 2318 sic

607 2373 952 2434 sollicitum
985 2383 1049 2434 et
1080 2386 1414 2447 attentum,
1461 2378 1608 2455 quia
1654 2376 1884 2436 eedem
1932 2395 2183 2437 sorores
2214 2378 2277 2435 in
2311 2376 2631 2455 premissis
2677 2374 3001 2435 defectum
3054 2374 3317 2433 minime

611 2488 936 2565 patiantur
975 2489 1365 2548 conscientia
1398 2497 1528 2547 tam
1563 2499 1779 2549 nostra
1813 2507 2006 2566 quam
2040 2500 2169 2562 tua,
2200 2488 2473 2566 proinde
2504 2490 2705 2548 uitato
2724 2486 3052 2558 consistat,
3080 2485 3327 2563 tibique

611 2617 690 2657 ac
736 2599 1032 2659 fratribus
1098 2602 1222 2660 tuis
1266 2621 1304 2660 a
1350 2600 1476 2661 deo
1546 2600 1844 2663 meritum
1910 2600 2089 2663 reddi
2158 2602 2375 2680 possit,
2422 2618 2671 2679 nosque
2740 2617 2868 2660 una
2927 2616 3077 2659 cum
3138 2596 3327 2657 dictis

611 2711 939 2771 sororibus
985 2722 1114 2771 tam
1164 2712 1295 2787 tibi,
1339 2732 1536 2792 quam
1582 2714 1824 2774 eisdem
1885 2713 2179 2774 fratribus
2224 2714 2491 2774 obnoxii
2538 2724 2887 2774 teneamur.
2934 2710 3103 2771 Data
3149 2708 3325 2788 apud

615 2820 868 2883 Vrbem
915 2833 1219 2899 ueterem,
1282 2836 1510 2904 quarto
1571 2825 1712 2886 idus
1759 2824 2133 2899 decembriS,
2180 2844 2353 2887 anno
2401 2825 2647 2886 domini
2695 2822 3031 2884 millesimo
3090 2822 3330 2883 ducen-

614 2938 848 2996 tesimo
910 2940 1316 3018 sexagesimo
1377 2939 1582 3013 terti0‚
1628 2938 2037 3018 pontificatus
2098 2939 2342 3000 domini
2390 2939 2639 3001 Vrbani
2686 2955 2855 3016 pape
2900 2937 3109 3016 quarti
3154 2952 3331 2995 anno

614 3051 824 3108 terti0‚

806 3226 1107 3300 Original
1148 3246 1188 3283 u
1225 3226 1728 3301 gubernq's'alnom
1775 3227 1999 3285 arkivu
2055 3249 2095 3286 u
2142 3229 2375 3300 Zadru,
2426 3227 2566 3284 odio
2597 3234 2959 3283 samostana
2990 3243 3077 3280 sv.
3113 3221 3344 3280 Nikole

617 3329 681 3385 br
701 3373 712 3382 .
771 3331 869 3385 39.

1895 3709 2089 3790 769.

630 3883 832 3960 1263,
883 3883 985 3946 13.
1034 3879 1442 3947 decembra.
1491 3887 1540 3950 U
1597 3881 2057 3948 Cittavechii.

637 4073 1006 4136 Kardt'nal
1069 4073 1241 4136 Ivan
1313 4073 1469 4157 daje
1526 4071 2019 4136 samostam'ma
2096 4073 2261 4136 reda
2337 4093 2431 4135 sv.
2504 4073 2719 4134 Klare
2782 4071 3094 4156 naputak
3144 4070 3351 4156 glede

778 4183 1168 4262 redovm'ka,
1219 4185 1371 4268 kojz'
1410 4191 1478 4248 έε
1522 4184 1854 4267 obavljatz'
1893 4185 2027 4247 koa'
2070 4183 2429 4248 koludrica
2476 4181 2919 4246 duhovm‘ffku
2966 4183 3222 4246 sluibw

811 4403 1135 4484 Johannes
1183 4406 1586 4465 miseratione
1647 4403 1863 4465 diuina
1932 4405 2136 4465 sancti
2200 4401 2449 4463 Nicolai
2500 4403 2564 4462 in
2610 4419 2865 4463 carcere
2910 4401 3209 4464 Tulliano
3256 4402 3353 4463 di-

643 4535 884 4578 aconus
943 4517 1279 4578 cardinalis
1335 4517 1580 4577 dilectis
1639 4519 1704 4576 in
1749 4513 2001 4578 Christo
2062 4515 2318 4578 filiabus
2378 4515 2685 4575 vniuersis
2744 4515 3083 4575 abbatissis
3142 4525 3207 4575 et
3253 4533 3357 4574 so-

645 4630 890 4691 roribus
957 4630 1196 4691 ordinis
1263 4641 1481 4690 sancte
1559 4627 1742 4692 Clare
1818 4630 1979 4708 infra
2053 4629 2629 4690 administrationis
2702 4626 3045 4690 Sclauonie
3120 4628 3355 4689 limites

646 4746 1001 4805 constitutis
1047 4745 1111 4802 in
1157 4743 1373 4805 salutis
1433 4751 1690 4803 auctore
1751 4740 2043 4803 salutem.
2110 4741 2213 4802 Ex
2274 4740 2643 4802 deuotionis
2702 4741 2955 4816 assectu,
3004 4759 3135 4820 quo
3180 4739 3359 4801 almo

649 4852 876 4918 Christi
937 4855 1284 4917 consessori
1344 4865 1568 4916 sancto
1632 4853 1686 4915 F
1687 4857 1993 4930 ranciscO,
2040 4854 2285 4916 ordinis
2346 4857 2538 4915 uestri
2602 4865 2897 4935 patrono,
2945 4871 3140 4932 quam
3209 4871 3361 4932 pos—

647 4985 865 5030 sumus
925 4972 1174 5030 sincero
1233 4968 1430 5030 corde
1497 4968 1919 5028 reuerentiam
1989 4967 2373 5030 exhibemus
2436 4980 2503 5028 et
2564 4969 2823 5030 beatam
2895 4966 3168 5042 Claram,
3228 4968 3369 5027 eius

650 5083 980 5158 quondam
1028 5082 1404 5161 discipulam
1443 5092 1508 5141 et
1542 5097 1714 5141 nunc
1759 5081 1822 5140 in
1869 5099 2148 5160 superno
2196 5099 2397 5161 regno
2442 5080 2781 5164 collegam,
2828 5082 3005 5142 cuius
3054 5080 3373 5153 notitiam,
