3797 5795
1461 424 1539 431 --
1604 387 1687 451 89
1748 424 1827 430 „-

328 580 449 641 vice
488 577 629 637 dicti
676 579 1041 639 communis
1084 588 1149 639 et
1211 597 1329 657 pro
1394 580 1533 658 ipso
1580 581 1909 639 communi
1969 598 2087 658 pro
2147 578 2527 657 specialibus
2587 582 2874 658 personis
2917 580 3002 641 de

328 689 581 753 Ancona
626 690 893 751 domino
939 691 1141 753 Pasco
1186 690 1529 752 Varicasso
1592 692 1833 764 nunti0‚
1877 692 2290 771 procuratori,
2335 692 2582 753 sindico
2643 702 2709 753 et
2751 692 3002 754 ambas-

320 806 523 865 ciatori
583 806 944 865 communis
1004 803 1234 885 Jadere
1301 822 1419 885 pro
1480 805 1620 883 ipso
1666 806 1992 865 communi
2048 803 2375 885 Jadertino
2437 808 2760 886 recipienti
2823 811 2996 887 quie-

322 917 459 977 tavit
486 926 547 976 et
579 918 967 977 renunciavit
997 927 1192 997 atque
1221 914 1564 999 resutav(it)
1598 936 1792 977 omne
1813 915 2280 999 tholoneum(!)‚
2309 916 2554 979 datium
2588 930 2652 979 et
2684 919 2990 990 debitum,

318 1048 558 1089 omnem
605 1031 897 1089 iniuriam
944 1040 1008 1090 et
1052 1029 1417 1090 rubbariam
1482 1040 1547 1089 et
1607 1029 1912 1109 quicquid
1972 1033 2122 1108 peti,
2181 1029 2302 1090 dici
2365 1042 2428 1091 et
2491 1034 2732 1092 moveri
2777 1044 2992 1111 posset

314 1160 497 1221 usque
542 1144 602 1203 in
650 1142 984 1203 odiernum
1032 1142 1204 1204 diem
1250 1144 1577 1203 communi
1626 1152 1956 1203 et·contra
2003 1161 2350 1204 commune
2389 1143 2618 1223 Jadere
2663 1162 2778 1223 per
2816 1162 2992 1205 com-

320 1274 498 1316 mune
541 1258 672 1317 sive
719 1276 758 1316 a
804 1258 1127 1317 communi
1174 1256 1274 1316 vel
1320 1276 1357 1316 a
1404 1256 1658 1335 speciali
1704 1274 1980 1335 persona
2027 1256 2107 1316 de
2152 1254 2428 1317 Ancona
2476 1267 2541 1317 et
2572 1258 2762 1318 etiam
2811 1258 2992 1337 quid-

310 1367 447 1446 quid
490 1370 635 1429 iuris
680 1380 747 1430 et
808 1370 1072 1429 actionis
1134 1368 1421 1429 habuerit
1490 1381 1553 1429 ct
1625 1368 1815 1429 habet
1884 1368 2126 1429 dictum
2173 1387 2521 1430 commune
2583 1367 2860 1431 Ancone
2927 1382 2991 1431 et

308 1480 576 1560 specialis
644 1500 920 1561 persona
989 1481 1073 1542 de
1118 1482 1393 1543 Ancona
1446 1500 1647 1561 usque
1708 1481 1855 1542 odie
1916 1493 2138 1543 contra
2200 1481 2444 1543 dictum
2505 1501 2851 1543 commune
2889 1482 2990 1563 ja-

306 1594 441 1655 dere
506 1604 569 1655 et
634 1603 899 1673 pactum
968 1594 1113 1656 fecit
1176 1596 1231 1655 ei
1279 1594 1361 1655 de.
1409 1613 1535 1655 non
1586 1594 1843 1656 ulterius
1903 1594 2187 1673 petendo
2248 1595 2485 1673 aliquid
2549 1596 2631 1656 de
2690 1595 2990 1675 predictis

308 1724 413 1767 nec
454 1707 667 1782 aliquo
714 1707 1165 1786 predictorum.
1212 1707 1295 1768 Et
1344 1728 1380 1767 e
1427 1725 1735 1767 converso
1782 1707 1989 1768 dictus
2034 1708 2334 1769 dominus
2376 1710 2572 1769 Pasca
2618 1710 2879 1769 nomine
2923 1720 2988 1769 et

307 1820 427 1879 vice
472 1818 621 1880 dicti
684 1822 1049 1881 communis
1112 1820 1341 1901 Jadere
1386 1829 1448 1880 et
1496 1838 1614 1899 pro
1675 1823 1814 1899 ipso
1874 1823 2203 1883 communi
2267 1832 2330 1882 et
2391 1822 2644 1901 speciali
2716 1839 2988 1901 persona

306 1930 375 1991 de
437 1930 663 2012 Jadera
749 1932 960 2007 eidem
1032 1934 1299 1994 domino
1362 1932 1733 1994 Marcellino
1794 1953 1912 2012 pro
1974 1934 2262 2012 predicto
2324 1936 2650 1995 communi
2711 1933 2986 1996 Ancone

303 2046 603 2125 recipienti
654 2047 979 2125 quietavit,
1026 2048 1415 2107 renunciavit
1462 2056 1653 2123 atque
1699 2046 1992 2107 refutavit
2037 2064 2232 2107 omne
2278 2046 2672 2121 tholoneum,
2704 2048 2980 2109 dativam

302 2170 355 2219 et
397 2157 637 2220 datium
687 2172 749 2219 et
798 2179 1061 2221 omnem
1110 2161 1394 2220 iniuriam
1437 2172 1502 2221 et
1534 2161 1894 2222 rubbariam
1943 2169 2006 2220 et
2053 2159 2340 2221 debitum
2389 2170 2452 2220 et
2487 2160 2796 2239 quidquid
2843 2164 2970 2239 peti

301 2270 407 2331 dici
451 2283 513 2331 et
561 2274 810 2333 moueri
857 2274 1055 2351 possit
1101 2291 1303 2352 usque
1336 2273 1673 2335 odiernum
1704 2272 1876 2333 diem
1912 2274 2238 2333 communi
2276 2283 2338 2333 et
2379 2283 2603 2334 contra
2638 2292 2984 2333 commune

296 2381 551 2446 Ancone
606 2404 725 2464 per
771 2404 1117 2447 commune
1162 2388 1295 2446 siue
1337 2407 1375 2446 a
1419 2388 1747 2447 communi
1797 2384 1980 2462 (siue)
2041 2406 2080 2445 a
2130 2386 2382 2465 speciali
2445 2405 2718 2465 persona
2774 2385 2856 2446 de
2882 2384 2983 2465 Ja-

300 2496 453 2572 deta,
498 2500 693 2559 etiam
742 2498 1047 2577 quicquid
1093 2502 1239 2560 iuris
1285 2509 1346 2560 et
1393 2500 1661 2560 actionis
1722 2498 1941 2559 habuit
2001 2511 2065 2559 et
2111 2499 2302 2559 habet
2351 2500 2590 2560 dictum
2636 2518 2982 2560 commune

286 2607 496 2687 Jadere
542 2622 611 2672 et
656 2610 947 2691 specialis
990 2630 1263 2690 persona
1312 2610 1443 2693 d(e)
1484 2610 1712 2693 Jadeia
1754 2631 1956 2690 usque
2002 2612 2216 2693 odiefl)
2272 2624 2493 2672 contra
2532 2612 2772 2673 dictum
2805 2631 2981 2673 com-

292 2742 471 2784 mune
514 2722 809 2785 Ancone.
857 2724 943 2786 Et
987 2738 1243 2803 pactum
1316 2726 1463 2786 fecit
1525 2726 1607 2786 de
1671 2744 1801 2786 non
1864 2725 2122 2786 ulterius
2196 2725 2478 2805 petendo
2557 2722 2846 2807 (ali)quid
2924 2727 2976 2785 ei

290 2835 364 2896 de
426 2838 727 2917 predictis
789 2837 885 2897 vel
950 2838 1163 2914 aliquo
1240 2838 1690 2918 predictorum.
1768 2836 1914 2917 Que
1978 2839 2193 2899 omnia
2257 2848 2321 2900 et
2382 2838 2627 2919 singula
2689 2838 2976 2918 predicta

289 2950 427 3011 dicti
497 2952 723 3013 sindici
801 2950 1103 3030 stipulant
1180 2955 1443 3013 nomine
1520 2952 1835 3013 dictorum
1907 2953 2346 3012 communium
2424 2961 2486 3011 et
2557 2953 2979 3012 universitatis

287 3065 609 3126 cuiuslibet
670 3078 833 3126 terre
900 3075 965 3126 et
1030 3064 1399 3144 specialium
1466 3083 1884 3144 personarum
1949 3067 2272 3143 utriusque
2339 3075 2502 3125 terre
2547 3066 2976 3142 promiserunt

287 3195 389 3254 per
431 3197 497 3239 se
542 3197 824 3257 suosque
891 3196 1288 3239 successores
1355 3180 1514 3238 inter
1582 3197 1650 3237 se
1717 3177 1802 3238 ad
1870 3179 2139 3238 invicem
2209 3177 2548 3237 obseruare
2620 3189 2684 3237 et
2730 3179 2792 3237 in
2843 3177 2974 3237 ullo

287 3307 395 3350 nec
440 3291 659 3370 aliquo
705 3291 1137 3370 predictorum
1184 3301 1405 3351 contra
1454 3291 1661 3352 facere
1727 3291 1824 3351 vel
1893 3293 2104 3351 venire
2167 3293 2503 3350 occasione
2572 3289 2805 3368 aliquia
2867 3291 2986 3350 sub

284 3421 439 3481 pena
484 3403 659 3466 mille
718 3405 1017 3466 librarum
1080 3416 1455 3465 venetorum
1518 3403 1942 3484 parvulorum,
2009 3405 2454 3483 promittentes
2503 3417 2811 3483 tanquam
2859 3405 2981 3464 sin-

288 3515 398 3577 dici
446 3521 713 3579 nomine
782 3518 1098 3579 dictorum
1168 3519 1609 3578 communium
1672 3537 1739 3578 se
1801 3517 2078 3578 facturos
2145 3519 2229 3579 ita
2291 3528 2355 3578 et
2416 3528 2760 3590 curatur05‚
2808 3518 2984 3596 quod

288 3631 593 3709 speciales
658 3649 931 3710 persone
992 3629 1139 3692 hinc
1184 3631 1333 3691 inde
1396 3633 1613 3692 omnia
1659 3642 1722 3692 et
1768 3630 2015 3712 singula
2075 3630 2501 3691 observabunt
2570 3643 2634 3690 ct
2695 3629 2873 3708 quod
2921 3632 2982 3689 in

286 3743 451 3804 nullo
496 3747 983 3805 contravenient
1028 3744 1146 3804 sub
1195 3743 1367 3804 dicta
1412 3762 1597 3824 pena,
1644 3763 1771 3824 qua
1840 3742 2048 3803 soluta
2109 3745 2207 3804 vel
2271 3761 2401 3804 non
2466 3753 2607 3803 rato
2679 3752 2982 3803 manente

286 3867 633 3930 contractu,
707 3858 882 3918 salvo
960 3856 1138 3938 quod
1199 3859 1249 3917 si
1310 3856 1521 3936 aliqua
1591 3857 1883 3940 specialis
1939 3875 2211 3935 persona
2272 3856 2355 3916 de
2417 3855 2646 3935 Jadera
2720 3855 2982 3916 deberet

282 3969 517 4050 aliquid
566 3973 845 4050 recipere
890 3971 989 4032 vel
1036 3970 1271 4031 habere
1316 3970 1400 4029 ab
1446 3969 1654 4049 aliqua
1716 3987 1990 4048 persona
2051 3969 2134 4029 de
2193 3965 2484 4039 Ancona,
2536 3971 2734 4048 possit
2794 3988 2980 4030 suum

283 4083 369 4143 ius
417 4085 726 4163 consequi
795 4103 1011 4146 coram
1084 4080 1379 4168 [recitore
1424 4081 1715 4155 Ancone,
1762 4094 1824 4142 et
1871 4101 1907 4142 e
1954 4101 2280 4156 convers0,
2328 4084 2376 4143 si
2424 4083 2636 4160 aliqua
2684 4083 2974 4162 specialis

282 4213 551 4274 persona
600 4197 681 4258 de
726 4196 1001 4258 Ancona
1048 4197 1311 4258 deberet
1358 4196 1600 4276 aliquid
1650 4195 1885 4256 habere
1946 4195 2046 4256 vel
2092 4197 2373 4274 recipere
2434 4197 2516 4256 ab
2583 4195 2794 4275 aliqua
2839 4215 2980 4274 spe-

288 4309 417 4370 ciali
462 4310 743 4390 persona
788 4309 870 4371 de
910 4309 1159 4392 jadera,
1204 4311 1403 4388 possit
1448 4328 1631 4370 suum
1680 4311 1775 4370 ius
1837 4311 2144 4388 consequi
2207 4328 2425 4369 coram
2487 4319 2732 4370 rectore
2781 4305 2979 4391 [com-

284 4419 503 4504 munis}
564 4423 791 4503 Jadere
852 4423 1021 4484 dicta
1090 4423 1501 4502 quietatione,
1572 4433 1885 4502 quantum
1948 4425 2010 4482 in
2075 4422 2198 4482 hoc
2259 4422 2340 4482 de
2403 4420 2659 4500 speciali
2707 4422 2790 4483 ad
2837 4441 2979 4500 spe-

282 4535 497 4596 cialem
568 4555 699 4598 non
766 4536 1220 4615 preiudicante,
1292 4531 1425 4620 [ital
1495 4548 1730 4608 tamen,
1792 4535 1969 4612 quod
2039 4536 2132 4595 ius
2206 4534 2570 4614 specialium
2643 4535 2973 4594 hominum

283 4664 404 4708 non
473 4649 660 4709 faciat
736 4648 1151 4728 preiudicium
1226 4667 1435 4728 neque
1504 4648 1811 4708 damnum
1874 4646 2060 4708 alicui
2129 4648 2446 4708 dictorum
2518 4649 2974 4708 communium.

284 4756 513 4821 Actum
560 4763 620 4822 in
668 4781 921 4823 camera
968 4765 1328 4822 communis
1374 4759 1647 4822 Ancone
1694 4761 2132 4840 praesentibus
2182 4761 2448 4821 domino
2495 4761 2758 4822 Simone
2807 4759 2974 4821 Bon-

284 4871 478 4948 vialdi,
528 4873 869 4936 Leonardo
916 4894 1033 4936 suo
1080 4874 1287 4948 fratre,
1336 4873 1625 4936 Antonio
1672 4873 1857 4948 Roffi,
1905 4873 2119 4935 Vitale
2165 4873 2330 4934 Petri
2379 4873 2583 4947 Palee,
2643 4873 2792 4934 Zani
2842 4871 2974 4934 Do-

285 4986 483 5046 minici
516 4989 637 5048 aeti
668 4985 923 5070 pndi(?),
958 4987 1328 5049 Bonacausa
1364 4988 1611 5048 notario
1644 4988 1978 5066 potestatis
2009 4989 2386 5048 auctoritate
2419 4987 2685 5048 testibus
2715 4989 2972 5047 vocatis

447 5109 479 5172 (
481 5102 534 5158 S
530 5103 631 5176 {gn
638 5123 737 5160 nm
801 5101 1089 5178 notarii.)

3698 1854 3714 2047 —-—-*
3711 1734 3713 1827 -——
3711 1664 3713 1699 ..„
3711 1608 3713 1647 --
