3797 5795
1544 405 1956 467 -223—

385 598 730 659 deseruitis
773 610 835 657 et
880 596 1248 657 deuotionis
1309 605 1515 657 uestre
1578 597 1802 656 merita
1863 614 1983 656 nos
2044 594 2367 669 inducunt,
2413 605 2482 655 ut
2544 612 2661 654 uos
2723 593 2827 654 illa
2888 612 3104 672 prose-

383 729 672 785 quamur
698 711 910 793 gratia,
941 709 1120 788 quod
1152 710 1340 769 nobis
1370 719 1434 770 et
1467 711 1856 770 monasterio
1889 718 2103 769 uestro
2135 727 2273 768 esse
2307 708 2655 768 dinoscitur
2691 716 3101 786 oportunum.

385 822 572 887 Cum
617 826 836 904 itaque,
879 826 1042 884 sicut
1073 841 1159 883 ex
1189 833 1372 901 parte
1417 832 1627 882 uestra
1658 820 1776 882 suit
1804 822 2207 901 propositum
2253 838 2471 882 coram
2518 818 2721 893 nobis,
2766 819 3101 880 ecclesiam

385 950 676 999 uestram
721 956 842 1016 que
886 946 980 996 est
1029 936 1223 995 nimia
1269 946 1587 996 uetustate
1633 943 2025 1013 consumpta
2069 944 2133 995 et
2162 933 2317 994 alias
2366 932 2655 995 officinas
2685 933 2879 994 uobis
2911 950 3101 1011 opor-

383 1060 590 1112 tunas
635 1048 967 1111 intendatis
1011 1048 1308 1109 edificare
1338 1048 1422 1109 de
1453 1068 1627 1109 nouo
1659 1058 1724 1109 et
1757 1048 1872 1109 nisi
1904 1047 2225 1109 cellarium
2258 1058 2542 1108 uestrum
2574 1045 2808 1107 habeat
2841 1055 3096 1125 portam

381 1164 484 1223 de
517 1166 678 1234 sons
706 1182 817 1243 per
861 1180 1058 1239 quam
1089 1182 1189 1223 res
1221 1164 1570 1223 necessarie
1601 1161 1685 1221 ad
1715 1162 1911 1240 ipsius
1956 1161 2323 1221 monasterii
2370 1158 2617 1220 edificia
2663 1159 3098 1238 deportentur,

384 1278 680 1355 predicta
709 1275 957 1337 efficere
989 1276 1252 1336 minime
1283 1275 1566 1349 ualeatis,
1591 1294 1710 1335 nos
1739 1275 1965 1335 uestris
1995 1274 2291 1352 precibus
2322 1283 2679 1333 annuentes
2718 1272 3096 1332 auctoritate

383 1408 528 1467 qua
573 1390 883 1471 fungimur
927 1391 991 1449 in
1037 1388 1159 1449 hac
1205 1398 1402 1467 parte,
1448 1387 1634 1450 uobis
1678 1407 1792 1467 per
1835 1397 2165 1467 presentes
2232 1386 2471 1447 litteras
2518 1386 2821 1445 duximus
2867 1401 3095 1443 conce·
3170 1448 3193 1470 ·

385 1502 700 1575 dendum,
728 1512 794 1562 ut
826 1520 1027 1582 usque
1071 1502 1156 1562 ad
1201 1501 1532 1561 biennium
1577 1495 1953 1585 cel[larium]
2006 1502 2212 1579 ipsum
2246 1498 2328 1559 de
2360 1499 2512 1559 foris
2557 1508 2812 1577 portam
2860 1495 3094 1556 habeat

383 1626 830 1688 memoratam,
875 1618 926 1675 si
973 1615 1134 1675 infra
1194 1616 1387 1693 ipsius
1449 1615 1813 1674 monasterii
1879 1612 2223 1673 claustrum
2288 1610 2418 1672 fieri
2482 1629 2615 1671 non
2682 1619 2896 1688 potest
2942 1626 3093 1668 con-

379 1740 702 1809 gruenter.
769 1726 1012 1789 Datum
1058 1727 1326 1789 Viterbii
1373 1726 1482 1787 XI.
1531 1725 1842 1787 kalendas
1888 1743 2058 1803 may,
2103 1724 2511 1803 pontificatus
2560 1722 2803 1783 domini
2847 1720 3093 1782 Vrbani

381 1862 564 1921 pape
607 1840 733 1901 IIlI.
779 1859 953 1901 anno
1007 1843 1234 1919 primo,

580 2034 867 2108 Original
907 2053 948 2089 u
985 2032 1246 2108 gubern.
1311 2031 1537 2089 arktvu
1594 2052 1634 2088 u
1681 2034 1915 2100 Zadru‚
1978 2032 2116 2088 odio
2177 2038 2536 2088 samostana
2596 2048 2682 2086 sv.
2728 2026 2955 2085 Nikole
3000 2026 3085 2083 br.

385 2142 503 2193 32.
551 2170 622 2180 —
667 2139 900 2194 Pedata
945 2158 1147 2205 nemu,
1195 2135 1413 2194 listina
1452 2141 1704 2211 pone-§¹1⁴0
1751 2156 1833 2192 na
1882 2137 2131 2193 desnom
2182 2134 2339 2192 rubu
2385 2134 2704 2208 okrnjena.

1648 2461 1838 2540 728.

387 2640 602 2719 1262,
638 2641 734 2704 21.
783 2640 1044 2723 aprile..
1091 2638 1151 2703 U
1194 2637 1492 2704 viterbi.

383 2829 696 2914 Stjepan,
759 2829 998 2914 bz'sleup
1065 2827 1562 2904 Prenestz'nskz‚
1616 2826 2025 2911 dozvoljava‚
2092 2824 2181 2886 da
2228 2823 2443 2908 smz'ju
2489 2829 2601 2885 αέι
2649 2845 2696 2885 u
2742 2827 3087 2885 samostan

771 2965 866 3006 sv.
916 2941 1172 3004 Nikole
1217 2941 1348 3004 dva
1389 2946 1562 3026 puta
1609 2962 1703 3002 na
1742 2938 2015 3025 godz'nu
2064 2936 2347 3021 lz'jec'm'k
2392 2935 2426 2999 ι’
2465 2935 2695 3020 brz‘jac'.

573 3135 922 3214 Stephanus
963 3135 1369 3196 miseratione
1413 3133 1627 3193 diuina
1668 3135 2011 3211 episcopus
2045 3132 2447 3192 Penestrinus
2481 3129 2725 3190 dilectis
2748 3131 2812 3189 in
2838 3125 3089 3191 Christo

381 3249 639 3310 filiabus
683 3295 935 3307 .....
983 3248 1303 3308 abbatisse
1348 3257 1409 3307 et
1457 3247 1802 3306 conuentui
1872 3245 2245 3305 monialium
2292 3243 2674 3304 inclusarum
2725 3241 3085 3302 monasterii

377 3364 594 3424 sancti
626 3361 864 3422 Nicolai
902 3360 1140 3422 ordinis
1172 3361 1371 3422 sancti
1403 3358 1722 3430 Damiani‚
1767 3357 2040 3418 salutem
2090 3367 2155 3418 et
2188 3356 2705 3417 benedictionem
2737 3365 3087 3434 paternam·

383 3475 765 3536 Deuotionis
825 3483 1035 3534 uestre
1094 3473 1388 3551 precibus
1449 3483 1807 3533 annuentes
1853 3471 2229 3532 auctoritate
2278 3488 2403 3549 qua
2464 3468 2785 3551 fungimur
2844 3469 2907 3528 in
2969 3466 3089 3528 hac

389 3597 596 3668 parte,
637 3587 974 3666 uobisper
1018 3596 1344 3666 presentes
1391 3586 1628 3646 litteras
1674 3583 1979 3645 duximus
2042 3582 2554 3656 concedendum,
2598 3592 2669 3643 ut
2714 3582 3089 3641 necessitate

377 3711 659 3782 cogente
715 3719 830 3779 pro
892 3710 1184 3778 tempore
1245 3698 1328 3759 ad
1391 3699 1798 3759 uocationem
1861 3707 2141 3757 uestram
2207 3694 2494 3756 medicus
2539 3694 2967 3776 egritudinum
3012 3711 3088 3754 ac

380 3813 666 3874 minutor
721 3813 1044 3895 sanguinis
1088 3811 1185 3872 bis
1229 3813 1294 3871 in
1339 3829 1512 3872 anno
1577 3813 1738 3871 intra
1800 3811 1992 3870 uestri
2059 3810 2426 3869 monasterii
2488 3809 2831 3869 claustrum
2895 3807 3087 3867 libere

383 3926 642 3987 ualeant
699 3929 970 4001 introire,
1017 3925 1170 3986 dum
1240 3925 1440 3985 modo
1502 3925 1741 3986 ibidem
1806 3924 2070 4003 predicti
2140 3923 2427 3982 medicus
2486 3930 2550 3983 et
2613 3923 2893 3980 minutor
2956 3939 3085 3980 non

375 4039 761 4101 contrahant
824 4041 1084 4121 longam
1148 4057 1414 4099 moram.
1483 4037 1725 4100 Datum
1790 4037 2059 4099 Viterbii
2123 4036 2229 4097 XI.
2280 4034 2589 4096 kalendas
2653 4053 2820 4111 may,
2878 4035 3089 4112 ponti-

381 4151 615 4212 ficatus
656 4153 894 4215 domini
941 4152 1188 4213 Vrbani
1235 4171 1404 4231 pape
1453 4151 1586 4211 1111.
1635 4170 1808 4212 anno
1857 4151 2084 4229 primo.

580 4371 862 4447 Original
902 4392 942 4430 u
979 4371 1242 4447 gubern.
1309 4368 1535 4429 arkz'vu
1583 4391 1622 4427 u
1670 4371 1901 4438 Zadru,
1966 4369 2106 4425 odio
2168 4375 2534 4424 samos-tana
2588 4384 2676 4422 sv-
2724 4363 2952 4421 Nikole
2996 4364 3083 4419 br.

387 4476 497 4527 31.
543 4507 616 4516 —
657 4477 880 4534 Pelata
929 4496 1128 4534 nema.
