3797 5795
1849 373 1931 380 -
1992 335 2213 400 28--

679 528 848 588 silua
897 529 1142 588 venitur
1185 529 1269 588 ad
1314 527 1608 588 arborem
1656 527 1887 601 klenfa‚
1933 528 2053 588 sub
2098 547 2225 608 qua
2270 537 2367 588 est
2418 537 2589 589 meta
2632 537 2851 601 terrea,
2884 525 3033 588 inde
3063 525 3146 587 ad
3190 541 3381 606 caput

685 642 867 702 unius
915 640 1109 714 uallis
1155 641 1260 701 ubi
1307 650 1452 700 sunt
1497 653 1624 700 tres
1670 651 1856 714 mete,
1905 659 2173 719 quarum
2222 659 2345 702 una
2390 649 2486 701 est
2530 640 2805 702 filiorum
2856 639 3131 718 Berizlay
3178 642 3239 700 in
3288 660 3383 700 ar-

696 753 852 814 bore
899 752 1091 826 bikfa‚
1136 753 1330 814 altera
1375 752 1641 826 Teclisa,
1687 756 1878 814 tercia
1924 757 2127 828 castri,
2172 754 2323 814 inde
2368 753 2651 814 tenendo
2698 765 2937 814 metam
2983 772 3132 814 cum
3176 765 3383 814 castro

692 866 870 927 uadit
917 867 1000 927 ad
1066 883 1368 947 magnam
1429 867 1724 928 arborem
1786 867 1987 949 tulgfa
2046 886 2233 928 cruce
2292 869 2625 948 signatam,
2670 866 2775 927 ubi
2822 879 2919 927 est
2966 879 3136 928 meta
3182 877 3382 927 terrea

697 980 816 1039 sub
861 979 1088 1039 arbore
1133 980 1438 1061 gertanfa.
1485 980 1632 1040 inde
1679 978 2018 1040 reflectitur
2062 991 2127 1041 et
2170 980 2347 1040 uadit
2406 980 2489 1040 ad
2551 990 2742 1059 caput
2804 981 2989 1040 unius
3050 979 3226 1040 uallis
3272 998 3381 1039 no-

689 1096 860 1152 mine
919 1091 1129 1154 Scuha
1178 1092 1302 1161 dol,
1349 1093 1456 1153 ubi
1505 1106 1600 1153 est
1660 1103 1832 1153 meta
1879 1104 2099 1163 terrea,
2144 1093 2294 1153 inde
2339 1092 2740 1154 descendens
2786 1093 2955 1153 cadit
3000 1095 3061 1152 in
3110 1093 3377 1153 riuulum

680 1205 972 1286 Jaurowa
1037 1216 1099 1265 et
1146 1225 1258 1283 per
1303 1206 1472 1266 illam
1522 1205 1696 1266 uadit
1742 1209 2045 1284 superiuS,
2091 1207 2223 1266 exit
2269 1205 2353 1265 ad
2398 1208 2571 1267 uiam
2606 1207 2667 1265 in
2702 1215 2875 1266 meta
2921 1217 3122 1266 terrea
3170 1205 3381 1284 ibique

683 1328 1010 1397 separatur
1054 1338 1090 1377 a
1137 1329 1360 1390 castr0‚
1407 1321 1622 1398 incipit
1668 1330 1884 1380 tenere
1930 1329 2169 1380 metam
2218 1337 2365 1379 cum
2414 1317 2647 1383 Coletk
2692 1330 2757 1379 et
2802 1337 2917 1397 per
2962 1321 3165 1397 ipsam
3213 1321 3377 1378 uiam

686 1431 902 1492 eundo
948 1450 1166 1492 uersus
1221 1433 1531 1492 orientem
1577 1451 1690 1510 per
1738 1443 1942 1493 metas
2009 1442 2245 1493 terreas
2289 1432 2460 1493 cadit
2505 1435 2569 1492 in
2618 1432 2889 1492 riuulum
2936 1432 3227 1511 Zuoytin,
3271 1433 3375 1492 ubi

687 1556 783 1605 est
831 1554 1002 1605 meta
1065 1556 1284 1618 terrea,
1347 1557 1410 1606 et
1456 1545 1604 1606 inde
1668 1546 1844 1606 uadit
1906 1547 2193 1625 superius
2238 1548 2413 1606 iuxta
2459 1546 2727 1606 domum
2778 1543 3009 1608 Coletk
3054 1563 3255 1623 usque
3298 1544 3379 1604 ad

687 1659 918 1727 locum,
983 1659 1086 1718 ubi
1153 1661 1285 1719 exit
1353 1658 1434 1718 ad
1490 1669 1730 1718 metam
1801 1667 2090 1730 terream,
2136 1658 2285 1718 inde
2329 1658 2505 1718 uadit
2552 1658 2635 1718 ad
2681 1658 2976 1718 arborem
3041 1657 3214 1718 hassa
3262 1657 3380 1718 sub

689 1791 812 1849 qua
859 1784 952 1831 est
1001 1783 1168 1832 meta
1216 1783 1434 1844 terrea,
1489 1771 1636 1832 inde
1705 1771 1944 1832 directe
2010 1771 2093 1832 ad
2160 1773 2350 1832 aliam
2418 1772 2711 1832 arborem
2760 1771 3045 1852 gertanfa
3091 1772 3210 1830 sub
3256 1789 3381 1849 qua

691 1897 786 1944 est
831 1897 1002 1944 meta
1050 1894 1269 1945 terrea.
1316 1882 1577 1945 Abhinc
1639 1904 1752 1963 per
1813 1885 2068 1944 frutices
2128 1895 2190 1945 et
2251 1885 2511 1945 arbores
2556 1903 2742 1945 cruce
2787 1887 3032 1966 signata
3080 1883 3253 1944 uadit
3298 1883 3381 1942 ad

691 2008 881 2076 caput
929 1998 1192 2076 predicti
1256 1997 1430 2057 riuuli
1507 1996 1794 2075 Zuouyn,
1857 1998 1963 2057 ubi
2036 2010 2131 2057 est
2197 2007 2371 2058 meta
2432 2001 2493 2058 in
2564 1998 2791 2057 arbore
2844 1996 3036 2067 scilsa,
3082 1996 3231 2056 inde
3274 2015 3384 2074 per

689 2111 912 2171 siluam
959 2110 1136 2170 uadit
1182 2109 1264 2169 ad
1311 2121 1438 2170 tres
1485 2123 1687 2171 metas
1734 2110 2085 2191 angulare5‚
2140 2129 2405 2188 quarum
2454 2129 2581 2170 una
2627 2121 2723 2170 est
2769 2110 3039 2170 filiorum
3086 2108 3385 2185 Berizlay,

687 2223 882 2284 altera
931 2221 1180 2296 Coletk,
1227 2225 1416 2282 tercia
1462 2222 1770 2301 Stephani
1834 2233 1897 2284 et
1964 2221 2239 2300 Lopatk‚
2286 2223 2435 2282 inde
2481 2242 2596 2301 per
2640 2223 2922 2283 medium
2972 2223 3128 2282 silue
3174 2222 3385 2282 eundo

689 2339 750 2396 in
799 2337 1131 2396 arboribus
1177 2354 1362 2396 cruce
1409 2337 1668 2417 signatis
1713 2347 1776 2395 et
1823 2338 2009 2396 metis
2076 2337 2441 2414 peruenitur
2486 2335 2567 2395 ad
2616 2347 2806 2414 caput
2856 2335 3125 2408 Blanice,
3172 2334 3384 2413 ibique

689 2459 835 2508 sunt
879 2449 1005 2509 due
1053 2461 1240 2522 mete,
1285 2467 1554 2528 quarum
1603 2467 1726 2508 una
1773 2459 1868 2509 est
1918 2447 2186 2509 filiorum
2234 2448 2530 2526 Berizlay‚
2577 2449 2777 2509 altera
2808 2448 3113 2528 Stephani
3162 2459 3225 2508 et
3270 2467 3385 2526 per

689 2561 859 2621 illam
907 2562 1188 2622 tenendo
1235 2572 1471 2622 metam
1522 2579 1666 2622 cum
1717 2560 1981 2643 Ciglana
2028 2562 2427 2623 descendens
2474 2581 2674 2641 usque
2718 2562 2802 2622 ad
2848 2563 3143 2621 arborem
3190 2558 3384 2634 biksa,

689 2677 806 2733 sub
854 2693 980 2754 qua
1025 2688 1120 2734 est
1167 2687 1336 2736 meta
1383 2685 1602 2750 terrea,
1646 2677 1862 2754 ibique
1892 2679 2113 2738 transit
2139 2676 2507 2737 Blanicham
2531 2675 2615 2736 ad
2642 2694 2835 2736 unam
2882 2675 3113 2735 uallem
3162 2685 3224 2734 et
3269 2693 3383 2753 per

690 2806 832 2847 eam
881 2787 1057 2847 uadit
1102 2788 1183 2848 ad
1231 2788 1390 2848 duas
1438 2799 1640 2848 metas
1709 2792 1769 2848 in
1841 2792 2007 2850 viam
2073 2807 2341 2868 quarum
2410 2807 2536 2849 una
2604 2799 2698 2849 est
2766 2787 3037 2848 filiorum
3088 2786 3385 2864 Berizlay‚

689 2902 882 2961 altera
948 2902 1251 2981 Stephani
1301 2915 1362 2962 et
1411 2903 1627 2963 relicto
1675 2904 2010 2982 Stephano
2070 2904 2245 2963 uadit
2311 2905 2485 2963 iuxta
2541 2913 2770 2963 terram
2812 2900 3053 2965 Colctk
3098 2902 3179 2960 ad
3227 2899 3386 2961 duas

691 3025 894 3074 metas
925 3025 1178 3088 terreas,
1209 3035 1476 3095 quarum
1513 3034 1638 3076 una
1669 3029 1763 3076 est
1796 3015 2068 3077 filiorum
2102 3016 2399 3094 Berizlay‚
2444 3016 2639 3076 altera
2680 3012 2929 3087 Coletk,
2974 3014 3123 3074 inde
3170 3014 3383 3073 eundo

691 3148 725 3187 e.
732 3176 1070 3187 ........
1133 3140 1196 3187 et
1243 3129 1512 3189 riuulum
1563 3126 1943 3191 Chernalika
1990 3143 2052 3189 et
2098 3148 2211 3208 per
2257 3148 2399 3189 eam
2448 3129 2847 3189 descendens
2891 3129 3257 3206 peruenitur
3302 3126 3384 3186 ad

686 3242 960 3317 priorem
1014 3251 1271 3310 metam,
1335 3242 1438 3301 ubi
1511 3242 1623 3302 fuit
1693 3245 1946 3321 incepta
2018 3243 2231 3320 ibique
2300 3244 2687 3302 terminatur.
2758 3242 2917 3302 Item
2964 3244 3169 3320 prima
3214 3250 3385 3300 meta

685 3354 938 3413 alterius
1007 3368 1169 3413 terre
1237 3355 1632 3427 eorumdem,
1695 3374 1820 3435 que
1890 3355 2121 3416 Ebrisk
2184 3367 2247 3415 et
2298 3354 2631 3416 Lezcbuch
2695 3365 2977 3427 uocatur,
3023 3356 3237 3432 incipit
3302 3354 3385 3414 ab

687 3466 1018 3527 occidente
1065 3470 1126 3527 in
1173 3465 1367 3527 fluuio
1414 3465 1610 3549 Garig
1657 3483 1720 3528 et
1767 3470 1898 3529 exit
1959 3469 2041 3528 ad
2104 3487 2296 3529 unam
2346 3468 2596 3540 uallem,
2645 3468 2749 3528 ubi
2797 3480 2890 3527 est
2942 3480 3111 3528 meta
3159 3479 3382 3539 terrea,

687 3595 748 3637 et
813 3598 926 3657 per
993 3599 1138 3639 eam
1208 3580 1420 3639 eundo
1491 3584 1854 3659 peruenitur
1921 3583 2003 3642 ad
2072 3593 2309 3642 metam
2380 3581 2499 3642 sub
2567 3581 2792 3641 arbore
2860 3580 3167 3661 gertanfa,
3236 3579 3385 3639 inde

687 3693 1084 3773 progreditur
1131 3711 1346 3753 uersus
1391 3696 1701 3754 orientem
1750 3696 1966 3755 eundo
2011 3715 2124 3774 per
2166 3695 2390 3755 siluam
2424 3697 2487 3753 in
2517 3694 2849 3754 arboribus
2895 3712 3079 3753 cruce
3126 3694 3387 3773 signatis

687 3805 864 3864 iuxta
910 3816 1140 3865 terram
1189 3804 1398 3865 Drask
1444 3810 1574 3866 exit
1623 3807 1705 3866 ad
1770 3808 2107 3885 planiciem
2144 3856 2487 3868 ........
2521 3827 2603 3886 pa
2667 3807 2771 3867 ubi
2821 3820 2915 3866 est
2964 3818 3133 3866 meta
3182 3818 3383 3865 terrea

687 3917 900 3995 ibique
947 3920 1104 3977 intra
1151 3917 1372 3977 siluam
1421 3932 1484 3979 et
1512 3967 1799 3978 .......
1853 3920 2026 3980 uadit
2073 3921 2156 3980 ad
2203 3932 2394 3999 caput
2441 3923 2627 3981 unius
2672 3919 2867 3992 ualliS,
2916 3921 3021 3979 ubi
3069 3931 3163 3979 est
3212 3930 3383 3978 meta

687 4031 805 4089 sub
839 4031 1065 4091 arbore
1099 4031 1295 4113 tulgfa
1329 4043 1390 4091 et
1423 4052 1535 4110 per
1567 4033 1840 4093 eandem
1877 4033 2106 4094 uallem
2140 4034 2539 4093 descendens
2584 4053 2697 4111 per
2744 4051 3047 4114 magnum
3096 4034 3379 4109 spacium

687 4145 862 4203 iuxta
909 4158 1138 4203 terram
1187 4144 1333 4204 dicti
1370 4144 1578 4205 Drask
1625 4148 1758 4207 cxit
1804 4146 1886 4206 ad
1921 4158 2158 4206 metam
2206 4147 2325 4206 sub
2372 4146 2598 4207 arbore
2645 4146 2861 4227 tulgsa‚
2906 4146 3120 4222 ibique
3166 4145 3381 4223 incipit

687 4272 906 4317 tenere
975 4268 1212 4317 metam
1285 4277 1431 4318 cum
1502 4260 1926 4319 castrensibus
1995 4259 2075 4319 de
2144 4257 2543 4333 Chernalika,
2603 4258 2751 4319 inde
2796 4259 2971 4317 uadit
3018 4259 3255 4317 directe
3300 4256 3383 4315 ad

692 4388 990 4451 magnam
1055 4374 1221 4432 uiam
1287 4383 1348 4432 et
1411 4374 1774 4450 peruenitur
1819 4372 1903 4433 ad
1951 4372 2164 4432 locum
2210 4373 2317 4432 ubi
2364 4374 2583 4432 transit
2631 4374 2797 4431 uiam
2847 4372 2929 4430 ad
2980 4384 3217 4431 metam
3264 4370 3383 4429 sub

687 4484 914 4543 arbore
961 4485 1266 4565 gertanfa‚
1312 4484 1545 4545 abhinc
1592 4486 1826 4545 directe
1861 4486 2036 4546 uadit
2082 4504 2195 4564 per
2240 4496 2443 4546 metas
2488 4496 2551 4546 et
2590 4487 2839 4545 uenitur
2883 4484 2965 4544 ad
3000 4483 3231 4555 locum,
3276 4482 3383 4543 ubi

687 4598 875 4657 intrat
920 4616 1086 4676 aqua
1147 4598 1535 4677 Suplonicha
1603 4600 1666 4658 in
1739 4609 1910 4659 meta
1977 4601 2096 4659 sub
2164 4599 2389 4659 arbore
2456 4598 2671 4679 tulgfa,
2738 4598 2971 4658 deinde
3018 4596 3102 4656 ad
3148 4615 3381 4673 aquam

686 4709 1072 4787 Suplonicha
1121 4723 1183 4770 et
1230 4731 1342 4790 per
1389 4713 1590 4789 ipsam
1637 4711 1991 4772 descendes
2051 4711 2305 4773 inferius
2364 4712 2539 4773 uadit
2584 4730 2699 4790 per
2746 4728 3049 4792 magnum
3098 4711 3381 4788 spacium

685 4842 886 4897 usque
931 4824 1013 4882 ad
1062 4822 1291 4895 locum,
1339 4825 1444 4885 ubi
1494 4828 1625 4885 exit
1671 4826 1752 4885 de
1800 4826 1969 4885 dicta
2016 4844 2183 4904 aqua
2213 4826 2297 4885 ad
2330 4843 2519 4885 unam
2572 4823 2799 4884 uallem
2850 4826 2910 4883 in
2948 4835 3118 4883 meta
3164 4836 3383 4889 terrea.

685 4956 798 5014 per
845 4936 1143 5014 illamque
1207 4939 1621 5018 progrediens
1680 4940 1856 4999 uadit
1920 4939 2004 5000 ad
2066 4950 2257 5017 caput
2316 4938 2619 5011 eiusdem,
2678 4936 2783 4998 ubi
2832 4948 2977 4997 sunt
3024 4936 3149 4997 due
3194 4948 3383 5007 mete,

686 5068 812 5109 una
873 5052 1133 5127 antiqua
1197 5064 1258 5110 et
1321 5052 1516 5111 altera
1579 5071 1747 5112 noua
1809 5066 1870 5112 et
1944 5054 2023 5111 ibi
2095 5054 2283 5112 intrat
2331 5051 2557 5111 siluam
2622 5062 2682 5110 et
2746 5068 3045 5128 peream
3096 5048 3271 5109 uadit
3318 5051 3377 5108 in
