3797 5795
1854 377 2260 439 —224—

1975 668 2170 750 729.

716 864 913 942 1262,
960 863 1065 928 13.
1113 861 1333 945 maja.
1379 862 1439 927 U
1484 860 1985 927 Dubrovniku.

1526 1049 1971 1154 Jznaj'tizly‘uy'e
2015 1091 2086 1132 se
2130 1071 2299 1132 voda
2355 1068 2612 1154 sz'eke.

884 1287 924 1371 †
982 1288 1180 1350 Anno
1244 1290 1691 1348 incarnationis
1752 1288 1998 1348 domini
2077 1287 2412 1348 millesimo
2489 1287 2930 1349 ducentesimo
2999 1288 3418 1370 sexagesimo

642 1431 668 1455 ο
710 1403 1013 1477 secundO,
1060 1404 1293 1462 mensis
1339 1401 1549 1476 madii,
1596 1403 1781 1462 tertio
1829 1402 2082 1462 decimo
2130 1403 2418 1476 intrante,
2453 1401 2742 1463 ordinata
2789 1403 2959 1463 curia
3000 1421 3146 1462 cum
3195 1404 3414 1462 sonitu

711 1535 1040 1595 campane.
1074 1514 1211 1575 Nos
1243 1514 1503 1592 quidem
1552 1514 1875 1593 Philippus
1909 1511 2292 1577 Contarinus
2321 1533 2541 1574 comes
2574 1514 2829 1594 Ragusii
2861 1532 3009 1574 cum
3042 1513 3419 1575 consiliariis

710 1630 793 1691 de
823 1648 1023 1709 paruo
1055 1638 1121 1689 et
1150 1646 1387 1709 magno
1420 1627 1683 1688 consilio
1716 1636 1779 1688 et
1813 1646 1931 1687 nos
1961 1628 2237 1706 populus
2269 1628 2626 1709 Ragusinus
2672 1626 3070 1701 confitemur,
3101 1628 3412 1706 quoniam

708 1761 943 1822 aquam
990 1741 1072 1802 de
1118 1739 1418 1815 Ombula‚
1465 1759 1589 1818 que
1636 1749 1730 1800 est
1776 1741 2068 1801 comunis
2101 1739 2374 1821 Ragusii,
2407 1735 2920 1824 (ueind(i)dimus
2966 1760 3082 1819 pro
3128 1741 3416 1820 perperis

708 1857 935 1917 decem
982 1873 1095 1934 per
1154 1872 1395 1914 annum
1456 1853 1803 1934 Margarito
1866 1853 2032 1913 Petri
2091 1852 2415 1913 Theodori
2465 1862 2528 1914 et
2574 1852 2713 1914 filiis
2759 1854 2892 1914 eius
2937 1863 3002 1913 et
3047 1864 3264 1913 nostre
3308 1873 3414 1914 ec·-

704 1969 909 2043 clesie,
953 1979 1022 2029 ut
1053 1967 1331 2028 habeant
1363 1979 1426 2026 et
1458 1977 1717 2027 teneant
1764 1985 1909 2027 eam
1942 1986 2054 2046 per
2085 1965 2313 2027 decem
2355 1984 2560 2026 annos
2589 1977 2652 2026 et
2685 1985 2814 2026 non
2849 1965 3007 2045 plus,
3041 1965 3142 2027 De
3175 1967 3407 2044 quibus

704 2083 1162 2160 prenominatis
1206 2080 1435 2141 decem
1482 2082 1762 2158 perperis
1795 2081 1854 2139 in
1891 2080 2178 2158 quolibet
2211 2079 2427 2140 medio
2458 2098 2631 2140 anno
2663 2081 2818 2141 dent
2849 2082 3108 2140 comuni
3149 2080 3407 2162 Ragusii

703 2213 1006 2273 perperos
1068 2196 1349 2273 quinque
1394 2204 1456 2254 et
1504 2195 1566 2253 in
1614 2193 1739 2254 fine
1804 2195 2014 2252 omnis
2079 2195 2224 2252 anni
2291 2193 2445 2253 dent
2505 2195 2762 2253 comuni
2827 2192 3084 2273 Ragusii
3131 2192 3408 2271 reliquos

703 2309 986 2386 quinque
1030 2327 1351 2387 perperos.
1399 2306 1480 2368 Et
1512 2308 1601 2367 sic
1632 2304 2000 2384 persoluant
2044 2308 2303 2366 comuni
2352 2306 2606 2386 Ragusii
2661 2304 2951 2384 predicto
2999 2304 3225 2365 ordine
3267 2324 3406 2384 per-

701 2439 891 2498 peros
934 2421 1162 2481 decem
1208 2440 1321 2499 per
1364 2439 1584 2480 annos.
1634 2419 1713 2480 Et
1760 2416 2148 2500 pereziumffl
2184 2437 2314 2478 non
2361 2418 2439 2478 sit
2485 2419 2549 2477 in
2583 2417 2803 2492 MalfO,
2836 2437 3047 2498 neque
3094 2420 3156 2477 in
3205 2418 3406 2478 Palize

702 2533 823 2592 sub
890 2552 1057 2611 pena
1126 2533 1319 2612 dupli,
1366 2534 1483 2593 nisi
1554 2537 1614 2593 in
1684 2535 2128 2611 prenominata
2195 2550 2363 2610 aqua
2424 2533 2717 2592 comunis
2761 2532 3037 2613 Ragusii.
3101 2530 3183 2591 Et
3229 2531 3402 2610 quod

706 2644 1083 2726 Margaritus
1128 2657 1190 2706 et
1238 2646 1341 2707 filii
1392 2649 1525 2706 eius
1570 2665 1699 2706 non
1746 2645 2002 2707 ualeant
2047 2647 2334 2724 accipere
2367 2645 2484 2705 nisi
2515 2664 2632 2724 pro
2665 2646 2842 2704 omni
2889 2645 3096 2704 bestia
3141 2644 3402 2723 paruula

705 2757 977 2820 solarum
1023 2777 1239 2827 unum,
1285 2778 1403 2838 pro
1450 2759 1619 2819 boue
1666 2770 1727 2819 et
1777 2758 1980 2819 uacha
2027 2759 2262 2819 solaros
2306 2779 2439 2832 sex,
2487 2758 2568 2818 dc
2615 2778 2784 2838 equo
2830 2768 2894 2818 et
2940 2760 3122 2818 asino
3169 2757 3402 2817 solaros

705 2890 839 2947 sex,
885 2871 967 2933 de
1026 2891 1227 2952 porco
1298 2871 1534 2933 solaros
1605 2883 1749 2947 treS,
1820 2871 1904 2933 de
1972 2871 2233 2933 homine
2303 2872 2538 2932 folaros
2607 2881 2748 2947 treS,
2809 2870 2892 2933 de
2960 2872 3136 2931 omni
3206 2870 3400 2931 salma

704 2984 940 3045 solaros
1000 2995 1147 3057 tre5‚
1193 2986 1275 3046 de
1339 2988 1513 3045 omni
1579 3004 1762 3047 seruo
1826 2996 1888 3045 et
1936 2986 2174 3046 femina
2221 2988 2285 3046 in
2331 2988 2685 3064 septimana
2731 2986 3002 3047 solarum
3051 3004 3268 3045 unum.
3317 2982 3394 3043 Et

704 3108 1035 3159 accusator
1080 3098 1314 3159 habeat
1361 3099 1775 3161 medietatem
1826 3100 1976 3159 dicti
2025 3099 2197 3176 dupli
2245 3110 2309 3159 et
2355 3100 2544 3159 aliam
2594 3099 3006 3159 medietatem
3039 3098 3191 3158 dicti
3223 3096 3393 3176 dupli

703 3209 935 3271 habeat
984 3212 1155 3272 idem
1204 3212 1582 3293 Margaritus
1628 3222 1690 3273 et
1740 3211 1900 3273 filius
1947 3215 2096 3285 eius,
2152 3212 2328 3273 salua
2375 3223 2592 3273 tamen
2638 3214 2882 3273 ratione
2951 3215 3242 3272 omnium
3296 3210 3402 3269 ho-

705 3326 967 3384 minum.
1015 3324 1097 3385 Et
1129 3326 1466 3404 completis
1512 3325 1813 3404 predictis
1858 3325 2084 3385 decem
2117 3327 2298 3386 annis
2330 3328 2774 3405 prenominata
2807 3343 2972 3403 aqua
3005 3324 3087 3384 de
3119 3322 3396 3385 Ombula

705 3436 1000 3497 deueniat
1049 3437 1131 3497 ad
1180 3438 1577 3498 uoluntatem
1625 3441 1917 3499 comunis
1961 3440 2236 3520 Ragusii.
2283 3439 2366 3501 Et
2413 3440 2606 3499 etiam
2640 3440 2688 3499 si
2723 3438 2882 3499 infra
2919 3440 3395 3516 prenominatos

705 3548 931 3611 decem
991 3569 1196 3611 annos
1260 3552 1430 3611 idem
1493 3551 1871 3633 Margaritus
1918 3563 1981 3612 et
2028 3550 2191 3612 filius
2252 3554 2386 3613 eius
2446 3553 2509 3611 in
2571 3551 2858 3630 quolibet
2929 3553 3204 3611 termino
3265 3570 3396 3630 pre-

704 3660 1020 3723 dictorum
1081 3683 1396 3724 annorum
1466 3683 1593 3724 non
1665 3666 2101 3744 persoluerent
2171 3668 2428 3726 comuni
2503 3666 2756 3745 Ragusii
2825 3664 3116 3743 predicto
3183 3664 3396 3725 ordine

704 3776 988 3853 quinque
1032 3794 1355 3855 perperos,
1400 3780 1847 3855 prenominata
1893 3797 2061 3856 aqua
2094 3778 2175 3838 de
2209 3776 2492 3839 Ombula
2539 3778 2839 3839 deueniat
2885 3778 2970 3839 ad
3000 3778 3393 3839 uoluntatem

700 3891 992 3955 comunis
1040 3889 1312 3969 Ragusii.
1361 3890 1461 3951 De
1508 3891 1631 3951 hoc
1676 3903 1890 3951 autem
1941 3891 2106 3951 facte
2151 3904 2298 3951 sunt
2346 3892 2470 3952 due
2516 3904 2689 3952 carte
2735 3893 2989 3965 similes
3019 3890 3139 3951 hec
3171 3904 3234 3951 et
3265 3890 3396 3963 alia,

702 4001 784 4061 de
831 4002 1061 4079 quibus
1121 4006 1308 4063 cartis
1370 4022 1565 4063 unam
1628 4015 1869 4065 cartam
1933 4004 2076 4065 tulit
2136 4023 2412 4066 comune
2481 4006 2738 4086 Ragusii
2799 4016 2863 4065 et
2923 4005 3114 4065 aliam
3163 4014 3396 4066 cartam

700 4113 838 4173 tulit
903 4114 1282 4197 Margaritus
1328 4129 1390 4177 et
1437 4116 1541 4177 filii
1604 4119 1752 4177 eiuS.
1803 4117 1945 4178 Hec
2005 4128 2220 4178 autem
2284 4129 2454 4178 carta
2519 4118 2692 4179 nullo
2754 4119 3124 4178 testimonio
3198 4118 3398 4196 rumpi

700 4228 917 4305 possit.
952 4228 1055 4288 Hii
1090 4241 1238 4289 sunt
1269 4239 1490 4289 testes:
1540 4228 1834 4291 Andreas
1880 4230 2077 4291 Zreve
2109 4243 2172 4291 et
2205 4230 2548 4292 Velcassus
2589 4230 2894 4310 Johannis
2941 4231 3124 4291 iurati
3166 4230 3396 4291 iudices

701 4350 765 4400 et
796 4341 898 4401 alii
929 4340 1155 4419 plures.
1188 4341 1270 4403 Et
1302 4361 1424 4424 ego
1457 4344 1789 4422 presbyter
1819 4344 2092 4405 Pascalis
2123 4356 2186 4404 et
2217 4345 2510 4405 comunis
2539 4346 2823 4405 notarius
2867 4346 3107 4405 iuratus
3139 4346 3402 4424 scriptor

701 4472 842 4513 sum
890 4464 953 4513 et
1000 4456 1192 4514 testis,

876 4570 1064 4642 (Szgn
1071 4590 1109 4626 u
1114 4590 1171 4626 tn
1219 4581 1361 4627 nota
1370 4572 1477 4630 rii.)
1487 4616 1498 4628 .

884 4786 1173 4859 Orzginac
1229 4808 1267 4845 u
1322 4787 1765 4845 dubrovac'kom
1819 4788 2042 4845 arkivu
2089 4791 2268 4865 ispoa‘
2311 4790 2512 4849 leksta
2553 4792 2836 4867 pismena
2878 4802 3243 4867 prerezana.
3317 4824 3394 4833 --

700 4889 931 4948 sz’rka
976 4910 1135 4949 saec.
1186 4892 1371 4950 XIII.
