3797 5795
1544 433 1623 441 .-
1672 396 1800 461 509
1867 434 1946 443 --

1649 881 1843 961 974.

400 1066 589 1147 1269,
634 1068 743 1131 22.
793 1064 1205 1131 decembra.

397 1282 563 1345 Bela
606 1281 797 1365 kralj
837 1279 1126 1366 ugarskz'
1165 1303 1190 1343 ι
1234 1280 1553 1345 hrvatskz'
1606 1282 1950 1367 oslobadja
2003 1282 2350 1367 podam'ke
2408 1280 2694 1367 biskupa
2754 1284 3088 1368 zagrebac‘-

732 1395 902 1477 koga
950 1416 997 1457 u
1043 1393 1421 1479 §omogy‘koj
1458 1393 1781 1480 iupam‘ji
1817 1395 1911 1457 od
1951 1394 2414 1481 uzdriavanja
2459 1403 2747 1481 iupana.

566 1612 707 1673 Bela
752 1612 859 1673 dei
903 1615 1112 1693 gracia
1160 1613 1461 1694 Vngarie,
1509 1611 1857 1687 Dalmacie,
1921 1611 2202 1687 Croacie,
2248 1614 2474 1687 Rame,
2516 1612 3082 1690 Seruie,.Gallicie‚

392 1725 793 1800 Lodornerie,
864 1723 1301 1806 Cumanieque
1372 1744 1504 1799 rex,
1572 1726 1871 1787 omnibus
1938 1736 2071 1787 tam
2138 1727 2542 1805 presentibus
2605 1745 2802 1805 quam
2864 1727 3088 1789 futuris

386 1850 707 1917 presentes
766 1839 1005 1899 litteras
1062 1840 1437 1918 inspecturis
1496 1839 1767 1901 salutem
1816 1841 1878 1899 in
1927 1842 2216 1901 omnium
2283 1838 2617 1901 saluatore.
2663 1840 2920 1922 Regalis
2968 1841 3084 1900 mi-

384 1952 718 2014 sericordie
778 1954 1191 2025 immensitaS,
1250 1953 1545 2031 quamuis
1604 1972 1689 2013 ex
1748 1955 1843 2013 sui
1904 1952 2316 2031 prouidencia
2361 1953 2656 2015 sublimia
2723 1955 3085 2032 prospiciat,

383 2066 527 2127 alto
580 2066 839 2127 consilio
898 2065 1322 2144 prouidend0,
1368 2075 1585 2127 tamen
1648 2064 1909 2126 humilia
1969 2067 2223 2144 respicit
2269 2086 2306 2127 a
2351 2067 2479 2128 suis
2545 2066 2890 2128 honeribus
2933 2067 3082 2128 sub-

384 2178 679 2239 leuand0.
738 2179 1014 2240 Proinde
1058 2178 1142 2240 ad
1189 2181 1627 2241 vniuersorum
1674 2188 1809 2239 tam
1852 2180 2256 2257 presencium
2327 2198 2522 2259 quam
2568 2178 2922 2241 futurorum
2969 2198 3086 2240 no-

383 2293 601 2354 ticiam
659 2292 881 2353 harum
937 2295 1097 2353 serie
1158 2292 1455 2353 uolumus
1500 2293 1867 2373 peruenire;
1931 2293 2108 2371 quod
2167 2312 2316 2354 cum
2377 2293 2694 2353 sanctiferi
2753 2292 2974 2372 populi
3021 2306 3086 2355 et

384 2406 753 2487 iobagiones
819 2407 1102 2486 episcopi
1170 2406 1609 2487 Zagrabiensis
1676 2406 1741 2465 in
1810 2414 2086 2484 quatuor
2153 2405 2314 2467 uillis
2379 2407 2443 2466 in
2509 2406 2784 2481 Wertus
2845 2406 3084 2469 scilicet

384 2518 575 2592 Elias,
618 2518 844 2580 Budun
892 2530 955 2579 et
1001 2516 1215 2580 Tikud
1260 2520 1325 2579 in
1371 2521 1682 2580 comitatu
1745 2517 2106 2600 Simigiensi
2173 2520 2538 2594 existentes,
2583 2538 2698 2598 per
2742 2522 3088 2581 continuos

382 2632 721 2694 descensus
788 2632 1103 2693 baronum
1178 2642 1541 2693 nostrorum
1613 2643 1677 2693 et
1742 2651 1857 2711 per
1926 2634 2234 2693 comitem
2309 2631 2758 2714 Simigiensem
2825 2651 2903 2693 ac
2969 2653 3084 2713 per

385 2744 645 2805 curiales
689 2746 957 2806 comites
1003 2744 1289 2807 eiusdem
1338 2746 1445 2823 qui
1492 2745 1669 2806 suere
1714 2762 1832 2823 pro
1876 2754 2192 2825 tempore,
2221 2764 2290 2805 se
2320 2754 2864 2824 conquererentur
2892 2745 3084 2807 fuisse

385 2858 721 2938 plurimum
766 2868 1117 2940 agrauatos.
1165 2856 1305 2920 Nos
1350 2860 1458 2938 qui
1505 2857 1805 2920 ecclesias
1849 2857 1952 2919 dei
2000 2867 2063 2919 et
2107 2857 2192 2920 ad
2238 2857 2498 2920 easdem
2545 2868 2907 2938 spectantes
2937 2878 3086 2939 pro·-

384 2981 591 3053 tegere
635 2972 1082 3033 consueuimus
1127 2982 1191 3032 et
1237 2971 1473 3042 fouere,
1508 2990 1590 3032 ne
1636 2971 1700 3032 in
1746 2971 1990 3032 eisdem
2037 2971 2254 3034 diuine
2298 2971 2502 3034 laudis
2548 2989 2789 3052 organa
2819 2990 3084 3051 suspen-

383 3085 623 3161 dantur,
667 3085 782 3146 sed
841 3084 1037 3146 diuini
1101 3084 1309 3146 cultus
1373 3087 1652 3146 nominis
1712 3086 2072 3165 amplietur,
2115 3084 2199 3146 ad
2261 3087 2639 3146 instanciam
2703 3083 3080 3146 venerabilis

382 3200 569 3277 patris
627 3197 994 3276 Thymotei‚
1040 3200 1456 3261 miseracione
1519 3197 1737 3260 diuina
1796 3199 2082 3278 episcopi
2141 3198 2594 3280 Zagrabiensis,
2640 3198 2854 3260 dilecti
2897 3209 2962 3260 et
3006 3197 3078 3259 fi-

384 3310 537 3372 delis
600 3314 817 3387 nostri,
860 3313 985 3374 iam
1049 3312 1233 3373 dictis
1293 3312 1549 3392 populis
1616 3323 1679 3374 et
1744 3311 2194 3393 iobagionibus
2256 3312 2384 3373 suis
2446 3312 2642 3374 talem
2685 3315 2968 3393 graciam
3012 3323 3080 3374 et

384 3424 874 3488 misericordiam
941 3424 1245 3486 duximus
1312 3425 1705 3486 faciendam:
1781 3424 1961 3505 quod
2035 3424 2245 3487 nullus
2319 3424 2636 3486 baronum
2711 3436 3076 3486 nostrorum

384 3538 753 3600 descensum
814 3557 1003 3617 super
1062 3538 1331 3600 eosdem
1391 3549 1716 3618 presumat
1776 3539 1984 3600 facere
2029 3538 2384 3599 uiolentum
2430 3547 2495 3598 et
2541 3547 2610 3598 ut
2655 3538 2918 3598 seruicia
2961 3556 3080 3599 sua

382 3652 503 3712 iam
548 3652 721 3714 dicto
768 3651 1107 3712 venerabili
1153 3653 1317 3730 patri
1362 3651 1579 3712 debita
1642 3651 1837 3713 iidem
1880 3651 2103 3730 populi
2149 3660 2213 3712 et
2258 3651 2632 3731 iobagiones
2676 3649 2916 3712 facilius
2961 3652 3074 3710 im-

380 3765 651 3841 pendere
711 3764 969 3826 ualeant
1028 3764 1111 3826 de
1174 3765 1309 3824 aliis
1366 3766 1843 3846 grauaminibus
1886 3763 2188 3842 expediti.
2235 3761 2338 3824 De
2383 3765 2592 3844 gracia
2638 3765 3076 3826 concessimus

382 3879 657 3955 speciali:
692 3878 869 3956 quod
901 3896 1121 3938 comes
1165 3874 1559 3959 Simigiensis
1591 3887 1654 3938 et
1686 3877 1950 3939 curiales
1995 3879 2264 3938 comites
2309 3876 2596 3938 eiusdem
2626 3895 2745 3954 pro
2778 3887 3072 3956 tempore

380 3994 713 4064 constituti,
758 3993 822 4052 in
870 3989 1045 4052 nullo
1106 4009 1259 4052 casu
1316 3990 1579 4052 eosdem
1646 3991 1900 4052 ualeant
1960 3989 2256 4062 iudicare,
2315 4007 2466 4049 cum
2521 3990 2710 4068 ipSOS,
2755 4009 2792 4049 a
2839 3988 3075 4050 iudicio

377 4104 749 4182 parochialis
793 4105 1045 4166 comitis
1090 4104 1357 4164 omnino
1403 4106 1777 4178 eximentes,
1822 4113 2044 4164 nostro
2076 4111 2140 4164 et
2170 4101 2458 4163 eiusdem
2509 4103 2791 4180 episcopi
2839 4100 3078 4163 iudicio

317 4283 325 4290 ,
380 4215 745 4278 duxerimus
790 4237 904 4297 per
948 4217 1166 4278 omnia
1212 4216 1651 4289 reseruandos,
1693 4217 1781 4277 ita
1828 4215 2141 4290 uidelicet,
2187 4214 2368 4294 quod
2397 4216 2447 4276 si
2480 4214 2688 4276 dictus
2733 4217 3075 4294 episcopus

379 4331 441 4390 in
486 4329 811 4392 reddenda
871 4331 1112 4391 iusticia
1180 4329 1655 4408 querulantibus
1715 4339 1942 4390 contra
2000 4330 2172 4407 ipsos
2219 4327 2548 4410 negligens
2593 4328 2777 4390 suerit
2821 4337 2930 4388 aut
2975 4346 3072 4388 re-

378 4443 614 4518 missus,
646 4453 889 4506 extunc
919 4443 1089 4504 idem
1124 4444 1463 4522 episcopus
1494 4453 1558 4503 et
1590 4460 1719 4503 non
1753 4440 1972 4521 populi
2006 4459 2125 4501 nec
2155 4440 2531 4522 iobagiones
2574 4441 2670 4501 sui
2710 4440 3074 4520 supradicti,

378 4555 463 4618 ad
506 4567 786 4618 nostram
832 4555 1126 4618 citabitur
1143 4552 1207 4638 (l)
1254 4557 1651 4635 presenciam
1696 4554 1781 4614 ad
1826 4556 2170 4616 terminum
2217 4563 2716 4634 competentem.
2761 4553 2855 4616 Vt
2886 4555 3072 4635 igitur

378 4669 491 4730 hec
534 4681 748 4732 nostre
792 4671 1242 4731 concessiones
1270 4670 1462 4730 series
1492 4668 1685 4729 robur
1731 4669 2019 4749 optineat
2063 4675 2372 4746 perpetue
2419 4666 2748 4741 firmitatis,
2792 4684 2912 4727 nec
2954 4685 3072 4745 per

378 4786 736 4863 quempiam
767 4801 1071 4863 processu
1098 4793 1462 4861 temporum
1494 4782 1811 4843 retractari
1846 4780 2076 4853 ualeat,
2106 4790 2215 4841 aut
2238 4782 2304 4840 in
2327 4781 2572 4841 irritum
2603 4778 3068 4860 quoquomodo

378 4898 669 4971 reuocari,
710 4906 1043 4976 presentes
1088 4897 1457 4958 memoratis
1499 4893 1753 4974 populis
1782 4904 1847 4954 et
1878 4893 2326 4975 iobagionibus
2371 4895 2800 4955 concessimus
2830 4891 3073 4952 litteras

377 5009 637 5089 duplicis
694 5009 877 5092 sigilli
936 5011 1133 5070 nostri
1197 5009 1545 5070 munimine
1590 5001 1954 5068 roboratas.
2019 5005 2262 5067 Datum
2325 5025 2442 5085 per
2499 5023 2728 5066 manus
2787 5003 3070 5086 magistri

376 5120 692 5194 Demetrii,
736 5120 1039 5184 Albensis
1096 5122 1359 5182 ecclesie
1417 5122 1739 5200 prepositi,
1800 5118 1946 5182 aule
2006 5129 2221 5180 nostre
2282 5117 2794 5194 vicecancellarii,
2857 5115 3072 5180 dilecti
