3797 5795
1510 450 1596 458 —
1658 412 1926 478 605—

389 614 560 665 ancte
614 602 815 664 Marie
873 601 957 663 de
1018 599 1421 679 Castellione,
1480 606 1872 666 monasterio
1917 607 2116 665 sancti
2167 604 2494 666 Laurentii
2540 616 2604 666 et
2653 609 3066 683 monasterie,

385 718 565 777 sancti
604 714 909 795 Johannis
951 714 1192 777 solidos
1236 720 1518 797 quinque
1554 718 1989 797 paruulorum
2035 737 2152 797 pro
2199 735 2612 797 unoquoque,
2659 719 2896 781 deinde
2939 721 3065 799 pri-

387 830 625 889 micerio
688 829 943 907 patrino
1008 848 1127 889 suo
1196 828 1481 891 medium
1549 840 1974 903 romanatum,
2048 829 2285 891 deinde
2351 830 2648 892 fratribus
2715 833 3068 895 minoribus

384 941 651 1002 medium
696 950 1123 1017 romanatum,
1168 940 1403 1003 deinde
1464 943 1701 1004 dimisit
1763 945 2151 1005 monasterio
2197 945 2399 1005 sancti
2445 943 2775 1006 Michaelis
2817 956 3068 1025 partem

382 1072 553 1115 suam
611 1064 917 1115 terrarum
965 1053 1048 1115 de
1093 1053 1477 1138 Domdrugo
1524 1065 1587 1117 et
1633 1066 1842 1117 totum
1904 1056 2144 1117 lectum
2206 1075 2414 1133 suum,
2459 1060 2610 1119 item
2673 1062 2957 1139 precepit
3003 1069 3069 1121 et

382 1166 697 1241 ordinauit,
741 1181 813 1228 ut
857 1170 1120 1228 terciam
1180 1179 1429 1247 partem
1492 1172 1696 1230 tocius
1762 1170 1888 1230 vini
1935 1180 1999 1230 et
2045 1169 2234 1230 blaue
2297 1170 2380 1231 de
2446 1190 2619 1232 anno
2679 1173 2958 1251 presenti
3002 1187 3070 1234 et

383 1298 594 1340 omnes
638 1290 846 1341 uestes
891 1299 1037 1341 suas
1082 1282 1215 1342 siue
1262 1282 1637 1343 indumenta
1683 1281 2026 1343 Dominica
2057 1282 2182 1344 filia
2213 1302 2328 1345 sua
2358 1283 2691 1345 distribuat
2721 1296 2785 1346 et
2816 1294 3067 1367 erroget

382 1412 490 1471 pro
545 1393 754 1453 anima
814 1412 929 1454 sua
990 1392 1379 1472 ubicumque
1438 1395 1557 1455 sibi
1618 1396 1844 1457 melius
1889 1405 1955 1457 et
1999 1397 2383 1458 fructuosius
2426 1398 2779 1477 apparebit,
2830 1399 3066 1461 deinde

384 1504 546 1566 Bone
587 1507 889 1567 seruitrici
936 1525 1048 1566 sue
1093 1509 1382 1583 coccium
1429 1526 1630 1569 unum
1677 1518 1741 1569 et
1791 1509 2048 1570 seltrum
2097 1528 2297 1569 unum
2343 1520 2406 1570 et
2451 1510 2743 1591 galiciam
2775 1530 2972 1573 unam
3003 1523 3069 1575 et

381 1618 785 1700 uegeticulam
832 1638 1047 1680 unam.
1093 1618 1347 1681 Deinde
1393 1620 1719 1681 confessus
1764 1618 1881 1682 fuit
1912 1640 1982 1682 se
2013 1622 2252 1683 debere
2284 1624 2438 1685 dare
2483 1635 2634 1684 octo
2680 1636 3068 1702 romanatOS,

383 1750 529 1810 quos
573 1732 659 1793 de
704 1733 891 1793 bonis
952 1735 1079 1794 suis
1140 1733 1293 1795 dare
1352 1737 1638 1814 precepit
1699 1734 1914 1795 eidem
1973 1730 2144 1819 [filie]
2203 1734 2553 1799 Dominice
2597 1738 2704 1798 ubi
2753 1740 2888 1817 ipsa
2933 1741 3069 1815 scit,

378 1848 517 1905 item
562 1846 779 1906 Bratte
823 1845 953 1908 filio
997 1865 1115 1907 suo
1161 1858 1533 1908 romanatos
1578 1847 1807 1909 decem
1854 1866 2018 1927 quos
2061 1859 2316 1910 tenetur
2359 1851 2496 1924 sibi,
2542 1849 2779 1912 deinde
2825 1850 3062 1912 dimisit

382 1958 572 2021 eidem
640 1958 980 2020 Dominice
1024 1959 1151 2021 filie
1194 1979 1309 2021 sue
1354 1979 1582 2021 omnes
1640 1972 1853 2023 uestes
1914 1972 1979 2023 et
2038 1962 2238 2024 lectos
2289 1982 2440 2024 suos
2485 1973 2550 2024 et
2596 1966 2792 2025 etiam
2837 1982 3066 2025 omnes

375 2072 605 2133 colores
637 2082 701 2133 et
734 2075 1137 2152 operationes
1181 2092 1341 2147 suas
1387 2093 1547 2154 quas
1578 2076 1705 2134 suis
1754 2075 2049 2135 manibus
2095 2087 2358 2155 operata
2403 2087 2516 2149 est,
2548 2086 2616 2137 ut
2664 2079 2797 2155 ipsa
2844 2077 3064 2137 omnia

375 2185 589 2247 habeat
649 2205 799 2247 cum
845 2186 947 2247 dei
994 2185 1445 2247 benedictione
1490 2198 1555 2248 et
1598 2206 1712 2247 sua
1758 2188 2004 2267 absque
2063 2189 2324 2250 alicuius
2383 2188 2904 2250 contradictione.
2951 2186 3064 2249 Ad

373 2297 479 2359 hec
542 2309 757 2360 autem
804 2309 866 2359 et
912 2299 997 2359 ad
1044 2301 1262 2360 omnia
1328 2300 1451 2360 alia
1495 2309 1559 2361 et
1604 2300 1849 2381 singula
1920 2318 2046 2379 que
2105 2304 2166 2361 in
2231 2302 2355 2362 hoc
2423 2304 2658 2381 scripto
2705 2312 2770 2361 et
2815 2304 2880 2361 in
2927 2320 3060 2362 me-

374 2423 608 2472 morato
653 2421 1040 2472 testamento
1103 2422 1331 2473 testata
1378 2424 1543 2487 sunt,
1587 2413 1903 2493 prefatam
1951 2432 2134 2474 suam
2181 2413 2377 2475 filiam
2421 2412 2833 2477 Dominicam
2879 2433 3062 2475 suam

370 2526 847 2603 procuratricem
896 2536 956 2585 et
1004 2523 1569 2586 fidecomissariam
1626 2526 1891 2586 instituit
1937 2535 2000 2586 et
2046 2526 2381 2602 ordinauit,
2425 2538 2496 2588 ut
2541 2528 2760 2588 omnia
2827 2526 3061 2604 danda,

369 2638 779 2717 persoluenda
824 2650 888 2698 et
934 2656 1051 2716 pro
1096 2639 1311 2698 anima
1356 2657 1471 2699 sua
1516 2638 1954 2699 distribuenda
2015 2640 2150 2719 ipsa
2210 2639 2552 2701 Dominica
2612 2641 2765 2701 dare
2811 2650 2876 2701 et
2918 2658 3060 2719 per-

366 2752 602 2812 soluere
646 2752 729 2812 de
774 2752 960 2812 bonis
1005 2751 1133 2812 suis
1162 2761 1227 2811 et
1258 2751 1635 2813 distribuere
1680 2752 1875 2814 libere
1923 2754 2176 2829 debeat,
2207 2752 2384 2814 uelut
2427 2756 2492 2814 in
2539 2754 2663 2813 hoc
2710 2764 2775 2815 et
2819 2756 2884 2814 in
2931 2751 3058 2813 alio

363 2866 711 2927 continetur
757 2874 1161 2927 testamento,
1210 2866 1501 2929 Preterea
1533 2885 1613 2928 ne
1643 2875 1791 2947 post
1834 2878 2108 2930 mortem
2141 2869 2276 2929 eius
2306 2870 2470 2928 inter
2513 2886 2664 2928 suos
2707 2866 3058 2928 residentes

367 2981 605 3056 questio
648 2998 761 3040 seu
803 2979 1179 3041 scandalum
1224 2982 1525 3054 oriantur,
1568 2980 1672 3041 uel
1716 2983 1781 3040 in
1826 2981 2094 3042 dubium
2157 2981 2509 3043 deducatur
2554 2979 2638 3041 de
2682 2981 2870 3040 bonis
2922 2981 3058 3040 siue

364 3093 545 3152 rebus
602 3092 763 3153 datis
821 3092 1085 3154 Dabbre
1130 3092 1409 3154 condam
1472 3093 1599 3155 filie
1644 3112 1773 3168 sue,
1818 3094 2083 3170 quando
2145 3096 2350 3174 ipsam
2418 3092 2678 3154 tradidit
2720 3095 2872 3166 vir0,
2917 3095 3056 3172 ipsa

364 3207 571 3266 omnia
630 3225 1032 3286 quecumque
1096 3201 1379 3290 [tradtha
1439 3207 1693 3268 fuerunt
1741 3218 2035 3286 tempore
2081 3209 2446 3286 nuptiarum
2491 3207 2771 3285 presenti
2815 3207 3054 3284 scripto

363 3318 553 3379 uoluit
595 3319 933 3394 declarare,
979 3320 1146 3380 vnde
1192 3320 1401 3398 primo
1433 3329 1497 3380 et
1526 3321 1954 3400 principaliter
1999 3319 2162 3381 dixit
2199 3339 2268 3380 se
2299 3318 2552 3380 dedisse
2581 3320 2640 3380 ei
2673 3319 3052 3380 mantellum

363 3449 549 3493 unum
596 3433 679 3494 de
708 3433 979 3494 scarleto
1022 3435 1240 3512 precio
1286 3445 1769 3496 romanatorum
1814 3435 2062 3508 decem,
2106 3436 2260 3497 item
2292 3452 2405 3512 par
2435 3451 2636 3493 unum
2670 3432 2754 3494 de
2783 3434 3053 3514 grisonis

362 3545 551 3606 uiride
610 3547 975 3608 inuestitum
1022 3547 1086 3606 in
1130 3545 1405 3625 pellibus
1466 3545 1902 3608 cuniculorum
1961 3547 2177 3627 precio
2239 3555 2720 3607 romanatorum
2783 3556 3052 3624 septem,

362 3658 505 3719 item
550 3653 973 3742 man[tellum]
1026 3705 1409 3720 .......
1453 3660 1843 3740 anguineum
1887 3662 2103 3739 precio
2143 3673 2624 3721 romanatorum
2655 3661 2866 3733 trium,
2895 3659 3050 3719 item

359 3781 651 3849 quattuor
694 3771 931 3849 sag-alos
976 3789 1249 3852 quorum
1284 3783 1412 3832 tres
1442 3773 1862 3834 constiterunt
1909 3783 2280 3834 romanatos
2325 3772 2572 3848 decem,
2601 3775 2755 3833 item
2794 3773 3050 3848 coccios

355 3891 473 3944 tres
536 3886 749 3964 precio
816 3894 1301 3946 romanatorum
1348 3885 1595 3960 decem,
1642 3887 1796 3947 item
1843 3888 2127 3966 quinque
2173 3882 2488 3968 linquas(l)
2551 3896 2615 3947 et
2677 3886 3046 3947 vacanciam

353 4013 541 4058 unam
585 3997 667 4058 de
712 4001 892 4077 ippra
938 3997 1129 4058 blaua
1172 4009 1237 4058 et
1282 3998 1414 4059 duo
1459 4001 1635 4077 paria
1680 3999 1943 4078 pellium
1991 3999 2074 4060 de
2117 4001 2368 4081 agninis
2421 3997 2598 4074 albis,
2644 4017 2770 4077 que
2813 3999 3044 4059 consti-

352 4119 556 4172 terunt
599 4122 971 4172 romanatos
1015 4111 1261 4186 decem,
1292 4114 1445 4173 item
1479 4123 1731 4173 tantum
1776 4115 1940 4173 inter
1983 4131 2211 4173 aurum
2258 4125 2322 4172 et
2352 4120 2688 4193 argentum
2732 4121 3045 4189 quantum

352 4223 539 4285 ualuit
582 4233 953 4286 romanatos
998 4225 1244 4298 decem,
1288 4226 1440 4286 item
1490 4224 1789 4286 casellam
1836 4243 2032 4285 unam
2065 4243 2210 4285 cum
2245 4224 2630 4304 quibusdam
2677 4223 2866 4284 rebus
2909 4225 3046 4284 siue

350 4337 813 4414 supelectilibus
856 4341 1073 4416 precio
1118 4349 1601 4400 romanatorum
1649 4339 1944 4412 duorum,
1973 4338 2130 4400 item
2175 4337 2414 4398 bouem
2460 4354 2661 4397 unum
2707 4346 2771 4397 et
2815 4353 3044 4398 vaccas

349 4447 499 4510 duas
541 4453 758 4531 precio
790 4460 1273 4513 romanatorum
1306 4463 1473 4526 oct0,
1504 4453 1657 4512 item
1687 4450 1869 4526 dixit,
1902 4449 2078 4529 quod
2112 4451 2174 4510 in
2207 4452 2342 4512 eius
2387 4451 2622 4528 nuptiis
2667 4449 3043 4527 expendidit

349 4574 709 4626 romanatos
754 4566 1053 4644 quinque,
1100 4564 1335 4626 deinde
1396 4572 1649 4624 tenetur
1708 4563 1862 4624 dare
1907 4563 2024 4625 sibi
2071 4561 2276 4624 Dessa
2323 4583 2408 4624 ex
2452 4581 2580 4624 una
2624 4572 2808 4642 parte
2852 4563 3043 4624 libras

347 4677 621 4758 quinque
666 4689 731 4739 et
774 4679 896 4739 alia
942 4686 1122 4757 parte
1166 4688 1574 4738 romanatum
1622 4695 1821 4738 unum
1869 4687 1935 4738 et
1980 4675 2318 4738 dimidium
2356 4679 2520 4738 inter
2563 4696 2664 4739 res
2709 4687 2772 4738 et
2819 4679 3042 4739 merci-

346 4792 601 4866 monias,
648 4810 807 4870 quas
866 4804 1001 4852 tam
1061 4793 1197 4870 ipse
1260 4809 1455 4868 quam
1502 4791 1637 4852 eius
1682 4810 1846 4852 vxor
1892 4790 2158 4852 Dabbra
2219 4791 2466 4868 accepit
2511 4790 2597 4850 ab
2641 4809 2722 4851 eo
2767 4799 2831 4851 et
2877 4793 3042 4851 inter

344 4899 631 4965 denarios
678 4922 841 4983 quos
887 4905 1199 4965 concessit
1246 4905 1351 4964 eis.
1414 4904 1497 4964 Et
1543 4902 1663 4964 hec
1708 4905 1927 4964 omnia
1973 4913 2037 4964 et
2083 4903 2331 4985 singula
2394 4905 2821 4983 suprascripta
2864 4902 3042 4964 uelut

342 5018 619 5092 superius
664 5035 1038 5096 expressum
1086 5018 1150 5077 in
1196 5016 1399 5077 salute
1444 5018 1658 5078 anime
1704 5035 1817 5078 sue
1862 5028 1928 5078 et
1971 5019 2038 5076 in
2069 5034 2146 5076 ea
2177 5019 2444 5077 ueritate
2469 5034 2595 5095 que
2629 5012 2914 5078 Christus
2944 5027 3043 5077 est

344 5141 487 5189 uera
531 5148 671 5191 esse
715 5129 1071 5191 affirmauit.
1135 5127 1375 5191 Actum
1421 5141 1517 5190 est
1563 5129 1689 5191 hoc
1734 5127 1946 5212 Vegle
2007 5131 2071 5189 in
2118 5127 2322 5190 domo
2365 5129 2591 5209 prefati
2637 5127 2931 5209 Sprecce,
2975 5131 3042 5190 in
