3797 5795
1600 395 1607 402 .
1668 354 1791 418 251

1641 613 1691 694 7
1700 612 1833 694 53.

381 746 583 826 1268,
629 747 693 811 5.
743 746 1088 829 augusta.
1136 744 1197 810 U
1242 744 1577 828 Trogiru.

494 900 1020 985 Svjedoo'anstvo
1065 923 1103 964 0
1140 901 1412 986 papinu
1454 900 1684 986 pismu
1730 922 1805 964 za
1852 903 2059 966 crkvu
2104 923 2200 964 sv.
2250 900 2513 985 Franje
2557 922 2604 963 u
2663 900 2728 962 Τ
2718 899 2972 985 rogiru.

552 1075 891 1138 Gervasius
950 1078 1343 1155 primicerius
1421 1078 1685 1138 vicarius
1744 1078 2028 1156 episcopi
2091 1074 2474 1140 Columbani
2544 1085 2935 1155 protestatur
2999 1075 3082 1135 de

377 1190 569 1250 breve
612 1207 779 1268 pape
826 1189 1096 1250 obtento
1126 1208 1165 1249 a
1196 1189 1491 1250 fratribus
1539 1189 2048 1252 Predicatoribus
2099 1189 2182 1250 de
2215 1190 2480 1250 ecclesia
2521 1191 2720 1250 sancti
2763 1187 3078 1250 Francisci

377 1305 588 1382 posita
633 1305 696 1362 in
743 1301 949 1383 burgo
993 1302 1418 1384 Traguriensi,
1464 1303 1653 1362 tacita
1700 1305 1962 1365 veritate
2007 1303 2278 1363 obtento
2324 1303 2388 1362 in
2434 1302 2722 1363 absentia
2784 1301 3084 1381 episcopi.

554 1415 935 1476 Valentinus
968 1413 1131 1475 Petri
1166 1413 1347 1475 Lucii
1379 1425 1752 1493 procurator
1783 1415 2047 1476 fratrum
2084 1415 2403 1476 Minorum
2452 1424 2840 1494 protestatur
2887 1413 3081 1474 idem.

548 1590 753 1647 AVotae
801 1591 1080 1656 Joannis
1124 1589 1312 1647 Lucii
1334 1591 1463 1666 fol.
1518 1592 1614 1648 39.
1664 1591 1921 1649 Starine
1969 1589 2152 1648 XIII.
2205 1593 2337 1649 213.

1641 1863 1835 1944 754.

375 2006 575 2088 1263,
620 2006 729 2072 20.
778 2008 1121 2089 augusta.
1167 2004 1228 2070 U
1272 2004 1538 2070 Baroli.

674 2176 1125 2241 Dubrovc'am‘
1164 2176 1493 2241 namz'rz's‘e
1538 2175 1746 2261 ctjelu
1790 2183 1990 2240 svotu
2035 2199 2110 2240 za
2154 2177 2472 2262 prodanu
2521 2175 2614 2240 im
2664 2177 2784 2239 sol.

552 2353 832 2436 †Anno
893 2353 978 2413 ab
1038 2355 1473 2414 incarnatione
1535 2353 1780 2414 domini
1844 2356 2037 2415 nostri
2096 2351 2245 2434 Jesu
2307 2350 2534 2416 Christi
2577 2351 2922 2414 millesimo
2972 2351 3085 2412 du-

377 2469 730 2529 centesimo
774 2468 1179 2547 sexagesimo
1228 2468 1431 2540 terti0,
1476 2475 1783 2548 regnante
1817 2465 2086 2526 domino
2119 2476 2339 2528 nostro
2375 2465 2713 2526 Mansredo
2745 2465 2845 2526 dei
2880 2467 3082 2547 gratia

377 2580 832 2661 gloriosissimo
891 2597 1041 2662 rege
1104 2577 1333 2651 Sicilie,
1392 2597 1565 2639 anno
1625 2589 1833 2652 sext0,
1892 2591 1958 2640 et
2019 2580 2324 2640 uicesimo
2370 2579 2475 2639 die
2522 2581 2757 2640 mensis
2818 2579 3086 2660 augusti,

377 2692 727 2754 indictione
756 2702 957 2754 sexta.
993 2692 1129 2753 Nos
1148 2692 1530 2753 Thomasius
1561 2692 1644 2752 de
1674 2694 1799 2752 siro
1834 2692 2133 2766 Bizantio,
2166 2691 2520 2754 Guilelmus
2551 2692 2634 2753 de
2668 2690 3090 2757 Galimberto.

373 2806 653 2886 Jacobus
683 2807 766 2867 de
802 2807 1131 2878 Vniuersa,
1160 2804 1544 2866 Ambrosius
1590 2803 1916 2868 Cortesius
1947 2816 2012 2867 et
2036 2805 2336 2885 Jacomus
2361 2803 2686 2885 Johannes
2735 2804 2817 2865 de
2863 2805 3089 2866 Raone

382 2919 723 2980 Barolitani
786 2922 975 2994 ciueS,
1037 2918 1349 2982 Cabelloti
1415 2920 1659 2981 cabelle
1718 2919 1863 2981 salis
1925 2932 2179 2981 curator
2240 2921 2302 2980 in
2364 2918 2680 2999 SypontO,
2749 2918 2957 2998 Salpis
3025 2928 3089 2978 et

385 3031 623 3095 Cannis
667 3044 730 3092 et
778 3032 984 3093 Baroli
1018 3034 1189 3105 olim,
1222 3036 1283 3092 in
1316 3052 1488 3093 anno
1535 3034 1755 3113 quinte
1786 3042 1852 3093 et
1883 3035 2193 3111 presentis
2237 3044 2420 3093 sexte
2466 3032 2828 3093 indictionis
2869 3050 3088 3093 coram

374 3144 669 3225 Johanne
738 3144 819 3206 de
883 3143 1307 3227 Claroangelo
1377 3146 1567 3227 regali
1639 3143 1845 3206 Baroli
1916 3145 2141 3220 iudice,
2210 3144 2512 3207 Guidone
2579 3145 2866 3206 eiusdem
2924 3155 3091 3205 terre

380 3259 641 3337 puplico
689 3260 940 3319 notario
987 3268 1049 3319 et
1095 3259 1367 3319 testibus
1412 3258 1772 3319 subnotatis
1814 3259 1898 3319 ad
1946 3258 2072 3320 hoc
2115 3258 2473 3339 specialiter
2519 3260 2909 3332 conuocatis,
2955 3278 3095 3337 pre—

378 3372 667 3433 sentibus
697 3374 891 3433 etiam
923 3382 986 3431 et
1019 3372 1587 3447 consentientibus,
1618 3390 1694 3432 ac
1725 3382 1936 3433 ratum
1967 3384 2032 3433 et
2062 3372 2318 3434 firmum
2367 3373 2751 3433 habentibus
2801 3372 3092 3451 Philippo

382 3484 673 3546 Maresca
718 3497 782 3546 et
834 3484 1126 3545 Barnaba
1173 3485 1255 3546 de
1288 3486 1527 3547 Risone
1569 3485 1813 3545 ciuibus
1861 3485 2068 3545 Baroli
2118 3485 2536 3559 declaramu8‚
2561 3488 2897 3566 ⁴recepisse
2945 3505 2982 3547 a
3030 3496 3094 3545 te

383 3598 696 3660 Michaele
763 3599 847 3659 de
919 3595 1291 3681 Raganga(l)
1362 3598 1446 3659 de
1516 3598 1797 3681 Ragusio
1868 3602 2092 3659 nuntio
2155 3600 2468 3661 nobilium
2515 3602 2796 3661 uirorum
2844 3598 3091 3659 domini

380 3709 635 3774 Alberti
704 3711 1060 3793 Moligini(!)
1122 3714 1374 3773 comitis
1418 3712 1695 3795 Ragusii,
1742 3710 2040 3786 iudicum,
2085 3712 2585 3773 consiliariorum
2633 3724 2696 3773 et
2743 3714 2937 3775 totius
2987 3730 3094 3772 co-

384 3827 597 3886 munis
657 3845 767 3886 seu
832 3826 1251 3887 vniuersitatis
1311 3825 1599 3886 eiusdem
1660 3836 1824 3885 terre
1889 3826 2144 3907 Ragusii
2203 3845 2321 3905 pro
2382 3839 2563 3905 parte
2611 3828 2902 3887 omnium
2950 3845 3092 3904 pre-

383 3939 705 4000 dictorum
774 3948 981 3999 totam
1048 3940 1410 4018 pecuniam,
1471 3956 1667 4018 quam
1738 3939 1928 3999 nobis
1996 3939 2148 3999 dare
2219 3938 2546 4001 debebant
2591 3938 2674 3999 de
2721 3937 3096 4000 uenditione

385 4054 582 4113 totius
630 4052 1003 4133 quantitatis
1048 4052 1195 4113 salis
1241 4054 1473 4113 ueteris
1533 4053 1945 4131 ipsarumque
1990 4052 2350 4127 salinarum,
2397 4071 2592 4132 quam
2640 4052 2906 4132 predicti
2955 4051 3097 4111 Phi-

384 4164 595 4243 lippus
645 4165 930 4227 Maresca
976 4176 1039 4226 et
1090 4165 1411 4227 Barnabas
1471 4165 1553 4226 de
1625 4165 1862 4227 Risone
1908 4165 2393 4244 predecessores
2438 4166 2638 4226 nostri
2684 4168 2746 4225 in
2793 4163 3095 4243 predictis

384 4279 625 4339 cabelis
674 4278 1065 4358 Lampredio
1112 4278 1195 4339 de
1243 4276 1597 4361 Basilaue(!)
1646 4281 1762 4339 ciui
1814 4278 2159 4360 Ragusino,
2201 4279 2427 4339 nuntio
2460 4288 2524 4339 et
2555 4279 2946 4357 procuratori
2983 4296 3097 4336 no-

384 4391 607 4453 bilium
640 4393 921 4453 uirorum
969 4391 1210 4453 domini
1264 4391 1529 4470 Philippi
1571 4390 1936 4465 Contareni,
1983 4391 2136 4453 olim
2184 4392 2436 4451 comitis
2469 4390 2745 4471 Ragusii,
2792 4390 3096 4463 iudicum,

384 4506 893 4565 consiliariorum
939 4514 1003 4565 et
1050 4508 1243 4565 totius
1302 4505 1595 4567 comunis
1640 4524 1750 4565 seu
1798 4507 2220 4566 vniuersitatis
2284 4504 2572 4565 eiusdem
2629 4515 2794 4565 terre
2843 4504 3096 4585 Ragusii

386 4630 629 4680 statuto
674 4619 760 4679 ad
806 4618 1160 4697 predictam
1210 4618 1652 4679 uenditionem
1682 4638 1801 4699 pro
1833 4630 2016 4697 parte
2062 4620 2346 4697 ipsorum
2395 4617 2831 4695 recipiendam
2879 4614 3101 4677 uendi-

384 4732 616 4793 derant
677 4731 1033 4793 secundum
1098 4734 1561 4793 continentiam
1624 4731 1956 4792 cuiusdam
2005 4734 2408 4792 instrumenti
2471 4732 2666 4809 ipsius
2713 4728 3102 4791 uenditionis

385 4844 538 4907 inde
583 4844 858 4905 confecti
917 4844 1205 4923 predicto
1255 4844 1547 4923 Philippo
1590 4845 1870 4906 Maresse
1918 4855 1980 4905 et
2030 4844 2323 4905 Barnabe
2369 4844 2450 4905 de
2485 4844 2722 4905 Risone
2768 4863 2806 4904 a
2851 4841 3101 4922 prefato

390 4957 785 5037 Lampredio
818 4977 937 5037 pro
968 4968 1149 5036 parte
1180 4957 1614 5036 predictorum
1641 4960 1951 5019 comitum
1979 4958 2256 5039 Ragusii,
2279 4957 2578 5028 iudicum,
2603 4956 3101 5017 consiliariorum

390 5082 451 5131 et
500 5073 795 5133 comunis
841 5090 954 5132 seu
1000 5073 1422 5132 vniuersitatis
1468 5071 1753 5132 eiusdem
1802 5082 1986 5145 terre,
2033 5072 2209 5150 quod
2259 5072 2442 5131 uobis
2473 5070 2764 5149 predicto
2807 5068 3096 5132 Michaeli
