3797 5795
1898 398 1980 405 ..„
2037 364 2122 427 34
2195 398 2253 404 -

726 565 813 626 ud
831 560 895 647 (!)
945 574 1148 624 matre
1167 560 1229 643 (!)
1278 573 1339 621 et
1386 561 1669 633 domina,
1713 568 1781 619 ut
1826 568 1976 637 post
2021 558 2272 617 obitum
2321 572 2538 616 meum
2585 554 2802 615 omnia
2862 571 3010 613 mea
3071 553 3431 631 supradicta

724 677 1084 740 uendentur
1128 687 1193 736 et
1237 673 1563 735 edificetur
1608 672 1841 733 domus
1884 670 2201 731 refectorii
2245 678 2308 729 et
2355 668 2617 729 domina
2661 666 2984 727 abbatissa
3030 667 3321 744 promisit
3367 676 3425 727 et

726 788 1059 851 consulere
1104 798 1169 848 et
1214 787 1421 849 facere
1468 796 1531 847 et
1576 783 1945 863 adimplere.

912 981 1208 1055 Ortgz‘nal
1233 985 1317 1053 (τ’)
1357 998 1568 1035 veoma
1615 981 1826 1033 tros‘an
1862 996 1903 1031 u
1946 973 2168 1030 arkivn
2214 981 2572 1029 samostana
2618 982 2782 1029 svete
2829 972 3068 1049 Marije
3117 992 3157 1028 u
3204 974 3432 1029 Zadru.

737 1078 881 1153 (gitti
922 1114 1006 1161 se,
1057 1094 1139 1151 da
1166 1094 1244 1167 je
1288 1110 1459 1149 samo
1505 1089 1775 1165 koncept,
1806 1090 1923 1163 jer
1967 1107 2044 1143 ne
2090 1088 2215 1143 ima
2264 1084 2634 1159 notarskoga
2680 1086 3143 1161 ovjerovljenja.

1991 1447 2180 1526 601.

725 1630 923 1709 1258,
970 1631 1080 1695 20.
1120 1627 1462 1711 januara..
1512 1624 1571 1689 Ι]
1616 1622 1952 1689 Budimu.

722 1818 1043 1903 Kraljz'ca
1076 1814 1348 1901 Mansa
1388 1813 1709 1899 uredjuje
1741 1814 1960 1898 medje
1985 1812 2266 1897 posjeda
2307 1810 2648 1897 Orljavz'ce
2677 1834 2727 1874 u
2749 1811 3067 1897 poies‘koj
3091 1812 3426 1898 zupam‘jz'.

894 2035 1096 2097 Maria
1126 2035 1229 2095 dei
1262 2036 1470 2115 gracia
1504 2034 1720 2115 regina
1752 2032 2082 2114 Hungarie
2115 2034 2416 2092 vniuersis
2448 2029 2678 2094 Christi
2704 2028 2995 2093 fidelibus
3018 2036 3424 2112 presencium

718 2152 1019 2211 noticiam
1069 2148 1373 2209 habituris
1418 2146 1689 2208 salutem
1737 2147 1801 2205 in
1847 2145 2065 2206 salutis
2125 2144 2438 2227 largitore.
2508 2142 2676 2223 Quia
2736 2164 2853 2223 pro
2899 2155 3268 2225 temporum
3317 2167 3424 2208 ua·

718 2265 938 2324 rietate
970 2273 1035 2323 et
1065 2263 1376 2322 comitum
1410 2260 1492 2320 de
1528 2260 1776 2340 Posoga
1809 2258 2141 2338 quondam
2175 2259 2540 2319 mutacione
2570 2256 2792 2319 fideles
2815 2258 3190 2340 iobagiones
3221 2264 3422 2321 nostri

724 2378 786 2435 in
837 2375 1068 2435 eodem
1105 2374 1413 2434 comitatu
1461 2383 1659 2433 terras
1689 2381 1983 2432 tenentes
2013 2389 2202 2449 super
2233 2373 2410 2431 terris
2441 2372 2567 2431 suis
2612 2370 3137 2445 molestabantur,
3169 2391 3289 2433 nec
3313 2392 3428 2452 po-

723 2498 930 2548 terant
976 2508 1012 2547 a
1058 2486 1255 2567 longo
1301 2496 1592 2563 tempore
1639 2484 1918 2565 legitime
1964 2502 2288 2562 possessas
2333 2502 2447 2562 per
2493 2482 3071 2562 calumpniatorum
3105 2486 3428 2547 machina-

726 2610 943 2661 menta
989 2601 1202 2679 quiete
1249 2609 1309 2659 et
1357 2596 1619 2677 pacifice
1664 2595 2010 2676 possidere,
2056 2596 2355 2675 frequens
2401 2597 2680 2674 ipsorum
2731 2615 2849 2659 nos
2893 2598 3285 2678 supplicacio
3336 2602 3432 2660 in-

723 2714 964 2787 uitauit,
1032 2722 1096 2771 vt
1166 2722 1396 2771 terram
1460 2711 1944 2787 vniuscuiusque
2004 2711 2285 2788 ipsorum
2350 2721 2570 2770 nostro
2628 2709 3036 2791 dignaremur
3101 2712 3428 2797 priuilegio

721 2824 1117 2887 confirmare.
1164 2824 1407 2886 Verum
1470 2825 1617 2904 quia
1677 2841 1807 2883 non
1871 2821 2060 2902 plene
2121 2822 2457 2882 constabat
2501 2822 2688 2882 nobis
2734 2822 2816 2883 de
2862 2825 3215 2902 quantitate
3263 2836 3430 2888 terre

724 2942 1007 3019 ipsorum
1042 2949 1106 2999 et
1138 2949 1340 3012 met1S,
1390 2938 1619 3016 quibus
1663 2955 2049 3016 unaquaque
2082 2938 2361 3014 ipsarum
2390 2937 2778 3018 cingebatur,
2818 2935 2964 2997 fidei
2999 2947 3062 2998 et
3093 2937 3431 3020 diligencie

721 3051 928 3113 fidelis
976 3053 1169 3113 nostri
1218 3049 1457 3129 Gyleth
1488 3051 1737 3111 comitis
1783 3051 2268 3110 tawernicorum
2302 3049 2494 3109 incliti
2529 3048 2770 3109 domini
2819 3051 3016 3110 nostri
3049 3053 3214 3133 regis
3247 3053 3431 3114 Hun-

720 3167 898 3246 garie
928 3177 991 3225 et
1022 3165 1272 3225 comitis
1304 3162 1750 3224 buchariorum
1798 3173 2161 3223 nostrorum
2207 3163 2661 3236 commis-imm,
2693 3173 2758 3223 vt
2789 3164 2926 3241 ipse
2969 3182 3160 3244 super
3205 3184 3432 3227 unam-

721 3296 1050 3356 quamque
1083 3279 1359 3355 ipsarum
1393 3285 1697 3336 terrarum
1745 3275 2161 3354 personaliter
2189 3275 2506 3336 accedens
2543 3277 2966 3354 quantitatem
3000 3296 3237 3352 earum,
3271 3298 3433 3357 quas

722 3409 761 3448 a
811 3403 1102 3469 tempore
1162 3389 1329 3450 clare
1392 3389 1699 3449 memorie
1748 3388 1970 3469 Vgrini
2035 3386 2450 3451 Colochensis
2509 3387 2968 3468 archiepiscopi
3014 3400 3078 3452 et
3124 3391 3438 3472 deinceps

722 3519 1050 3579 possessas
1110 3503 1420 3562 inueniret
1466 3502 1549 3562 ab
1596 3501 1685 3560 eis
1729 3500 1914 3560 simul
1961 3511 2026 3560 et
2072 3511 2276 3561 metas
2339 3502 2670 3580 inspiceret
2717 3511 2780 3562 et
2828 3503 3006 3563 iuxta
3070 3513 3276 3565 metas
3319 3525 3436 3566 an-

722 3616 935 3693 tiquas
966 3619 1149 3676 nouis
1180 3617 1405 3676 erectis
1444 3625 1682 3675 statum
1731 3614 2222 3690 uniuscuiusque
2269 3624 2433 3674 terre
2466 3614 2652 3675 nobis
2682 3616 2808 3675 suis
2839 3613 3060 3676 litteris
3091 3617 3432 3678 intimaret.

724 3725 853 3805 Qui
888 3729 1267 3790 mandatum
1298 3741 1362 3788 et
1393 3728 1914 3787 commissionem
1941 3738 2222 3787 nostram
2252 3726 2519 3787 fideliter
2543 3729 2946 3808 exequtus(!)‚
2972 3730 3264 3790 omnium
3297 3750 3445 3810 pre—

724 3838 1042 3902 dictorum
1104 3842 1519 3922 iobagionum
1567 3842 1630 3900 in
1678 3839 1851 3900 dicto
1900 3841 2208 3900 comitatu
2255 3859 2293 3900 a
2339 3850 2632 3919 tempore
2690 3839 2917 3920 prefati
2972 3840 3437 3922 archiepiscopi

722 3957 1089 4015 tenencium
1139 3966 1333 4015 terras
1382 3963 1747 4030 statumque
1794 3955 2074 4032 ipsarum
2121 3963 2428 4014 terrarum
2474 3953 2593 4013 sub
2637 3971 2756 4014 suo
2803 3964 2960 4014 noto
3007 3965 3071 4014 et
3101 3958 3438 4017 autentico

720 4065 930 4146 sigillo
992 4069 1053 4126 in
1117 4066 1399 4145 quadam
1470 4075 1643 4126 carta
1710 4066 1996 4127 clausum
2066 4066 2251 4126 nobis
2322 4068 2682 4138 transmisit,
2744 4067 2904 4126 inter
2968 4087 3128 4146 quas
3195 4079 3441 4132 terram

719 4174 981 4247 Beluch‚
1028 4178 1212 4242 Sewa
1260 4191 1323 4240 et
1369 4176 1664 4241 Otrochk
1725 4181 1987 4239 nomine
2049 4176 2429 4257 Oryawicha
2490 4177 2772 4240 fidelium
2821 4179 3238 4262 iobagionum
3289 4201 3438 4243 nos-

716 4299 1002 4353 strorum
1064 4293 1427 4354 tenencium
1492 4307 1725 4354 terram
1788 4292 1908 4352 sub
1970 4292 2094 4352 hoc
2153 4302 2320 4353 statu
2367 4301 2430 4352 et
2477 4291 2596 4351 sub
2660 4291 2777 4352 hiis
2839 4294 3024 4354 metis
3070 4296 3438 4372 inuenimus

716 4405 1207 4484 comprehendi.
1258 4405 1464 4466 Prima
1496 4404 1812 4483 siquidem
1864 4417 2035 4466 meta
2081 4414 2243 4465 terre
2277 4403 2532 4479 Beluch‚
2577 4403 2762 4467 Sewa
2794 4416 2857 4466 et
2889 4405 3186 4469 Otrochk
3217 4410 3442 4488 incipit

714 4515 807 4574 ab
858 4521 1102 4580 oriente
1162 4537 1351 4597 super
1413 4527 1656 4590 monte,
1716 4519 1819 4578 ubi
1870 4529 1966 4578 est
2021 4529 2192 4578 meta
2239 4527 2440 4578 terrea
2488 4527 2552 4578 et
2597 4528 3083 4580 commetaneus
3142 4522 3280 4582 eius
3340 4531 3442 4582 est

722 4622 997 4705 Bilotha,
1043 4631 1191 4692 inde
1252 4627 1653 4692 descendens
1713 4651 1827 4710 per
1886 4631 2168 4692 eundem
2232 4640 2521 4690 montem
2568 4633 2628 4690 in
2675 4633 2970 4693 semitam
3036 4652 3255 4694 uersus
3301 4653 3436 4695 me-

718 4739 955 4804 ridiem
1016 4763 1220 4823 usque
1280 4746 1465 4820 viam,
1530 4743 1700 4805 vnde
1762 4743 1940 4805 uadit
1983 4743 2067 4804 ad
2115 4745 2340 4823 pirum,
2387 4743 2494 4804 ubi
2539 4754 2633 4804 est
2679 4755 2852 4805 meta
2899 4754 3102 4806 terrea
3151 4758 3218 4806 et
3261 4765 3446 4808 com—

722 4866 1006 4918 metatur
1065 4866 1229 4918 terre
1287 4857 1555 4936 predicti
1604 4853 1894 4937 Biloteffl,
1951 4855 2101 4916 inde
2148 4874 2301 4916 uero
2346 4874 2460 4932 per
2505 4856 2819 4934 quosdam
2867 4858 3062 4918 rubos
3107 4857 3316 4940 dirigit
3363 4879 3438 4920 se

726 4965 815 5027 ad
859 4968 1188 5048 quoddam
1253 4968 1558 5030 fossatum
1622 4968 1705 5028 ad
1765 4968 2038 5029 riuulum
2109 4967 2464 5031 Oriawicha
2527 4979 2590 5028 et
2651 4969 2801 5030 inde
2869 4973 3178 5032 transiens
3223 4976 3433 5034 riuum

728 5075 1086 5143 Oriawicha
1132 5081 1307 5143 uadit
1354 5082 1438 5142 ad
1484 5081 1764 5155 sorbum,
1806 5082 1914 5141 ubi
1950 5094 2046 5143 est
2078 5091 2249 5141 meta
2297 5093 2516 5154 terrea,
2561 5081 2824 5143 demum
2871 5083 3048 5144 uadit
3075 5084 3161 5145 ad
3195 5103 3448 5160 nemuS,
