3797 5795
1566 379 1680 405 .—
1745 342 1964 406 81--

426 536 850 613 pertinentem
912 533 996 594 ad
1057 545 1350 596 sanctum
1419 532 1770 616 Georgium
1840 533 1923 592 de
1993 532 2305 594 Lochuna
2373 532 2666 611 predium
2738 552 2946 603 suum.
3026 534 3143 596 sibi

425 646 842 708 subtraxisset
916 658 980 708 et
1050 647 1222 726 apud
1293 667 1362 707 se
1431 647 1742 708 detineret
1813 645 2096 706 indebite
2166 657 2563 724 occupatam.
2635 643 2875 710 Contra
2948 666 3144 729 quem

425 760 634 820 dictus
681 759 886 838 Moyk
931 760 1278 840 respondit,
1323 759 1502 840 quod
1546 761 1680 838 ipsa
1728 771 1910 833 terra,
1957 777 2152 838 quam
2201 761 2500 840 magister
2547 758 2890 822 Mauricius
2934 761 3017 820 ab
3063 781 3143 822 eo

426 875 702 953 requirit,
766 887 932 934 esset
979 891 1092 934 sua
1138 874 1436 952 empticia
1497 873 1580 934 de
1629 873 1826 934 Paulo
1873 885 1937 932 et
1984 873 2173 933 fratre
2235 891 2351 934 suo
2414 870 2553 933 filiis
2630 871 2793 933 Petri
2864 885 2927 933 et
2995 893 3139 935 eam

423 989 582 1048 sicut
627 989 723 1048 ius
768 988 1140 1066 empticium
1205 985 1609 1064 possedisset.
1671 983 1878 1064 Super
1938 1005 2069 1064 quo
2118 1003 2237 1046 nos
2291 984 2521 1046 auditis
2581 985 3137 1064 proposicionibus

419 1102 705 1178 parcium
767 1099 991 1160 ordine
1037 1099 1364 1160 iudiciario
1404 1099 1822 1173 decrevimu5‚
1869 1097 2048 1176 quod
2095 1097 2267 1158 idem
2314 1095 2538 1176 Moyk,
2570 1100 2719 1177 quia
2764 1099 3129 1176 empticiam

420 1231 602 1274 suam
648 1232 786 1274 esse
845 1212 1099 1274 dicebat
1161 1212 1398 1274 dictam
1455 1221 1706 1285 terram,
1767 1230 1957 1290 super
2002 1210 2127 1271 hoc
2172 1210 2580 1290 expeditores
2640 1229 2807 1284 suOS,
2868 1210 3133 1272 Paulum

417 1325 652 1386 scilicet
699 1336 760 1386 et
806 1325 1064 1386 fratrem
1111 1344 1298 1386 suum
1344 1324 1665 1404 predictos
1709 1323 2075 1384 adduceret.
2136 1321 2545 1384 Adveniente
2591 1334 2807 1386 autem
2854 1326 3133 1385 termino

415 1439 830 1500 adduccionis
879 1438 1332 1518 expeditorum
1377 1456 1656 1510 suorum,
1705 1448 2101 1498 memoratus
2148 1435 2354 1514 Moyk
2401 1439 2627 1498 iterato
2674 1455 2889 1498 coram
2947 1438 3134 1499 nobis

413 1570 812 1632 comparenS,
856 1551 1267 1631 expeditores
1335 1570 1502 1625 suos,
1566 1553 1726 1611 sicut
1787 1550 2085 1624 debebat,
2143 1568 2273 1610 non
2320 1549 2609 1624 adduxit,
2666 1550 2901 1624 dicem,
2950 1551 3129 1631 quod

411 1664 732 1726 adducere
777 1683 890 1726 eos
936 1665 1295 1725 nullatenus
1340 1666 1663 1742 potuisset.
1713 1663 1795 1724 Et
1842 1664 1986 1724 licet
2019 1662 2295 1724 iudicare
2339 1663 2777 1737 voluissemuS,
2825 1683 2905 1724 eo
2951 1663 3131 1743 quod

412 1780 562 1839 iuris
605 1793 758 1850 erat,
803 1777 980 1856 quod
1026 1776 1234 1837 dictos
1279 1775 1688 1856 expeditores
1733 1795 1882 1836 suos
1930 1777 2175 1850 citatOS,
2206 1779 2256 1835 si
2288 1775 2493 1850 vellet,
2537 1775 2903 1851 adduceret,
2950 1777 3131 1852 dixit,

413 1892 594 1972 quod
641 1891 836 1952 nollet
882 1890 965 1951 ad
1010 1908 1271 1969 presens
1316 1909 1383 1950 se
1431 1890 1850 1949 intromittere
1908 1907 2101 1968 super
2146 1888 2269 1949 hoc
2314 1907 2463 1948 cum
2510 1891 2600 1950 eis
2645 1889 2731 1950 ad
2773 1893 3130 1965 accionem,

415 2007 534 2066 nisi
611 2004 788 2082 quod
863 2013 1105 2082 postea,
1174 2005 1222 2062 si
1285 2001 1602 2062 videretur
1647 2002 1783 2075 sibi,
1850 2021 1963 2062 eos
2032 2020 2149 2080 pro
2217 2005 2487 2080 pecunia
2557 2021 2671 2063 sua
2738 2005 3127 2064 conveniret.

415 2119 683 2197 Propter
750 2116 925 2194 quod
985 2119 1188 2195 ipsam
1260 2127 1490 2176 terram
1563 2113 1773 2175 eidem
1845 2117 2148 2196 magistro
2222 2115 2530 2176 Mauricio
2619 2115 2947 2176 voluntate
3015 2135 3125 2178 sua

411 2232 670 2310 propria
737 2231 856 2290 sub
917 2231 1179 2290 nomine
1241 2230 1385 2289 iuris
1454 2230 1731 2308 magistri
1803 2227 2087 2290 Mauricii
2156 2226 2351 2288 libere
2396 2239 2459 2288 et
2505 2227 2769 2306 pacifice
2834 2231 3120 2308 permisit

405 2342 866 2422 possidendam
928 2354 990 2402 et
1040 2360 1158 2402 nos
1204 2341 1437 2402 eodem
1496 2341 1695 2401 modo
1743 2340 2140 2402 decrevimus
2186 2343 2426 2402 iusticia
2473 2341 2691 2402 debita
2736 2342 3121 2420 postulante,

405 2456 586 2536 quod
633 2458 768 2535 ipsa
813 2467 976 2516 terra
1022 2456 1086 2515 in
1134 2457 1228 2516 ius
1273 2455 1554 2536 magistri
1602 2453 1883 2515 Mauricii
1935 2452 2186 2513 devolvi
2234 2453 2467 2515 debeat
2514 2453 2707 2534 pleno
2753 2457 2902 2527 iure,
2983 2458 3123 2516 mit-

406 2581 618 2630 tentes
662 2568 1018 2647 predictum
1064 2567 1464 2646 pristaldum,
1509 2581 1576 2627 ut
1623 2569 1826 2644 ipsam
1875 2581 2112 2628 terram
2167 2568 2471 2649 magistro
2532 2566 2843 2628 Mauricio
2891 2566 3125 2628 debeat

403 2685 727 2764 assignare
773 2685 958 2744 certis
1007 2684 1193 2742 metis
1238 2680 1521 2760 undique
1565 2682 2048 2760 circumpositis,
2099 2677 2294 2742 Cuius
2325 2692 2488 2740 terre
2538 2691 2725 2758 mete,
2771 2693 2961 2759 prout
3006 2700 3122 2760 per

403 2796 686 2856 eundem
719 2795 1096 2874 pristaldum
1131 2794 1484 2866 didicimus
1517 2793 1640 2854 hoc
1672 2793 1896 2854 ordine
1945 2793 2401 2874 distinguntur:
2451 2792 2661 2854 Prima
2694 2805 2867 2854 meta
2896 2794 3117 2872 incipit

403 2914 585 2972 iuxta
646 2911 972 2989 quandam
1035 2911 1204 2969 viam
1267 2927 1455 2987 super
1517 2908 1768 2969 duabus
1828 2908 2160 2968 arboribus
2221 2908 2391 2974 ilicis,
2456 2925 2647 2985 super
2701 2906 2932 2987 quibus
2977 2916 3125 2967 sunt

404 3026 588 3104 signa
653 3025 853 3083 crucis
933 3026 1140 3103 posita
1210 3033 1274 3083 et
1343 3021 1493 3083 inde
1576 3021 1866 3100 procedit
1935 3040 2152 3081 versus
2220 3022 2531 3082 orientem
2600 3020 2777 3080 iuxta
2848 3019 3120 3080 eandem

403 3138 576 3197 viam
621 3146 685 3197 et
729 3138 937 3197 veniet
984 3136 1068 3196 ad
1115 3154 1310 3196 unam
1366 3136 1660 3195 arborem
1711 3135 1862 3195 ilicis
1924 3145 1987 3194 et
2048 3132 2280 3195 exhinc
2341 3133 2627 3193 similiter
2688 3132 2773 3192 ad
2818 3132 3117 3192 arborem

406 3249 562 3310 ilicis
635 3248 1024 3310 antedictam
1111 3260 1174 3309 et
1243 3248 1477 3309 abhinc
1544 3250 1748 3308 eciam
1819 3247 1902 3307 ad
1971 3247 2231 3307 arbores
2301 3248 2470 3320 ilicis,
2540 3246 2644 3307 ubi
2710 3257 2805 3306 cst
2867 3256 3119 3324 pratum

404 3362 737 3441 quoddam
799 3380 1082 3441 parvum,
1145 3361 1294 3422 inde
1353 3380 1504 3421 vero
1565 3360 1648 3421 ad
1696 3361 1955 3420 arbores
2016 3360 2169 3420 ilicis
2231 3378 2513 3441 magnas,
2576 3378 2702 3439 que
2758 3369 2904 3419 sunt
2950 3370 3121 3420 recte

403 3477 470 3535 in
517 3494 684 3555 aqua
747 3472 1263 3553 Chem(er)nicha
1310 3484 1374 3535 et
1420 3492 1503 3534 ex
1551 3472 1656 3533 illa
1699 3492 1867 3551 aqua
1934 3474 2262 3534 revertitur
2307 3473 2389 3533 ad
2436 3474 2713 3553 priorem
2762 3474 2946 3546 viam,
3008 3472 3118 3532 ubi

401 3598 578 3648 recte
617 3590 795 3648 iuxta
841 3589 1008 3647 viam
1055 3597 1202 3648 sunt
1246 3586 1373 3649 due
1419 3586 1680 3647 arbores
1727 3586 1896 3660 ilicis,
1944 3585 2093 3646 inde
2139 3604 2290 3645 vero
2322 3584 2560 3645 directe
2607 3602 2797 3663 super
2842 3584 3117 3645 eandem

405 3703 576 3761 viam
635 3701 838 3763 tendit
906 3718 1124 3760 versus
1195 3699 1524 3760 meridiem
1587 3711 1652 3759 et
1720 3700 1891 3759 venit
1952 3697 2037 3758 ad
2106 3709 2345 3759 metam
2416 3709 2707 3772 terream,
2770 3698 2875 3757 ubi
2942 3699 3118 3758 iuxta

403 3824 686 3873 veterem
717 3823 975 3885 metam,
1023 3831 1147 3891 que
1193 3822 1287 3873 est
1332 3812 1452 3873 sub
1498 3811 1748 3873 duabus
1793 3812 2126 3873 arboribus
2172 3811 2342 3885 ilicis,
2374 3821 2471 3873 est
2503 3830 2666 3871 nova
2716 3822 2889 3871 meta
2935 3810 3116 3871 iuxta

401 3926 680 3988 eandem
725 3944 911 4001 viam,
956 3944 1082 4005 que
1128 3925 1211 3986 de
1255 3936 1480 3985 sancto
1540 3922 1822 4006 Georgio
1870 3924 2045 3985 ducit
2090 3924 2175 3985 ad
2221 3925 2556 3986 ecclesiam
2601 3926 2801 3985 sancti
2848 3920 3114 3984 Andree

399 4053 464 4100 et
513 4040 595 4099 ibi
643 4038 746 4099 illa
791 4040 890 4099 via
935 4037 1150 4099 relicta
1195 4036 1400 4099 tendit
1449 4057 1661 4099 versus
1707 4038 2111 4099 occidentem
2158 4048 2221 4097 et
2270 4038 2439 4098 venit
2485 4036 2571 4098 ad
2616 4038 2929 4111 arborem,
2976 4056 3107 4117 que

400 4152 517 4213 has
561 4160 837 4225 vocatur,
871 4152 991 4211 sub
1037 4169 1164 4231 qua
1209 4161 1307 4212 est
1353 4161 1524 4211 meta
1570 4162 1634 4211 et
1679 4151 1917 4211 exinde
1962 4170 2075 4229 per
2120 4150 2415 4211 arborem
2465 4151 2618 4213 ilicis
2662 4152 2831 4211 venit
2882 4152 3114 4211 iterum

397 4266 482 4326 ad
544 4284 779 4345 aquam
847 4262 1310 4329 Chemernicha
1380 4275 1443 4324 et
1504 4264 1726 4324 transit
1789 4262 1961 4324 illam
2024 4282 2258 4342 aquam
2320 4276 2385 4325 et
2450 4266 2619 4324 venit
2679 4263 2764 4323 ad
2819 4262 3115 4324 arborem

399 4378 572 4451 ilicis,
617 4380 795 4439 iuxta
850 4396 1046 4458 quam
1094 4386 1188 4438 est
1237 4395 1402 4437 nova
1465 4387 1638 4437 meta
1686 4378 1862 4437 iuxta
1925 4387 2203 4437 veterem
2272 4387 2530 4450 metam,
2576 4395 2701 4454 que
2746 4386 2891 4436 sunt
2940 4378 3115 4436 iuxta

399 4490 733 4570 quoddam
795 4501 1092 4571 stagnum
1143 4501 1206 4551 et
1252 4492 1431 4550 iuxta
1493 4488 1646 4550 illud
1707 4501 2007 4571 stagnum
2072 4491 2243 4550 venit
2306 4489 2388 4549 ad
2452 4490 2767 4563 arborem,
2830 4507 2955 4569 que
3001 4486 3115 4548 has

403 4614 680 4679 vocatur,
725 4612 790 4664 et
849 4602 1082 4664 abhinc
1143 4604 1404 4663 veniens
1447 4612 1595 4663 sunt
1655 4606 1833 4684 signa
1894 4602 2242 4664 inmediate
2306 4621 2495 4681 super
2555 4603 2783 4663 arbore
2828 4612 2890 4661 et
2939 4603 3110 4662 venit

399 4716 484 4777 ad
533 4726 773 4777 metam
831 4726 1120 4790 terream,
1181 4734 1307 4795 que
1369 4726 1464 4775 est
1526 4716 1646 4775 sub
1705 4716 1952 4788 arbore,
2021 4734 2146 4795 que
2208 4715 2321 4775 has
2381 4725 2643 4775 vocatur
2718 4726 2781 4774 et
2829 4714 2977 4775 inde
3027 4714 3112 4774 ad

401 4848 706 4911 magnam
767 4829 1060 4889 arborem
1128 4828 1298 4902 ilicis,
1361 4829 1534 4889 iuxta
1601 4846 1798 4908 quam
1860 4839 1957 4888 est
2022 4839 2193 4888 meta
2254 4837 2457 4887 terrea
2518 4828 2637 4889 sub
2682 4826 2925 4899 arbore,
2987 4844 3112 4905 que

401 4945 602 5003 eciam
650 4942 764 5003 has
805 4952 1071 5003 vocatur
1115 4960 1317 5021 prope
1364 4940 1633 5021 domum
1683 4939 1888 5019 Moyk
1948 4940 2213 5019 predicti
2281 4950 2343 5000 et
2406 4940 2639 5001 abhinc
2685 4940 2767 5000 ad
2814 4940 3109 5000 arborem

403 5055 556 5116 ilicis
601 5066 666 5115 et
713 5055 861 5116 inde
907 5055 989 5116 ad
1036 5054 1333 5115 arborem
1395 5055 1527 5133 piri,
1589 5054 1739 5115 inde
1805 5072 1955 5114 vero
2017 5053 2098 5114 ad
2172 5063 2409 5113 metam
2482 5062 2770 5127 terream,
2840 5072 2965 5129 que
3014 5062 3107 5113 est

493 5187 640 5231 con.
677 5188 842 5231 mPL.
877 5188 936 5229 v.
1217 5248 1222 5253 ι
2540 5172 2545 5177 ’
2978 5166 3017 5228 6
