3797 5795
1956 661 2149 740 584.

693 827 894 901 1257,
940 831 1054 895 30.
1102 833 1368 898 marta,

691 1019 906 1082 Petar
965 1020 1366 1106 arcz'djakon
1421 1025 1811 1108 zczgrebac‘kz'
1865 1024 2197 1109 prz'volom
2266 1025 2490 1109 kralja
2552 1025 2719 1087 Bele
2778 1025 3037 1106 uvezdja
3108 1025 3403 1085 monakc

692 1129 1057 1203 Cz‘sterct‘te‚
1115 1135 1282 1219 gdje
1355 1135 1448 1198 im
1493 1136 1577 1220 je
1620 1137 1945 1222 sagradz'o
2006 1139 2211 1200 crkvu
2260 1138 2293 1201 ι’
2330 1137 2590 1201 oskrbt'o
2637 1137 2709 1200 z'h
2758 1136 2981 1200 nekt'm
3046 1137 3325 1221 posy'edo
3335 1157 3399 1196 m

1793 1250 1826 1312 ι’
1869 1249 2286 1314 mlz‘novz'ma.

865 1438 1014 1498 Bela
1047 1439 1150 1500 dei
1179 1443 1390 1521 gracia
1441 1441 1784 1524 Hungarie‚
1831 1442 2181 1513 Dalmacie,
2229 1441 2511 1517 Croacie,
2558 1445 2779 1516 Rame,
2824 1443 3063 1510 Seruie,
3110 1441 3399 1508 Gallicie,

689 1548 1096 1626 Lodomerie,
1145 1551 1586 1634 Cumanieque
1630 1575 1748 1616 rex
1809 1559 2112 1617 universis
2157 1568 2483 1635 presentes
2528 1557 2764 1617 litteras
2814 1558 3187 1634 inspecturis
3233 1554 3398 1616 salu-

686 1673 819 1722 tem
867 1666 928 1724 in
977 1685 1058 1726 eo
1125 1670 1232 1744 qui
1277 1677 1374 1728 est
1435 1667 1604 1729 salus
1665 1671 1975 1730 omnium.
2030 1669 2221 1748 Justis
2282 1671 2645 1748 petencium
2708 1668 3035 1730 desideriis
3098 1669 3397 1747 principis

686 1779 986 1838 convenit
1047 1782 1336 1841 animum
1400 1783 1700 1856 inclinari,
1763 1784 2096 1860 presertim
2159 1802 2304 1843 cum
2371 1783 2454 1842 ab
2521 1802 2601 1843 eo
2662 1785 2912 1860 petitur,
2974 1780 3150 1858 quod
3214 1781 3393 1840 saluti

685 1893 1038 1965 conveniat,
1107 1893 1286 1971 quod
1357 1895 1597 1955 iusticie
1661 1895 1922 1955 minime
1993 1896 2403 1956 contradicat.
2475 1893 2747 1955 Proinde
2808 1893 2890 1954 ad
2954 1895 3389 1954 universorum

687 2003 987 2063 noticiam
1056 2004 1352 2066 volumus
1435 2008 1780 2084 pervenire,
1858 2008 2034 2085 quod
2108 2008 2422 2068 accedens
2488 2006 2572 2067 ad
2640 2018 2925 2067 nostram
3001 2007 3393 2084 presenciam

685 2118 982 2196 magister
1031 2117 1267 2193 PetruS‚
1327 2120 1810 2181 archidiaconus
1871 2121 2324 2201 ZagrabiensiS,
2387 2120 2571 2180 nobis
2617 2118 2937 2180 humiliter
2997 2118 3391 2197 supplicavit,

687 2237 752 2287 ut
799 2227 1246 2304 donacionem,
1309 2251 1504 2310 quam
1567 2234 1832 2294 ecclesie
1895 2234 2085 2293 beate
2148 2234 2402 2314 virginis
2463 2235 2524 2293 in
2586 2232 2786 2292 insula
2854 2231 3083 2312 Egidii,
3145 2233 3205 2290 in
3272 2249 3397 2305 qua

682 2340 1059 2402 fundaverat
1107 2343 1280 2404 idem
1343 2345 1608 2426 Egidius
1652 2347 1985 2407 eeclesiam
2048 2348 2249 2406 sancti
2309 2345 2549 2425 Jacobi,
2610 2346 2817 2406 facere
2882 2344 3276 2414 intendebat,
3336 2345 3397 2401 in

685 2473 813 2532 qua
857 2457 1060 2515 eciam
1108 2457 1330 2517 fratres
1378 2456 1806 2520 Cisterciensis
1853 2460 2090 2520 ordinis
2120 2459 2471 2532 collocavit,
2504 2471 2722 2518 nostro
2754 2457 3164 2538 dignaremur
3208 2456 3395 2534 privi—

684 2566 849 2646 legio
895 2568 1290 2630 confirmare.
1357 2568 1657 2634 Ceterum
1706 2573 1852 2649 quia
1900 2571 1981 2631 de
2028 2571 2162 2643 hiis,
2208 2590 2333 2650 que
2379 2570 2548 2631 dicte
2595 2571 2858 2630 ecclesie
2925 2569 3215 2629 conferre
3262 2586 3399 2646 pre-

684 2679 850 2739 fatus
912 2681 1396 2744 archidiaconus
1466 2683 1859 2755 intendebat,
1922 2685 2109 2744 nobis
2154 2685 2341 2762 plene
2390 2703 2519 2744 non
2566 2683 2919 2753 constabat,
2986 2690 3400 2760 precaventes

683 2802 747 2850 et
807 2811 893 2852 ex
954 2793 1077 2854 hoc
1136 2795 1452 2875 aliquibus
1516 2796 1933 2875 preiudicium
2003 2807 2355 2878 generetur,
2418 2797 2813 2876 inquisicioni
2876 2807 2939 2856 et
3002 2794 3399 2854 ordinacioni

683 2903 986 2985 Stephani
1037 2909 1186 2969 bani
1233 2913 1436 2971 tocius
1484 2911 1826 2973 Sclauonie
1856 2922 1921 2971 et
1954 2912 2265 2989 capitanei
2314 2911 2517 2984 Stirie,
2564 2910 2773 2971 dilecti
2821 2920 2885 2969 et
2930 2908 3134 2969 fidelis
3183 2908 3403 2971 nostri.

683 3022 1138 3095 commisimuS‚
1188 3034 1256 3083 ut
1303 3024 1474 3083 idem
1521 3024 1670 3083 facti
1718 3026 1943 3083 seriem
1996 3024 2179 3083 nobis
2226 3023 2493 3085 fideliter
2524 3025 2587 3083 in
2620 3025 2747 3083 suis
2794 3023 3015 3083 litteris
3060 3024 3405 3081 intimaret.

695 3130 774 3191 Et
820 3132 991 3193 idem
1041 3136 1228 3195 nobis
1273 3138 1606 3214 rescripsit,
1668 3136 1842 3214 quod
1915 3154 2032 3195 nos
2092 3136 2564 3197 contuleramus
2626 3136 2918 3196 fratribus
2968 3134 3405 3197 Cisterciensis

690 3244 928 3305 ordinis
989 3257 1222 3307 terram
1291 3252 1474 3308 unius
1533 3251 1718 3309 aratri
1769 3250 1830 3308 in
1878 3248 2079 3309 insula
2149 3249 2487 3323 antedicta,
2550 3252 2612 3308 in
2660 3267 2787 3328 qua
2832 3248 3035 3308 insula
3084 3248 3197 3307 fuit
3246 3246 3403 3307 olim

690 3366 1055 3419 constructa
1117 3360 1381 3421 ecclesia
1429 3363 1628 3421 sancti
1684 3361 1924 3440 Jacobi,
1987 3364 2163 3423 iuxta
2224 3381 2417 3440 quam
2489 3362 2657 3422 idem
2720 3360 3207 3420 archidiaconus
3252 3377 3406 3419 con-

690 3472 918 3530 struxit
966 3471 1313 3532 claustrum
1360 3482 1422 3533 et
1469 3473 1802 3533 ecclesiam
1867 3475 1931 3533 in
1993 3474 2238 3535 honore
2284 3486 2502 3535 sancte
2552 3474 2753 3534 Marie
2799 3475 3057 3553 virginis
3104 3472 3401 3553 gloriose,

693 3583 1014 3649 residuum
1087 3604 1237 3644 vero
1301 3584 1462 3645 illius
1531 3586 1731 3645 insule
1800 3598 2041 3646 emerat
2110 3587 2389 3665 prefatus
2448 3586 2933 3646 archidiaconus
2994 3606 3029 3644 a
3088 3584 3404 3663 Johanne,

693 3700 822 3760 filio
885 3697 1158 3774 Yrozlay
1219 3699 1384 3757 iusto
1453 3699 1666 3776 precio
1727 3698 2068 3776 persoluto
2142 3700 2297 3759 ltem
2360 3700 2547 3759 aliam
2620 3698 2887 3759 insulam
2960 3701 3116 3757 emit
3188 3715 3407 3757 versus

693 3813 1004 3871 orientem
1066 3830 1103 3869 a
1164 3810 1607 3890 iobagionibus
1675 3813 1858 3871 castri
1922 3811 2373 3891 ZagrabiensiS,
2430 3811 2692 3871 scilicet:
2758 3809 2975 3889 Jacou,
3052 3810 3406 3887 Hutywoy,

696 3922 964 3994 Cherna,
1011 3922 1096 3982 W
1102 3922 1306 3982 lcheta
1351 3932 1414 3983 et
1461 3923 1545 3982 ab
1589 3923 1724 3983 aliis
1768 3926 2059 4005 cognatis
2103 3924 2494 3984 eorumdem.
2558 3923 2877 3984 Intimavit
2940 3925 3147 3983 eciam
3216 3922 3405 3981 nobis

693 4036 898 4095 dictus
959 4036 1180 4107 banuS,
1248 4035 1424 4114 quod
1493 4035 1662 4095 idern
1727 4037 2025 4115 magister
2088 4036 2304 4096 Petrus
2372 4035 2692 4097 habuisset
2752 4038 2869 4096 tria
2942 4034 3319 4095 molendina
3366 4054 3405 4093 a

693 4159 873 4225 parte
941 4150 1126 4207 castri
1195 4145 1425 4221 Grech‚
1486 4150 1550 4207 in
1609 4166 1777 4227 aqua
1838 4166 1964 4226 que
2025 4148 2244 4207 dividit
2312 4160 2541 4207 terram
2612 4151 2795 4209 castri
2857 4146 3071 4209 Grech
3132 4168 3171 4207 a
3238 4158 3405 4206 terra

691 4261 954 4320 fratrum
1004 4258 1538 4341 Zagrabiensium,
1585 4279 1710 4339 que
1758 4260 2018 4338 quidem
2064 4259 2545 4321 archidiaconus
2591 4262 2954 4339 sepedictus
3001 4260 3087 4319 ab
3134 4261 3408 4335 antiquo

693 4372 1064 4451 possederat
1133 4373 1316 4433 titulo
1384 4374 1753 4450 empcionis.
1833 4372 2075 4433 Verum
2144 4391 2261 4449 pro
2324 4372 2498 4431 bono
2572 4374 2764 4450 paciS‚
2836 4372 3165 4433 mediante
3232 4372 3409 4430 bano

691 4483 1022 4563 Stephano
1069 4486 1310 4545 exstitit
1356 4484 1740 4553 ordinatum,
1788 4496 1853 4543 ut
1901 4485 2030 4544 duo
2078 4483 2444 4543 molendina
2491 4483 2573 4544 de
2618 4485 2833 4558 tribus,
2894 4484 3135 4545 scilicet
3203 4502 3405 4544 unum

691 4596 915 4657 melius
946 4608 1008 4657 et
1039 4597 1211 4657 aliud
1258 4598 1534 4657 deterius
1581 4596 1842 4655 deberet
1889 4596 2121 4655 habere
2174 4595 2652 4657 archidiaconus
2697 4597 3076 4668 antedictuS,
3126 4596 3396 4656 tercium

689 4730 839 4771 vero
886 4710 1347 4784 molendinum,
1397 4709 1621 4769 melius
1668 4707 1979 4779 deteriori,
2026 4707 2333 4767 deberent
2381 4707 2614 4768 habere
2660 4711 2829 4769 cives
2876 4709 2957 4768 de
3005 4706 3223 4769 Grech
3274 4710 3403 4767 suis

690 4823 906 4883 usibus
964 4824 1326 4901 aplicaturn.
1392 4819 1556 4883 Cum
1621 4822 1806 4900 igitur
1874 4820 2047 4879 bone
2106 4820 2192 4878 rei
2255 4819 2407 4879 dare
2451 4821 2831 4891 consultum,
2896 4824 3213 4899 presentis
3284 4823 3412 4881 vite

693 4936 922 4996 habeat
969 4935 1320 4995 subsidium
1369 4936 1601 5012 pariter
1631 4943 1693 4992 et
1727 4941 1962 5002 eterne,
2008 4932 2435 4991 intencionem
2485 4932 2867 4993 laudabilem
2914 4934 3068 4993 dieti
3120 4936 3405 5015 magistri

691 5051 797 5125 pio
845 5048 1061 5109 favore
1120 5048 1419 5126 prosequi
1483 5047 1827 5121 cupientes
1891 5055 1956 5102 ut
2018 5054 2251 5102 terram
2312 5046 2374 5102 in
2437 5044 2635 5105 insula
2698 5056 3053 5123 prenotata,
3118 5067 3157 5106 a
3222 5046 3411 5106 nobis
