3797 5795
1814 392 2086 457 —508
2147 428 2220 436 —

666 583 1044 663 supradicte,
1088 602 1206 662 pro
1267 602 1347 644 eo
1410 584 1709 655 maxime,
1756 583 1934 662 quod
1995 584 2296 662 episcopi,
2343 584 2448 662 qui
2512 602 2632 662 pro
2701 591 2991 660 tempore
3035 581 3370 642 ecclesiam

666 694 1158 779 Zagrabiensem
1224 696 1758 778 gubernauerunt,
1818 714 2072 775 semper
2141 692 2362 757 fideles
2430 698 2600 777 regie
2668 712 2907 755 corone
2975 697 3370 755 exstiterunt.

668 808 861 871 Unde
907 828 1025 869 nos
1070 808 1154 869 de
1198 808 1453 888 speciali
1498 810 1710 889 gracia
1755 826 1986 870 omnes
2045 808 2321 888 populos
2385 809 2577 887 ipsius
2622 806 2890 868 ecclesie
2935 806 3374 888 Zagrabiensis

664 930 800 983 tam
846 924 909 983 in
957 923 1215 997 banatu,
1260 940 1455 997 quam
1502 924 1565 982 in
1610 922 1745 983 aliis
1811 922 2220 983 comitatibus
2281 923 2681 995 constitutOS,
2727 920 2810 980 ab
2858 920 3050 999 ipsius
3111 919 3261 979 bani
3309 930 3372 980 et

665 1036 975 1096 comitum
1041 1034 1479 1095 iurisdiccione
1539 1036 1807 1095 omnino
1875 1036 2252 1109 exemimuS,
2296 1043 2367 1095 ut
2413 1033 2605 1094 iidem
2655 1032 2875 1112 populi
2921 1032 3003 1093 de
3049 1032 3184 1093 aliis
3231 1050 3371 1114 gra-

665 1146 1027 1207 uaminibus
1071 1147 1372 1226 expediti,
1418 1146 1635 1208 debita
1683 1150 1946 1208 seruicia
1977 1156 2040 1208 et
2071 1156 2378 1208 consueta
2424 1146 2666 1207 facilius
2711 1148 2958 1226 possint
3003 1155 3067 1207 et
3115 1146 3370 1206 ualeant

665 1260 783 1339 ipsi
814 1260 1119 1338 episcopo
1166 1258 1470 1321 exhibere
1500 1270 1565 1321 et
1596 1262 1659 1320 in
1693 1260 1994 1321 omnibus
2025 1270 2158 1321 tam
2192 1261 2255 1321 in
2288 1259 2548 1333 iudiciis,
2597 1257 2938 1333 maleficiiS,
2981 1259 3376 1331 excessibuS,

664 1390 862 1453 quam
909 1373 970 1433 in
1019 1373 1154 1433 aliis
1196 1374 1473 1434 seruiciis
1503 1382 1567 1433 et
1599 1372 1951 1434 redditibus
1999 1372 2486 1452 quibuscunque
2531 1374 2796 1433 nomine
2841 1372 3223 1451 nuncupatis
3256 1390 3374 1432 suo

662 1496 913 1547 tantum
972 1487 1277 1566 episcopo
1338 1484 1743 1567 Zagrabiensi
1789 1496 1853 1547 et
1898 1488 2094 1566 ipsius
2155 1484 2466 1547 iudicibus
2523 1504 2638 1547 seu
2699 1484 3074 1546 officialibus
3141 1484 3371 1564 populi

662 1599 927 1660 ecclesie
992 1598 1383 1678 respondere
1446 1608 1799 1659 teneantur.
1867 1596 2259 1674 AdicienteS,
2325 1598 2502 1678 quod
2559 1600 2608 1659 si
2673 1599 3012 1677 episcopus
3074 1597 3180 1659 uel
3229 1600 3370 1658 eius

658 1711 854 1772 iudex
915 1722 1026 1772 aut
1086 1710 1373 1773 officialis
1419 1714 1482 1771 in
1529 1711 1859 1772 reddenda
1921 1714 2163 1773 iusticia
2223 1711 2704 1792 querulantibus
2765 1720 2989 1773 contra
3033 1712 3208 1789 ipsos
3255 1730 3372 1789 po-

658 1824 845 1903 pulos
912 1824 1242 1906 negligens
1310 1824 1494 1885 suerit
1565 1825 1665 1886 uel
1733 1826 2050 1899 remissuS,
2095 1843 2227 1885 non
2295 1827 2364 1899 is,
2426 1836 2649 1885 contra
2709 1842 2904 1905 quem
2961 1826 3182 1907 agitur,
3253 1824 3369 1885 sed

659 1939 998 2017 episcopus
1041 1938 1147 1998 uel
1190 1940 1325 1998 eius
1370 1936 1565 1999 iudex
1610 1937 1695 1999 ad
1742 1949 2030 1999 nostram
2090 1938 2385 2000 citabitur
2443 1941 2842 2017 presenciam
2887 1936 2972 1998 ad
3018 1939 3372 1998 terminum

659 2060 1156 2129 competentem.
1204 2050 1527 2113 Volumus
1588 2052 1813 2125 eciam,
1859 2050 2038 2127 quod
2099 2051 2307 2112 nullus
2368 2052 2686 2112 baronum
2732 2060 3096 2113 nostrorum
3147 2053 3213 2112 in
3261 2070 3376 2130 po-

659 2163 823 2243 pulis
889 2162 1156 2245 ecclesie
1221 2162 1458 2225 audeat
1526 2163 1908 2225 descensum
1976 2163 2330 2225 uiolentum
2397 2166 2700 2243 recipere,
2745 2166 2854 2244 qui
2915 2183 3072 2224 uero
3143 2173 3372 2224 contra

660 2278 1132 2355 presumpserit,
1202 2276 1717 2358 indignacionem
1785 2279 2026 2359 regiam
2092 2276 2330 2338 exinde
2383 2279 2656 2339 incurrat
2725 2287 2790 2338 et
2849 2279 2986 2355 ipse
3029 2278 3374 2355 episcopus

656 2399 882 2450 contra
941 2389 1305 2450 huiusmodi
1367 2402 1879 2468 presumptorem
1940 2408 2055 2468 per
2115 2407 2452 2451 censuram
2497 2390 2995 2452 ecclesiasticam
3041 2386 3374 2467 procedat,

658 2513 848 2581 prout
910 2504 1207 2563 meruerit
1267 2505 1647 2582 proteruitas
1705 2504 2185 2582 presumptoriS,
2229 2504 2344 2564 nisi
2406 2522 2474 2563 se
2535 2521 2724 2581 super
2786 2503 3008 2562 iniuria
3053 2500 3226 2562 illata
3275 2520 3369 2561 re-

657 2626 1023 2697 cognoscat.
1072 2612 1372 2678 Ceterum
1419 2634 1566 2675 cum
1615 2616 1678 2675 in
1724 2615 1980 2695 populis
2040 2614 2306 2676 ecclesie
2376 2614 2774 2693 temporibus
2820 2616 3149 2675 retroactis
3197 2612 3372 2674 nulla

658 2727 926 2789 collecta
996 2727 1181 2788 suerit
1241 2739 1303 2788 et
1368 2746 1489 2788 nos
1554 2738 1847 2807 tempore
1917 2729 2292 2808 nupciarum
2360 2730 2664 2789 carissimi
2733 2726 2838 2788 filii
2912 2729 3125 2799 nostri,
3173 2725 3374 2788 felicis

657 2841 1143 2916 recordacioniS,
1190 2840 1341 2903 Bele
1385 2841 1581 2916 duciS,
1629 2840 1966 2904 collectam
2013 2849 2262 2920 septem
2309 2840 2716 2903 denariorum
2780 2841 2951 2923 exigi
3000 2839 3372 2902 fecissemus

656 2965 721 3015 et
766 2955 1187 3035 postmodum
1248 2955 1491 3034 aliquot
1555 2974 1760 3016 annos
1803 2957 2282 3034 recepissemuS‚
2327 2954 2592 3016 tandem
2641 2964 3035 3016 recurrentes
3081 2953 3165 3014 ad
3213 2971 3372 3014 con-

654 3071 1015 3144 scienciam,
1060 3069 1148 3130 ob
1194 3072 1626 3130 reuerenciam
1688 3070 1890 3130 sancti
1956 3067 2234 3129 Ladizlai
2280 3071 2460 3150 regiS,
2509 3071 2619 3147 qui
2665 3080 2759 3130 est
2805 3067 3109 3129 fundator
3169 3069 3370 3146 ipsius

651 3183 923 3244 ecclesie
984 3194 1048 3243 et
1106 3201 1224 3261 pro
1288 3179 1572 3243 remedio
1640 3185 1854 3243 anime
1921 3183 2228 3243 carissimi
2291 3181 2397 3243 filii
2467 3183 2663 3243 nostri
2737 3181 2886 3242 Bele
2932 3181 3114 3241 ducis
3160 3181 3368 3259 ipsam

648 3296 993 3356 collectam
1027 3305 1274 3374 septem
1309 3295 1716 3356 denariorum
1749 3295 1924 3356 dicto
1956 3297 2262 3375 episcopo
2293 3297 2355 3355 in
2387 3293 2641 3374 populis
2682 3294 2947 3355 ecclesie
2981 3293 3369 3354 relaxamus,

646 3405 749 3468 Vt
796 3410 982 3490 igitur
1042 3407 1161 3468 hec
1220 3409 1455 3481 omnia,
1518 3427 1642 3486 que
1688 3429 1725 3468 a
1772 3409 1960 3469 nobis
2006 3418 2072 3468 et
2118 3409 2443 3468 carissimo
2488 3417 2669 3486 patre
2717 3417 2954 3480 nostr0,
3019 3425 3094 3467 ac
3139 3425 3176 3466 a
3225 3424 3368 3485 pre-

646 3518 1096 3582 decessoribus
1162 3525 1391 3583 nostris
1458 3533 1603 3583 sunt
1670 3541 1994 3595 concessa,
2056 3523 2286 3582 nostris
2354 3531 2851 3599 nostrorumque
2918 3537 3362 3582 successorum

646 3635 1051 3714 temporibus
1118 3635 1623 3717 irrefragabiliter
1690 3636 1860 3697 salva
1930 3653 2186 3714 semper
2251 3643 2315 3696 et
2385 3635 2762 3696 inconcussa
2837 3635 2901 3694 in
2975 3644 3362 3712 perpetuum

646 3746 907 3808 ualeant
937 3766 1331 3827 permanere,
1362 3748 1629 3828 duplicis
1660 3747 1836 3830 sigilli
1871 3751 2072 3809 nostri
2107 3749 2459 3809 munimine
2490 3767 2574 3808 ex
2606 3757 2776 3808 certa
2824 3757 3040 3808 nostra
3087 3747 3366 3806 sciencia

650 3857 920 3922 fecimus
964 3861 1265 3921 roborari.
1313 3859 1555 3922 Datum
1601 3879 1715 3940 per
1760 3879 1990 3922 manus
2037 3863 2314 3942 magistri
2363 3858 2692 3934 Demetrii,
2748 3843 3050 3921 Albensis
3095 3858 3364 3919 ecclesie

650 3977 973 4052 prepositi,
1018 3974 1161 4035 aule
1223 3983 1439 4035 nostre
1499 3974 2008 4049 vicecancellarii,
2053 3973 2266 4035 dilecti
2329 3985 2392 4034 et
2458 3971 2661 4034 fidelis
2724 3975 2937 4034 nostri.
2999 3970 3198 4033 Anno
3247 3971 3364 4031 do·

654 4087 885 4149 minice
945 4089 1405 4148 incarnacionis
1466 4087 1802 4148 millesimo
1863 4087 2306 4148 ducentesimo
2367 4088 2771 4167 sexagesimo
2832 4104 3029 4157 nono,
3091 4082 3200 4145 XI.
3253 4081 3364 4143 ka-

652 4197 875 4261 lendas
920 4203 1197 4274 ianuarii,
1242 4203 1417 4282 regni
1467 4211 1683 4261 autem
1731 4202 1928 4260 nostri
1973 4219 2146 4261 anno
2193 4201 2514 4260 tricesimo
2562 4207 2808 4278 quarto,

838 4393 1138 4473 Omginal
1164 4413 1204 4450 u
1236 4389 1463 4451 arkivu
1492 4391 1741 4469 kaptola
1768 4391 2229 4467 zagrebaffkoga
2242 4395 2417 4470 fasc.
2452 4397 2499 4448 1.
2537 4391 2624 4447 br.
2664 4395 2739 4459 2.,
2773 4388 3357 4464 crveno-ljubilasta

650 4501 891 4558 svilena
935 4517 1123 4556 vrvca
1167 4499 1293 4555 visi
1337 4497 1439 4555 bez
1475 4503 1718 4575 pec‘ata.

822 4604 1080 4662 Farlati
1122 4603 1297 4671 Illyr.
1344 4621 1594 4660 sacrum
1640 4604 1700 4662 V.
1741 4606 1876 4660 375.
1924 4635 2008 4644 —-
2065 4601 2316 4658 Ykalc'ic‘
2357 4600 2632 4658 Monam.
2683 4601 2940 4676 episcop.
2987 4597 3251 4672 Zagrab.
3300 4598 3349 4655 l.

650 4711 984 4764 145—146.
1036 4739 1117 4748 —
1181 4707 1425 4765 {Venzel
1487 4707 1627 4765 cod.
1693 4707 1839 4782 dipl.
1907 4706 2138 4782 Arpad.
2186 4714 2338 4763 cont.
2387 4705 2500 4764 XI.
2555 4710 2628 4760 58
2643 4709 2686 4761 l.
2733 4705 2954 4760 donosi
3007 4710 3220 4777 regest.
3275 4735 3352 4744 —-

651 4811 1026 4888 Kukuljevic‘
1065 4813 1214 4886 Reg.
1264 4832 1359 4869 no.
1416 4817 1546 4871 988.
