3797 5795
1644 385 1732 396 —
1789 353 2048 414 443-

1749 643 1942 722 910.

485 818 685 898 1267,
728 819 793 882 5.
842 816 1173 885 oktobra.
1219 819 1280 884 U
1324 817 1585 884 Zadru.

482 1006 901 1092 Laurencz'je
962 1007 1349 1092 nadbz'skup
1414 1006 1739 1072 zadarskz‘
1788 1007 2144 1093 preptlruje
2196 1008 2362 1071 bulu
2415 1016 2592 1093 pape
2641 1008 3010 1071 Klementa
3057 1008 3106 1069 J
3117 1009 3191 1074 V.

484 1120 605 1196 (od
664 1123 767 1184 15.
835 1126 1055 1184 marta
1116 1123 1362 1192 1266.),
1426 1120 1643 1205 kojom
1716 1143 1803 1184 on
1882 1119 2102 1206 polide
2177 1121 2477 1198 krs‘c‘ane,
2535 1120 2630 1196 da
2693 1119 3064 1206 doprinesu
3117 1142 3195 1184 za

777 1233 1088 1318 gradnju
1135 1235 1329 1297 crkve
1374 1231 1938 1296 Domt‘m'kanaca
1983 1255 2032 1296 u
2077 1234 2318 1297 Zadru
2364 1238 2490 1309 (sv.
2541 1233 2894 1304 Platona).

663 1425 810 1486 Hoc
870 1426 1246 1505 exemplum
1307 1438 1635 1505 sumptum
1698 1437 1791 1486 est
1853 1446 1937 1486 ex
2001 1426 2288 1504 quodam
2351 1427 2637 1508 originali
2707 1426 3083 1486 sanctissimi
3129 1427 3194 1485 in

486 1536 738 1602 Christo
780 1541 975 1617 patris
1005 1538 1251 1598 domini
1292 1535 1659 1612 ClementiS,
1691 1538 1792 1599 dei
1826 1541 2038 1620 gracia
2068 1541 2302 1600 summi
2334 1539 2669 1618 pontificiS‚
2701 1538 2988 1600 eiusdem
3021 1538 3194 1599 bulle

484 1670 630 1712 cum
678 1651 809 1713 filio
856 1653 1061 1712 serico
1108 1651 1532 1730 dependentis
1578 1655 1823 1733 integre
1870 1670 1947 1713 ac
1993 1652 2164 1713 illese
2212 1653 2566 1712 munimine
2613 1653 2934 1712 roborato,
2999 1649 3194 1713 Cuius

488 1774 675 1825 tenor
718 1784 833 1843 per
876 1767 1095 1825 omnia
1143 1765 1533 1846 dignoscitur
1581 1783 1719 1825 esse
1766 1767 1924 1827 talis.

665 1879 923 1954 (Slijedi
967 1880 1113 1937 bula
1154 1890 1317 1956 pape
1363 1879 1685 1937 Klementa
1737 1882 1780 1939 l
1786 1883 1843 1938 V.
1896 1883 1980 1938 oei
2011 1903 2074 1956 g.
2128 1884 2299 1937 1266.
2353 1887 2440 1936 15.
2489 1882 2741 1954 marta).

665 1991 800 2051 Nos
846 2001 1063 2052 autem
1112 1990 1505 2052 Laurencius
1550 1991 1653 2052 dei
1700 1995 1910 2074 gracia
1967 1992 2288 2073 Jadrensis
2358 1992 2870 2071 archiepiscopus
2945 2010 3193 2053 memo-

487 2114 695 2165 ratum
761 2104 1067 2184 originale
1128 2122 1260 2163 non
1329 2104 1772 2178 cancellatum,
1841 2124 1972 2166 non
2041 2106 2372 2179 abolitum,
2431 2122 2548 2166 nec
2594 2104 2910 2179 abrasum,
2972 2115 3068 2164 set
3129 2106 3191 2164 in

486 2217 663 2277 omni
710 2228 891 2296 parte
923 2237 1037 2278 sua
1084 2219 1401 2298 integrum
1436 2227 1497 2277 et
1531 2217 1904 2296 perfectum,
1934 2218 2168 2278 lectum
2201 2229 2265 2278 et
2296 2217 2676 2279 ascultatum
2709 2236 2856 2278 cum
2889 2216 3193 2296 exemplo

484 2333 759 2408 presenti
808 2349 980 2391 anno
1027 2333 1488 2391 incarnacionis
1550 2331 1873 2391 dominice
1935 2329 2443 2405 MCCLXVII⁰.‚
2487 2331 2806 2392 indicione
2852 2350 3043 2405 nona,
3091 2330 3193 2392 die

489 2446 794 2518 mercurii,
824 2445 1099 2504 intrante
1130 2441 1472 2524 otubrio(!),
1504 2441 1801 2526 Jadrie(!),
1839 2445 1904 2504 in
1936 2444 2183 2524 palacio
2214 2445 2688 2524 archiepiscopi,
2735 2455 2800 2504 vt
2845 2446 2908 2504 in
2957 2443 3192 2505 eodem

486 2555 762 2616 uidimus
823 2556 1107 2637 originali
1156 2566 1219 2617 et
1267 2556 1348 2617 de
1395 2558 1596 2617 uerbo
1642 2557 1727 2618 ad
1788 2557 2058 2618 uerbum
2122 2557 2407 2639 legimUS,
2455 2560 2858 2637 precepimus
2919 2556 3192 2618 fideliter

486 2670 835 2748 exemplari
870 2669 953 2730 ad
985 2681 1294 2748 perpetue
1326 2673 1412 2729 rei
1446 2671 1821 2730 memoriam
1858 2669 2216 2730 faciendam
2251 2680 2315 2730 et
2351 2688 2432 2729 ne
2464 2669 2546 2730 de
2578 2670 2854 2748 presenti
2887 2671 3191 2749 exemplo

482 2783 873 2842 autenticato
904 2784 965 2842 in
998 2792 1327 2860 posterum
1360 2783 1443 2841 ab
1474 2783 1791 2860 aliquibus
1822 2782 2165 2858 dubitetur,
2210 2782 2482 2864 sigillum
2531 2801 2674 2843 cum
2726 2781 2834 2843 filo
2881 2781 3192 2861 pendenti

487 2893 700 2956 eidem
746 2895 1051 2956 facientes
1098 2897 1355 2975 apponi.

668 3089 967 3162 Orzjginal
1006 3108 1048 3146 u
1085 3089 1349 3163 gubern.
1420 3088 1555 3146 ark.
1627 3110 1667 3146 u
1732 3091 1948 3147 Zadru
2016 3090 2186 3163 (odio
2255 3100 2612 3147 samos-tana
2681 3110 2766 3147 sv.
2851 3089 3191 3146 Dominika

482 3192 573 3252 br.
623 3196 795 3248 2152.
800 3196 825 3257 )
872 3194 981 3251 Na
1026 3195 1231 3250 listim·
1273 3194 1487 3251 nalazi
1528 3214 1595 3250 se
1640 3203 1801 3267 trag,
1840 3196 1993 3269 gcq'je
2018 3196 2096 3270 je
2141 3216 2174 3251 0
2221 3196 2400 3254 vrvci
2440 3196 2597 3251 velrio
2635 3198 2835 3270 pec'at.

655 3298 915 3355 Farlati
958 3298 1055 3355 Ill.
1106 3318 1269 3357 sacr.
1334 3300 1395 3355 V.
1454 3302 1545 3353 78.
1598 3332 1674 3339 -
1724 3298 2101 3373 Kukuljevic'
2145 3300 2293 3373 Reg.
2345 3319 2439 3356 no,
2497 3302 2630 3354 905.

1746 3625 1940 3704 911.

485 3777 686 3873 1267,
731 3777 833 3840 10.
885 3773 1217 3842 oktobra.
1264 3774 1324 3841 U
1370 3774 1699 3859 Troqiru.

481 3965 754 4049 Biskup
801 3963 1134 4050 trogz'rski
1176 3965 1565 4028 Kolumban
1612 3987 1689 4027 sa
1736 3964 1982 4050 svojz'm
2031 3962 2368 4049 kaplolom
2428 3963 2714 4048 oditnjn,
2767 3966 2856 4028 da
2903 3966 3189 4049 nemaju

1181 4086 1400 4161 prava
1448 4076 1669 4141 dz‘zatz‘
1708 4077 2010 4141 desetz'ne
2055 4100 2103 4140 u
2162 4076 2474 4163 Trogt'ru.

658 4274 725 4333 In
800 4275 1063 4333 nomine
1132 4271 1377 4332 domini
1448 4272 1645 4332 nostri
1706 4270 1857 4351 Jesu
1929 4269 2156 4334 Christi
2225 4289 2433 4332 amen.
2495 4270 2694 4332 Anno
2755 4292 2792 4332 a
2854 4272 3186 4334 natiuitate

481 4386 768 4448 eiusdem
834 4384 1170 4446 millesimo
1231 4384 1673 4446 ducentesimo
1731 4386 2136 4465 sexagesimo
2183 4387 2474 4463 septim0‚
2521 4384 2869 4446 indictione
2915 4385 3186 4462 decima,

479 4500 784 4581 Tragurii‚
830 4498 934 4559 die
980 4499 1143 4572 lune,
1189 4498 1441 4559 decima
1487 4499 1761 4559 intrante
1807 4498 2072 4571 octobri,
2119 4508 2426 4579 regnante
2472 4498 2740 4559 domino
2786 4508 3006 4559 nostro
3039 4499 3191 4561 Bela

481 4614 884 4674 serenissimo
960 4630 1110 4693 rege
1188 4612 1488 4693 Vngarie,
1564 4612 1962 4691 temporibus
2030 4611 2273 4672 domini
2354 4609 2741 4673 Columbani
2814 4612 3190 4675 venerabilis

480 4725 919 4807 Traguriensis
947 4728 1249 4805 episcopi,
1280 4724 1525 4785 domini
1560 4724 1837 4785 Rolandi
1870 4726 2103 4805 egregii
2137 4725 2406 4799 comitis,
2430 4725 2840 4787 dominorum
2859 4722 3188 4788 Valentini

482 4838 841 4916 Kasaricce‚
887 4838 1060 4901 Dese
1104 4837 1421 4899 Amblasii
1468 4848 1532 4898 et
1579 4838 1757 4899 Luce
1807 4838 1970 4898 Petri
2018 4837 2318 4898 iudicum.
2367 4835 2534 4901 Cum
2581 4848 3030 4918 procuratores
3073 4857 3187 4900 seu

481 4952 701 5013 sindici
767 4953 866 5013 uel
923 4962 1173 5013 actores
1238 4951 1679 5033 Traguriensis
1740 4951 1998 5029 capituli
2044 4962 2106 5011 et
2155 4953 2564 5013 comunitatis
2631 4952 2918 5034 Tragurii
2980 4951 3190 5013 forent

477 5085 695 5127 coram
771 5066 1110 5128 venerabili
1180 5076 1361 5144 patre
1429 5064 1696 5125 domino
1777 5062 2205 5128 Columbano.
2256 5065 2357 5125 dei
2429 5074 2492 5126 et
2560 5065 2912 5144 apostolica
2979 5067 3191 5147 gracia
