3797 5795
1820 393 2226 458 -202—

669 581 955 642 orientali
1003 593 1099 641 est
1145 594 1645 659 commetaneuS‚
1674 585 1758 646 ab
1805 584 2185 646 occidentali
2231 605 2384 645 vero
2429 595 2610 664 parte
2653 602 2852 664 vsque
2897 601 3136 663 aquam
3189 580 3401 641 Zawa

668 713 815 772 pars
858 703 953 754 est
994 694 1317 774 JohanniS,
1364 699 1517 757 item
1562 698 1849 759 ascendit
1892 719 2008 777 per
2053 698 2308 760 Zawam
2368 700 2652 777 superius
2711 715 2924 758 versus
2969 695 3398 756 occidentem

669 817 1095 868 commetatur
1144 803 1358 892 [terlre
1402 808 1677 872 filiorum
1725 811 1962 873 Zauide
2009 821 2074 872 et
2121 810 2404 889 Mathye‚
2433 813 2589 871 item
2635 808 3038 889 protenditur
3081 808 3398 885 superius

669 938 782 997 per
826 923 1120 996 antiquas
1180 931 1388 982 metas
1447 923 1745 985 arboreas
1804 944 2024 985 versus
2085 924 2470 1004 aquilonem,
2515 925 2693 984 cuius
2754 922 2909 983 silue
2955 919 3398 982 occidentalis

670 1052 814 1111 pars
880 1043 976 1094 est
1042 1033 1315 1095 filiorum
1387 1036 1622 1097 Zauide
1669 1048 1731 1098 et
1782 1037 2064 1116 Mathye‚
2110 1058 2148 1098 a
2193 1046 2373 1115 parte
2439 1046 2658 1097 autem
2728 1035 3013 1096 orientali
3083 1052 3236 1112 pars
3287 1043 3394 1092 est

668 1144 987 1224 Iohannis,
1045 1148 1281 1210 abinde
1342 1169 1456 1229 per
1504 1198 1887 1212 .......
1949 1149 2034 1211 ad
2097 1150 2368 1211 rivulum
2413 1152 2691 1228 priorem
2741 1159 2804 1209 et
2850 1149 2934 1208 ibi
2983 1149 3397 1208 terminatur-

671 1259 833 1320 Item
900 1263 1104 1339 prima
1174 1274 1346 1323 meta
1414 1275 1579 1326 terre
1628 1264 1850 1342 Vysen
1921 1282 2112 1344 quam
2191 1264 2410 1323 Petrus
2455 1281 2676 1322 comes
2721 1280 2838 1322 suo
2885 1261 3051 1321 fratri
3095 1258 3388 1338 Johanni

670 1372 849 1434 dedit
906 1393 1024 1452 pro
1086 1376 1467 1436 concambio
1514 1378 1645 1437 exit
1692 1377 1775 1438 de
1819 1379 1984 1438 sicca
2031 1375 2194 1438 valle
2240 1386 2304 1437 et
2351 1375 2554 1437 tendit
2617 1393 2834 1434 versus
2893 1368 3256 1455 merid[iem
3319 1381 3392 1431 et

668 1482 985 1569 perueni]t
1030 1488 1114 1549 ad
1146 1489 1352 1566 pirum
1419 1485 1559 1572 [sub
1590 1484 1741 1570 qua]
1791 1499 1887 1550 est
1935 1501 2108 1550 meta
2163 1499 2382 1561 terrea,
2429 1491 2581 1548 item
2625 1489 2914 1566 peruenit
2959 1485 3042 1546 ad
3089 1495 3395 1563 puteum,

670 1598 752 1660 de
796 1609 995 1678 puteo
1038 1603 1169 1661 exit
1216 1613 1279 1662 et
1323 1605 1613 1681 peruenit
1660 1602 1745 1662 ad
1789 1601 2016 1664 siluam
2064 1603 2247 1664 Zawa
2296 1613 2360 1662 et
2407 1604 2585 1662 iuxta
2631 1599 2906 1662 eandem
2953 1596 3393 1678 procedendo

667 1711 753 1773 ad
797 1731 1097 1774 occasum
1145 1714 1295 1775 solis
1340 1718 1630 1794 peruenit
1691 1714 1775 1775 ad
1837 1726 2072 1776 terram
2111 1715 2420 1795 Johannis
2465 1726 2529 1776 et
2575 1714 2661 1774 ibi
2707 1714 3130 1774 terminantur
3179 1759 3192 1770 .
3241 1759 3256 1770 .
3309 1759 3322 1769 .
3375 1758 3388 1768 .

674 1872 1661 1888 .................
1722 1838 1903 1906 parte
1966 1828 2360 1890 meridionali
2425 1847 2570 1907 pars
2615 1836 2710 1888 est
2758 1875 2771 1885 .
2819 1874 2834 1885 .
2883 1875 2896 1885 .
2943 1874 2954 1884 .
3005 1873 3017 1885 .
3067 1872 3079 1883 .
3129 1872 3140 1883 .
3190 1872 3202 1883 .
3253 1873 3267 1882 .
3321 1835 3386 1884 et

668 1957 928 2000 suorum
989 1951 1430 2021 cognatorum,
1476 1941 1558 2001 ab
1620 1941 1954 2002 occidente
2015 1960 2166 2001 vero
2227 1959 2374 2020 pars
2435 1952 2532 2001 est
2579 1939 2887 2019 Johannis
2931 1938 3256 2000 antedicti.
3313 1935 3392 1996 In

668 2052 845 2114 cuius
912 2073 1023 2130 rey
1090 2056 1468 2115 memoriam
1538 2065 1865 2133 presentes
1931 2055 2169 2116 litteras
2237 2055 2433 2114 nostri
2496 2055 2891 2132 appensione
2951 2050 3133 2132 sigilli
3187 2050 3396 2110 Petro

666 2167 885 2226 comiti
933 2177 997 2226 et
1023 2166 1294 2246 Johanni
1340 2168 1717 2246 supradictis
1762 2168 2148 2230 contulimus
2195 2168 2544 2239 roboratas
2574 2185 2747 2227 anno
2780 2167 2990 2247 gracie
3035 2163 3396 2224 millesimo

669 2278 1110 2340 ducentesimo
1156 2283 1557 2361 sexagesimo
1602 2283 1830 2359 primo,

844 2472 909 2528 lz
944 2473 1201 2546 potvrde
1244 2471 1451 2547 kralja
1501 2474 1906 2546 Scjgt'smunda
1968 2474 2052 2528 od
2091 2493 2145 2547 g.
2197 2475 2368 2528 1423.
2419 2471 2574 2528 kako
2603 2473 2686 2546 ju
2730 2473 2792 2540 je
2829 2470 3121 2545 prepisao
3169 2467 3400 2543 kaptol

673 2616 997 2632 ......
994 2581 1017 2620 ¹³
1064 2577 1195 2649 god.
1246 2579 1410 2632 1425.
1458 2609 1541 2618 —
1598 2577 1894 2651 Omgt'nal
1945 2576 2283 2652 posljednje
2327 2597 2410 2633 na
2446 2577 2700 2651 papiru,
2743 2573 3063 2649 aJelomice
3113 2575 3392 2639 οέίεά-ἠ,

672 2699 713 2736 u
760 2679 979 2736 arkivu
1008 2679 1494 2754 jugoslavenske
1540 2681 1888 2756 akaaemzje
1937 2701 1976 2738 u
2023 2679 2324 2754 Zagrebu.
2377 2681 2736 2756 Diplomata
2783 2698 2840 2734 a.
2893 2681 3058 2736 1261.

1933 3068 2124 3148 708.

669 3260 865 3325 1261.
922 3259 1008 3343 (U
1055 3258 1435 3343 Zaqrebu).

672 3448 941 3533 Marisa
988 3447 1280 3532 kraljz'ca
1326 3454 1597 3532 opras‘ta
1635 3448 2087 3533 graasjam'ma
2133 3445 2584 3532 zagrebao‘kt'm
2620 3445 2805 3529 dvc'je
2835 3444 3094 3507 stotz'ne
3141 3452 3384 3528 pensa,

1222 3561 1372 3645 koje
1414 3582 1499 3623 su
1547 3559 1753 3623 z’mali
1789 3562 1992 3623 svake
2027 3560 2283 3646 godz’ne
2328 3559 2574 3623 davalz'
2613 3560 2816 3622 bana.

844 3753 1046 3814 Maria
1105 3752 1203 3814 dei
1270 3755 1478 3834 gracia
1543 3756 1759 3834 regina
1828 3752 2156 3833 Hungarie
2217 3753 2518 3813 omnibus
2582 3749 2810 3822 Christi
2875 3749 3174 3811 fidelibus
3243 3770 3388 3829 pre-

671 3875 884 3926 sentes
944 3866 1179 3926 litteras
1224 3868 1596 3944 inspecturis
1641 3866 1912 3926 salutem
1959 3867 2021 3925 in
2067 3884 2218 3925 vero
2264 3864 2535 3926 salutari.
2605 3862 2832 3927 Solent
2877 3864 3128 3941 scriptis
3175 3862 3376 3944 redigi

672 3979 839 4039 sacta
901 3978 1253 4049 hominum,
1301 3997 1381 4037 ne
1428 3997 1729 4056 processu
1788 3980 2097 4056 temporis
2141 3998 2178 4038 a
2226 3980 2534 4039 memoria
2595 3978 2998 4039 delabantur.
3050 3976 3248 4057 Igitur
3293 3975 3376 4035 ad

672 4094 1109 4151 universorum
1174 4100 1303 4151 tam
1367 4094 1767 4168 presencium
1836 4108 2032 4169 quarn
2101 4101 2504 4170 posterorum
2566 4091 2870 4150 noticiam
2945 4088 3380 4171 significamus

674 4205 903 4281 quibus
951 4203 1213 4282 expedit
1258 4222 1373 4282 per
1416 4205 1815 4282 presencium
1864 4214 2175 4272 tenorem,
2215 4201 2393 4281 quod
2439 4221 2587 4267 cum
2621 4204 2682 4261 in
2717 4220 2990 4283 regnum
3039 4202 3384 4264 Sclauonie

672 4315 754 4377 ad
822 4316 1251 4377 ordinandum
1322 4324 1382 4374 et
1454 4314 1930 4375 informandum
1999 4326 2206 4376 totum
2277 4325 2512 4377 statum
2583 4314 2853 4376 ducatus
2925 4317 3230 4375 carissimi
3278 4313 3384 4374 filii

673 4432 866 4489 nostri
916 4428 1094 4488 ducis
1140 4428 1287 4489 Bele
1335 4430 1742 4489 intrassemus
1786 4428 2230 4506 principaliter,
2289 4427 2512 4489 fideles
2559 4430 2752 4489 nostri
2803 4430 2973 4487 cives
3019 4427 3104 4487 de
3153 4438 3380 4487 monte

674 4540 874 4602 Grecz
934 4540 1117 4601 nobis
1178 4558 1291 4600 sua
1354 4539 1625 4618 plurima
1686 4542 2054 4620 gravamina
2115 4541 2608 4618 explicaverunt.
2673 4538 2810 4599 Nos
2871 4550 3090 4600 autem
3159 4558 3385 4599 eorum

672 4654 1040 4734 gravamina
1088 4651 1373 4712 volentes
1422 4652 1905 4712 misericorditer
1961 4652 2255 4726 relevare,
2299 4655 2630 4732 presertim
2679 4671 2828 4713 cum
2877 4651 3054 4712 idem
3101 4664 3380 4713 castrum

673 4767 757 4826 de
802 4784 973 4827 novo
1018 4766 1095 4825 sit
1142 4774 1571 4825 constructum
1622 4775 1685 4824 et
1732 4775 2016 4825 erectum
2063 4768 2126 4825 in
2170 4766 2592 4845 principaliori
2657 4766 2802 4845 loco
2866 4765 3142 4826 ducatus
3187 4776 3253 4826 et
3299 4764 3382 4825 ad

672 4896 1087 4939 communem
1134 4877 1469 4937 utilitatem
1518 4879 1722 4938 tocius
1767 4879 1961 4957 regni,
2009 4895 2260 4937 necnon
2306 4879 2392 4937 ad
2435 4878 2702 4939 tutelam
2750 4876 3012 4939 confinii
3061 4896 3205 4939 esse
3251 4878 3389 4939 fun-

672 4992 895 5052 datum
944 4989 1324 5062 dinoscatur,
1369 4991 1577 5050 causis
1624 4990 1943 5068 premissis
1987 4990 2478 5051 racionabilibus
2539 4991 2818 5065 inducte,
2863 5000 2932 5051 ut
2982 5010 3063 5051 eo
3113 4990 3394 5069 amplius

674 5113 737 5164 et
784 5104 1009 5165 melius
1075 5102 1309 5164 utilitas
1371 5104 1554 5163 castri
1616 5104 2040 5180 prenominati
2106 5104 2167 5161 in
2231 5103 2530 5165 omnibus
2591 5106 2852 5182 recipiat
2897 5106 3396 5172 incrementum,
