<?xml version="1.0" encoding="UTF-8"?>
<!DOCTYPE html PUBLIC "-//W3C//DTD XHTML 1.0 Transitional//EN"
    "http://www.w3.org/TR/xhtml1/DTD/xhtml1-transitional.dtd">
<html xmlns="http://www.w3.org/1999/xhtml" xml:lang="en" lang="en">
 <head>
  <title>
</title>
<meta http-equiv="Content-Type" content="text/html;charset=utf-8" />
  <meta name='ocr-system' content='tesseract 3.04.00' />
  <meta name='ocr-capabilities' content='ocr_page ocr_carea ocr_par ocr_line ocrx_word'/>
</head>
<body>
  <div class='ocr_page' id='page_1' title='image "./codexdiplomatic00umjegoog_0284.png"; bbox 0 0 3797 5795; ppageno 0'>
   <div class='ocr_carea' id='block_1_1' title="bbox 1584 417 2000 478">
    <p class='ocr_par' dir='ltr' id='par_1_1' title="bbox 1584 417 2000 478">
     <span class='ocr_line' id='line_1_1' title="bbox 1584 417 2000 478; baseline -0.005 1"><span class='ocrx_word' id='word_1_1' title='bbox 1584 417 2000 478; x_wconf 76' lang='lat'>-271—</span> 
     </span>
    </p>
   </div>
   <div class='ocr_carea' id='block_1_2' title="bbox 432 604 3152 5199">
    <p class='ocr_par' dir='ltr' id='par_1_2' title="bbox 432 604 3152 5199">
     <span class='ocr_line' id='line_1_2' title="bbox 443 604 3148 688; baseline 0.002 -26"><span class='ocrx_word' id='word_1_2' title='bbox 443 604 879 682; x_wconf 87' lang='lat' dir='ltr'>recipiendum</span> <span class='ocrx_word' id='word_1_3' title='bbox 947 605 1321 666; x_wconf 90' lang='lat' dir='ltr'>duxerimus</span> <span class='ocrx_word' id='word_1_4' title='bbox 1382 607 1463 667; x_wconf 90' lang='lat' dir='ltr'>de</span> <span class='ocrx_word' id='word_1_5' title='bbox 1525 605 1740 667; x_wconf 90' lang='lat' dir='ltr'>diuina</span> <span class='ocrx_word' id='word_1_6' title='bbox 1801 609 2254 686; x_wconf 73' lang='lat' dir='ltr'>propitiatione</span> <span class='ocrx_word' id='word_1_7' title='bbox 2323 606 2541 666; x_wconf 87' lang='lat' dir='ltr'>consili</span> <span class='ocrx_word' id='word_1_8' title='bbox 2564 605 2632 688; x_wconf 70' lang='lat' dir='ltr'>(ij)</span> <span class='ocrx_word' id='word_1_9' title='bbox 2695 627 2771 667; x_wconf 89' lang='lat' dir='ltr'>ac</span> <span class='ocrx_word' id='word_1_10' title='bbox 2831 627 3148 667; x_wconf 86' lang='lat' dir='ltr'>summam</span> 
     </span>
     <span class='ocr_line' id='line_1_3' title="bbox 442 717 3152 799; baseline 0.002 -24"><span class='ocrx_word' id='word_1_11' title='bbox 442 735 625 794; x_wconf 90' lang='lat' dir='ltr'>spem</span> <span class='ocrx_word' id='word_1_12' title='bbox 661 717 743 776; x_wconf 89' lang='lat' dir='ltr'>de</span> <span class='ocrx_word' id='word_1_13' title='bbox 774 717 1215 779; x_wconf 89' lang='lat' dir='ltr'>subuentionis</span> <span class='ocrx_word' id='word_1_14' title='bbox 1247 720 1487 780; x_wconf 80' lang='lat' dir='ltr'>ordinis</span> <span class='ocrx_word' id='word_1_15' title='bbox 1518 722 1604 780; x_wconf 90' lang='lat' dir='ltr'>tui</span> <span class='ocrx_word' id='word_1_16' title='bbox 1637 722 2072 798; x_wconf 84' lang='lat' dir='ltr'>concipientes</span> <span class='ocrx_word' id='word_1_17' title='bbox 2101 721 2338 781; x_wconf 82' lang='lat' dir='ltr'>auxilio</span> <span class='ocrx_word' id='word_1_18' title='bbox 2371 719 2558 779; x_wconf 89' lang='lat' dir='ltr'>nobis</span> <span class='ocrx_word' id='word_1_19' title='bbox 2581 721 2642 780; x_wconf 90' lang='lat' dir='ltr'>in</span> <span class='ocrx_word' id='word_1_20' title='bbox 2671 724 3152 799; x_wconf 83' lang='lat' dir='ltr'>supportatione</span> 
     </span>
     <span class='ocr_line' id='line_1_4' title="bbox 443 829 3152 908; baseline 0.001 -19"><span class='ocrx_word' id='word_1_21' title='bbox 443 833 601 890; x_wconf 89' lang='lat' dir='ltr'>tanti</span> <span class='ocrx_word' id='word_1_22' title='bbox 648 829 953 908; x_wconf 87' lang='lat' dir='ltr'>ponderis</span> <span class='ocrx_word' id='word_1_23' title='bbox 998 831 1292 892; x_wconf 78' lang='lat' dir='ltr'>assutum.</span> <span class='ocrx_word' id='word_1_24' title='bbox 1339 829 1783 894; x_wconf 82' lang='lat' dir='ltr'>Since-ritatem</span> <span class='ocrx_word' id='word_1_25' title='bbox 1832 844 2007 893; x_wconf 88' lang='lat' dir='ltr'>tuam</span> <span class='ocrx_word' id='word_1_26' title='bbox 2058 833 2387 893; x_wconf 86' lang='lat' dir='ltr'>hortamur</span> <span class='ocrx_word' id='word_1_27' title='bbox 2425 835 2487 892; x_wconf 90' lang='lat' dir='ltr'>in</span> <span class='ocrx_word' id='word_1_28' title='bbox 2521 831 2791 893; x_wconf 84' lang='lat' dir='ltr'>domino</span> <span class='ocrx_word' id='word_1_29' title='bbox 2838 853 2914 893; x_wconf 91' lang='lat' dir='ltr'>ac</span> <span class='ocrx_word' id='word_1_30' title='bbox 2959 835 3152 905; x_wconf 84' lang='lat' dir='ltr'>omni,</span> 
     </span>
     <span class='ocr_line' id='line_1_5' title="bbox 443 943 3152 1027; baseline 0.001 -25"><span class='ocrx_word' id='word_1_31' title='bbox 443 960 571 1021; x_wconf 90' lang='lat' dir='ltr'>qua</span> <span class='ocrx_word' id='word_1_32' title='bbox 641 961 999 1020; x_wconf 82' lang='lat' dir='ltr'>possumuS,</span> <span class='ocrx_word' id='word_1_33' title='bbox 1067 943 1407 1005; x_wconf 85' lang='lat' dir='ltr'>affectione</span> <span class='ocrx_word' id='word_1_34' title='bbox 1476 963 1777 1027; x_wconf 84' lang='lat' dir='ltr'>rogamus</span> <span class='ocrx_word' id='word_1_35' title='bbox 1846 966 1964 1025; x_wconf 89' lang='lat' dir='ltr'>pro</span> <span class='ocrx_word' id='word_1_36' title='bbox 2033 945 2334 1025; x_wconf 81' lang='lat' dir='ltr'>spirituali</span> <span class='ocrx_word' id='word_1_37' title='bbox 2407 964 2670 1005; x_wconf 90' lang='lat' dir='ltr'>munere</span> <span class='ocrx_word' id='word_1_38' title='bbox 2739 946 3152 1023; x_wconf 55' lang='lat' dir='ltr'>postulantes</span> 
     </span>
     <span class='ocr_line' id='line_1_6' title="bbox 446 1056 3152 1137; baseline 0.001 -23"><span class='ocrx_word' id='word_1_39' title='bbox 446 1057 743 1132; x_wconf 88' lang='lat' dir='ltr'>quatinus</span> <span class='ocrx_word' id='word_1_40' title='bbox 808 1056 1021 1118; x_wconf 90' lang='lat' dir='ltr'>diuine</span> <span class='ocrx_word' id='word_1_41' title='bbox 1084 1057 1643 1137; x_wconf 87' lang='lat' dir='ltr'>contemplationis</span> <span class='ocrx_word' id='word_1_42' title='bbox 1706 1059 2052 1132; x_wconf 85' lang='lat' dir='ltr'>obtutibus,</span> <span class='ocrx_word' id='word_1_43' title='bbox 2113 1078 2189 1118; x_wconf 92' lang='lat' dir='ltr'>ac</span> <span class='ocrx_word' id='word_1_44' title='bbox 2250 1061 2445 1118; x_wconf 85' lang='lat' dir='ltr'>nostri</span> <span class='ocrx_word' id='word_1_45' title='bbox 2495 1071 2624 1118; x_wconf 87' lang='lat' dir='ltr'>tam</span> <span class='ocrx_word' id='word_1_46' title='bbox 2675 1059 3004 1119; x_wconf 83' lang='lat' dir='ltr'>affectuosi</span> <span class='ocrx_word' id='word_1_47' title='bbox 3053 1079 3152 1118; x_wconf 95' lang='lat' dir='ltr'>ro-</span> 
     </span>
     <span class='ocr_line' id='line_1_7' title="bbox 442 1169 3152 1250; baseline 0.001 -23"><span class='ocrx_word' id='word_1_48' title='bbox 442 1169 716 1248; x_wconf 89' lang='lat' dir='ltr'>gaminis</span> <span class='ocrx_word' id='word_1_49' title='bbox 778 1170 1137 1231; x_wconf 90' lang='lat' dir='ltr'>interuentu</span> <span class='ocrx_word' id='word_1_50' title='bbox 1182 1171 1267 1231; x_wconf 89' lang='lat' dir='ltr'>ad</span> <span class='ocrx_word' id='word_1_51' title='bbox 1312 1172 1727 1250; x_wconf 89' lang='lat' dir='ltr'>prestandum</span> <span class='ocrx_word' id='word_1_52' title='bbox 1790 1172 1976 1232; x_wconf 89' lang='lat' dir='ltr'>nobis</span> <span class='ocrx_word' id='word_1_53' title='bbox 2044 1181 2418 1250; x_wconf 88' lang='lat' dir='ltr'>promptum</span> <span class='ocrx_word' id='word_1_54' title='bbox 2465 1189 2615 1230; x_wconf 90' lang='lat' dir='ltr'>cura</span> <span class='ocrx_word' id='word_1_55' title='bbox 2663 1174 2966 1249; x_wconf 89' lang='lat' dir='ltr'>premissa</span> <span class='ocrx_word' id='word_1_56' title='bbox 3013 1190 3152 1250; x_wconf 89' lang='lat' dir='ltr'>pre-</span> 
     </span>
     <span class='ocr_line' id='line_1_8' title="bbox 436 1280 3146 1364; baseline 0.001 -24"><span class='ocrx_word' id='word_1_57' title='bbox 436 1280 669 1341; x_wconf 86' lang='lat' dir='ltr'>sidium</span> <span class='ocrx_word' id='word_1_58' title='bbox 744 1301 1057 1361; x_wconf 87' lang='lat' dir='ltr'>perquam</span> <span class='ocrx_word' id='word_1_59' title='bbox 1120 1287 1544 1346; x_wconf 89' lang='lat' dir='ltr'>necessarium</span> <span class='ocrx_word' id='word_1_60' title='bbox 1604 1295 1667 1344; x_wconf 89' lang='lat' dir='ltr'>et</span> <span class='ocrx_word' id='word_1_61' title='bbox 1735 1284 2093 1345; x_wconf 85' lang='lat' dir='ltr'>admodum</span> <span class='ocrx_word' id='word_1_62' title='bbox 2155 1294 2544 1364; x_wconf 91' lang='lat' dir='ltr'>oportunum</span> <span class='ocrx_word' id='word_1_63' title='bbox 2607 1294 2786 1344; x_wconf 90' lang='lat' dir='ltr'>tuum</span> <span class='ocrx_word' id='word_1_64' title='bbox 2857 1287 3146 1344; x_wconf 88' lang='lat' dir='ltr'>animum</span> 
     </span>
     <span class='ocr_line' id='line_1_9' title="bbox 444 1393 3149 1476; baseline 0.001 -24"><span class='ocrx_word' id='word_1_65' title='bbox 444 1393 720 1475; x_wconf 86' lang='lat' dir='ltr'>benigne</span> <span class='ocrx_word' id='word_1_66' title='bbox 782 1395 1145 1474; x_wconf 59' lang='lat' dir='ltr'>disponens</span> <span class='ocrx_word' id='word_1_67' title='bbox 1191 1397 1542 1458; x_wconf 81' lang='lat' dir='ltr'>abbatissas</span> <span class='ocrx_word' id='word_1_68' title='bbox 1589 1407 1653 1458; x_wconf 88' lang='lat' dir='ltr'>et</span> <span class='ocrx_word' id='word_1_69' title='bbox 1698 1417 1948 1458; x_wconf 88' lang='lat' dir='ltr'>sorores</span> <span class='ocrx_word' id='word_1_70' title='bbox 2009 1396 2246 1457; x_wconf 86' lang='lat' dir='ltr'>ordinis</span> <span class='ocrx_word' id='word_1_71' title='bbox 2307 1397 2645 1476; x_wconf 85' lang='lat' dir='ltr'>supradicti</span> <span class='ocrx_word' id='word_1_72' title='bbox 2713 1397 2869 1456; x_wconf 88' lang='lat' dir='ltr'>infra</span> <span class='ocrx_word' id='word_1_73' title='bbox 2919 1395 3149 1457; x_wconf 90' lang='lat' dir='ltr'>limites</span> 
     </span>
     <span class='ocr_line' id='line_1_10' title="bbox 441 1507 3151 1588; baseline 0.001 -22"><span class='ocrx_word' id='word_1_74' title='bbox 441 1519 550 1568; x_wconf 86' lang='lat' dir='ltr'>tue</span> <span class='ocrx_word' id='word_1_75' title='bbox 594 1510 912 1587; x_wconf 88' lang='lat' dir='ltr'>prouintie</span> <span class='ocrx_word' id='word_1_76' title='bbox 980 1513 1374 1580; x_wconf 62' lang='lat' dir='ltr'>constitutas</span> <span class='ocrx_word' id='word_1_77' title='bbox 1444 1521 1668 1588; x_wconf 87' lang='lat' dir='ltr'>utpote</span> <span class='ocrx_word' id='word_1_78' title='bbox 1736 1521 1877 1571; x_wconf 91' lang='lat' dir='ltr'>tuas</span> <span class='ocrx_word' id='word_1_79' title='bbox 1939 1511 2000 1570; x_wconf 88' lang='lat' dir='ltr'>in</span> <span class='ocrx_word' id='word_1_80' title='bbox 2067 1507 2315 1572; x_wconf 88' lang='lat' dir='ltr'>Christo</span> <span class='ocrx_word' id='word_1_81' title='bbox 2364 1509 2522 1570; x_wconf 86' lang='lat' dir='ltr'>filias</span> <span class='ocrx_word' id='word_1_82' title='bbox 2584 1521 2648 1570; x_wconf 91' lang='lat' dir='ltr'>et</span> <span class='ocrx_word' id='word_1_83' title='bbox 2700 1528 2950 1570; x_wconf 89' lang='lat' dir='ltr'>sorores</span> <span class='ocrx_word' id='word_1_84' title='bbox 2995 1509 3151 1570; x_wconf 90' lang='lat' dir='ltr'>uelis</span> 
     </span>
     <span class='ocr_line' id='line_1_11' title="bbox 440 1619 3145 1702; baseline 0.002 -24"><span class='ocrx_word' id='word_1_85' title='bbox 440 1619 677 1680; x_wconf 88' lang='lat' dir='ltr'>habere</span> <span class='ocrx_word' id='word_1_86' title='bbox 721 1624 1103 1700; x_wconf 88' lang='lat' dir='ltr'>propensius</span> <span class='ocrx_word' id='word_1_87' title='bbox 1148 1623 1651 1696; x_wconf 82' lang='lat' dir='ltr'>commendataS,</span> <span class='ocrx_word' id='word_1_88' title='bbox 1684 1624 2012 1701; x_wconf 89' lang='lat' dir='ltr'>presertim</span> <span class='ocrx_word' id='word_1_89' title='bbox 2062 1624 2125 1682; x_wconf 93' lang='lat' dir='ltr'>in</span> <span class='ocrx_word' id='word_1_90' title='bbox 2173 1622 2590 1702; x_wconf 88' lang='lat' dir='ltr'>adimplendo</span> <span class='ocrx_word' id='word_1_91' title='bbox 2639 1622 2976 1683; x_wconf 87' lang='lat' dir='ltr'>liberaliter</span> <span class='ocrx_word' id='word_1_92' title='bbox 3023 1622 3145 1696; x_wconf 88' lang='lat' dir='ltr'>illa,</span> 
     </span>
     <span class='ocr_line' id='line_1_12' title="bbox 440 1734 3148 1816; baseline 0.001 -23"><span class='ocrx_word' id='word_1_93' title='bbox 440 1751 567 1810; x_wconf 92' lang='lat' dir='ltr'>que</span> <span class='ocrx_word' id='word_1_94' title='bbox 635 1734 749 1794; x_wconf 90' lang='lat' dir='ltr'>tibi</span> <span class='ocrx_word' id='word_1_95' title='bbox 820 1753 935 1813; x_wconf 90' lang='lat' dir='ltr'>per</span> <span class='ocrx_word' id='word_1_96' title='bbox 1002 1737 1379 1796; x_wconf 87' lang='lat' dir='ltr'>venerabilis</span> <span class='ocrx_word' id='word_1_97' title='bbox 1448 1737 1560 1797; x_wconf 88' lang='lat' dir='ltr'>uiri</span> <span class='ocrx_word' id='word_1_98' title='bbox 1630 1736 1835 1796; x_wconf 87' lang='lat' dir='ltr'>fratris</span> <span class='ocrx_word' id='word_1_99' title='bbox 1898 1735 1976 1796; x_wconf 91' lang='lat' dir='ltr'>D.</span> <span class='ocrx_word' id='word_1_100' title='bbox 2037 1736 2348 1816; x_wconf 88' lang='lat' dir='ltr'>generalis</span> <span class='ocrx_word' id='word_1_101' title='bbox 2418 1736 2656 1795; x_wconf 88' lang='lat' dir='ltr'>ordinis</span> <span class='ocrx_word' id='word_1_102' title='bbox 2725 1739 2814 1796; x_wconf 89' lang='lat' dir='ltr'>tui</span> <span class='ocrx_word' id='word_1_103' title='bbox 2883 1737 3148 1796; x_wconf 89' lang='lat' dir='ltr'>ministri</span> 
     </span>
     <span class='ocr_line' id='line_1_13' title="bbox 438 1845 3149 1928; baseline 0.001 -23"><span class='ocrx_word' id='word_1_104' title='bbox 438 1845 687 1906; x_wconf 88' lang='lat' dir='ltr'>lieteras</span> <span class='ocrx_word' id='word_1_105' title='bbox 749 1849 1165 1925; x_wconf 90' lang='lat' dir='ltr'>imponuntur</span> <span class='ocrx_word' id='word_1_106' title='bbox 1224 1867 1413 1928; x_wconf 91' lang='lat' dir='ltr'>super</span> <span class='ocrx_word' id='word_1_107' title='bbox 1473 1867 1691 1909; x_wconf 89' lang='lat' dir='ltr'>earum</span> <span class='ocrx_word' id='word_1_108' title='bbox 1758 1850 2240 1920; x_wconf 82' lang='lat' dir='ltr'>uisitationibus‚</span> <span class='ocrx_word' id='word_1_109' title='bbox 2299 1847 2857 1927; x_wconf 78' lang='lat' dir='ltr'>predicationibuS,</span> <span class='ocrx_word' id='word_1_110' title='bbox 2903 1849 3149 1908; x_wconf 85' lang='lat' dir='ltr'>confes-</span> 
     </span>
     <span class='ocr_line' id='line_1_14' title="bbox 436 1959 3147 2035; baseline 0.001 -17"><span class='ocrx_word' id='word_1_111' title='bbox 436 1959 725 2020; x_wconf 87' lang='lat' dir='ltr'>sionibus</span> <span class='ocrx_word' id='word_1_112' title='bbox 785 1960 1137 2034; x_wconf 78' lang='lat' dir='ltr'>audiendiS,</span> <span class='ocrx_word' id='word_1_113' title='bbox 1182 1961 1575 2022; x_wconf 85' lang='lat' dir='ltr'>exhibitione</span> <span class='ocrx_word' id='word_1_114' title='bbox 1622 1963 1973 2035; x_wconf 87' lang='lat' dir='ltr'>eucaristie,</span> <span class='ocrx_word' id='word_1_115' title='bbox 2019 1981 2094 2022; x_wconf 87' lang='lat' dir='ltr'>ac</span> <span class='ocrx_word' id='word_1_116' title='bbox 2140 1963 2456 2022; x_wconf 89' lang='lat' dir='ltr'>unctionis</span> <span class='ocrx_word' id='word_1_117' title='bbox 2500 1971 2804 2033; x_wconf 83' lang='lat' dir='ltr'>extreme,</span> <span class='ocrx_word' id='word_1_118' title='bbox 2853 1979 2969 2020; x_wconf 90' lang='lat' dir='ltr'>nec</span> <span class='ocrx_word' id='word_1_119' title='bbox 3016 1979 3147 2020; x_wconf 88' lang='lat' dir='ltr'>non</span> 
     </span>
     <span class='ocr_line' id='line_1_15' title="bbox 438 2072 3147 2154; baseline 0 -22"><span class='ocrx_word' id='word_1_120' title='bbox 438 2083 503 2132; x_wconf 89' lang='lat' dir='ltr'>et</span> <span class='ocrx_word' id='word_1_121' title='bbox 550 2075 839 2150; x_wconf 83' lang='lat' dir='ltr'>exequiis</span> <span class='ocrx_word' id='word_1_122' title='bbox 883 2072 1348 2145; x_wconf 90' lang='lat' dir='ltr'>defunctarum,</span> <span class='ocrx_word' id='word_1_123' title='bbox 1394 2094 1519 2154; x_wconf 91' lang='lat' dir='ltr'>que</span> <span class='ocrx_word' id='word_1_124' title='bbox 1567 2077 1783 2134; x_wconf 87' lang='lat' dir='ltr'>omnia</span> <span class='ocrx_word' id='word_1_125' title='bbox 1845 2073 1977 2134; x_wconf 85' lang='lat' dir='ltr'>fieri</span> <span class='ocrx_word' id='word_1_126' title='bbox 2041 2074 2338 2135; x_wconf 89' lang='lat' dir='ltr'>uolumus</span> <span class='ocrx_word' id='word_1_127' title='bbox 2383 2074 2466 2133; x_wconf 90' lang='lat' dir='ltr'>de</span> <span class='ocrx_word' id='word_1_128' title='bbox 2513 2087 2726 2134; x_wconf 88' lang='lat' dir='ltr'>nostra</span> <span class='ocrx_word' id='word_1_129' title='bbox 2773 2076 3147 2134; x_wconf 87' lang='lat' dir='ltr'>auctoritate</span> 
     </span>
     <span class='ocr_line' id='line_1_16' title="bbox 440 2184 3148 2266; baseline 0.001 -22"><span class='ocrx_word' id='word_1_130' title='bbox 440 2195 507 2244; x_wconf 89' lang='lat' dir='ltr'>et</span> <span class='ocrx_word' id='word_1_131' title='bbox 570 2184 823 2247; x_wconf 89' lang='lat' dir='ltr'>licentia</span> <span class='ocrx_word' id='word_1_132' title='bbox 884 2187 1157 2265; x_wconf 87' lang='lat' dir='ltr'>speciali.</span> <span class='ocrx_word' id='word_1_133' title='bbox 1206 2187 1287 2248; x_wconf 85' lang='lat' dir='ltr'>Et</span> <span class='ocrx_word' id='word_1_134' title='bbox 1352 2187 1799 2248; x_wconf 86' lang='lat' dir='ltr'>nichilominus</span> <span class='ocrx_word' id='word_1_135' title='bbox 1861 2190 1952 2247; x_wconf 92' lang='lat' dir='ltr'>eis</span> <span class='ocrx_word' id='word_1_136' title='bbox 2014 2189 2596 2265; x_wconf 82' lang='lat' dir='ltr'>importunitatibus</span> <span class='ocrx_word' id='word_1_137' title='bbox 2656 2187 2788 2252; x_wconf 82' lang='lat' dir='ltr'>illis.</span> <span class='ocrx_word' id='word_1_138' title='bbox 2845 2206 2970 2266; x_wconf 90' lang='lat' dir='ltr'>que</span> <span class='ocrx_word' id='word_1_139' title='bbox 3031 2187 3148 2246; x_wconf 90' lang='lat' dir='ltr'>sibi</span> 
     </span>
     <span class='ocr_line' id='line_1_17' title="bbox 440 2298 3146 2379; baseline 0.001 -22"><span class='ocrx_word' id='word_1_140' title='bbox 440 2298 879 2377; x_wconf 87' lang='lat' dir='ltr'>temporaliter</span> <span class='ocrx_word' id='word_1_141' title='bbox 939 2301 1273 2360; x_wconf 87' lang='lat' dir='ltr'>imminere</span> <span class='ocrx_word' id='word_1_142' title='bbox 1336 2311 1697 2374; x_wconf 89' lang='lat' dir='ltr'>noscuntur,</span> <span class='ocrx_word' id='word_1_143' title='bbox 1751 2320 1865 2379; x_wconf 90' lang='lat' dir='ltr'>per</span> <span class='ocrx_word' id='word_1_144' title='bbox 1913 2311 1976 2360; x_wconf 88' lang='lat' dir='ltr'>te</span> <span class='ocrx_word' id='word_1_145' title='bbox 2022 2311 2084 2360; x_wconf 89' lang='lat' dir='ltr'>et</span> <span class='ocrx_word' id='word_1_146' title='bbox 2131 2301 2373 2359; x_wconf 90' lang='lat' dir='ltr'>amicos</span> <span class='ocrx_word' id='word_1_147' title='bbox 2435 2300 2674 2359; x_wconf 89' lang='lat' dir='ltr'>ordinis</span> <span class='ocrx_word' id='word_1_148' title='bbox 2719 2301 2806 2360; x_wconf 88' lang='lat' dir='ltr'>tui</span> <span class='ocrx_word' id='word_1_149' title='bbox 2856 2299 3146 2370; x_wconf 80' lang='lat' dir='ltr'>consiliiS,</span> 
     </span>
     <span class='ocr_line' id='line_1_18' title="bbox 434 2410 3142 2491; baseline 0.001 -22"><span class='ocrx_word' id='word_1_150' title='bbox 434 2410 734 2470; x_wconf 89' lang='lat' dir='ltr'>subsidiis</span> <span class='ocrx_word' id='word_1_151' title='bbox 777 2423 973 2489; x_wconf 89' lang='lat' dir='ltr'>atque</span> <span class='ocrx_word' id='word_1_152' title='bbox 1020 2412 1341 2473; x_wconf 89' lang='lat' dir='ltr'>fauoribus</span> <span class='ocrx_word' id='word_1_153' title='bbox 1389 2415 1451 2472; x_wconf 91' lang='lat' dir='ltr'>in</span> <span class='ocrx_word' id='word_1_154' title='bbox 1500 2424 1814 2490; x_wconf 88' lang='lat' dir='ltr'>quantum</span> <span class='ocrx_word' id='word_1_155' title='bbox 1860 2432 2008 2473; x_wconf 92' lang='lat' dir='ltr'>cum</span> <span class='ocrx_word' id='word_1_156' title='bbox 2057 2432 2170 2473; x_wconf 91' lang='lat' dir='ltr'>sua</span> <span class='ocrx_word' id='word_1_157' title='bbox 2216 2427 2279 2472; x_wconf 89' lang='lat' dir='ltr'>et</span> <span class='ocrx_word' id='word_1_158' title='bbox 2325 2415 2411 2472; x_wconf 91' lang='lat' dir='ltr'>tui</span> <span class='ocrx_word' id='word_1_159' title='bbox 2460 2415 2698 2491; x_wconf 87' lang='lat' dir='ltr'>poteris</span> <span class='ocrx_word' id='word_1_160' title='bbox 2746 2411 2984 2472; x_wconf 90' lang='lat' dir='ltr'>ordinis</span> <span class='ocrx_word' id='word_1_161' title='bbox 3031 2411 3142 2471; x_wconf 93' lang='lat' dir='ltr'>ho-</span> 
     </span>
     <span class='ocr_line' id='line_1_19' title="bbox 442 2524 3146 2605; baseline 0 -22"><span class='ocrx_word' id='word_1_162' title='bbox 442 2533 691 2584; x_wconf 89' lang='lat' dir='ltr'>nestate</span> <span class='ocrx_word' id='word_1_163' title='bbox 751 2526 839 2584; x_wconf 90' lang='lat' dir='ltr'>sic</span> <span class='ocrx_word' id='word_1_164' title='bbox 901 2524 1125 2586; x_wconf 86' lang='lat' dir='ltr'>adesse</span> <span class='ocrx_word' id='word_1_165' title='bbox 1190 2527 1278 2585; x_wconf 91' lang='lat' dir='ltr'>sic</span> <span class='ocrx_word' id='word_1_166' title='bbox 1338 2528 1628 2586; x_wconf 86' lang='lat' dir='ltr'>assistere</span> <span class='ocrx_word' id='word_1_167' title='bbox 1688 2526 1963 2594; x_wconf 83' lang='lat' dir='ltr'>studeas,</span> <span class='ocrx_word' id='word_1_168' title='bbox 2011 2525 2188 2605; x_wconf 88' lang='lat' dir='ltr'>quod</span> <span class='ocrx_word' id='word_1_169' title='bbox 2236 2525 2408 2604; x_wconf 88' lang='lat' dir='ltr'>apud</span> <span class='ocrx_word' id='word_1_170' title='bbox 2456 2535 2672 2585; x_wconf 89' lang='lat' dir='ltr'>eterne</span> <span class='ocrx_word' id='word_1_171' title='bbox 2721 2526 3146 2585; x_wconf 86' lang='lat' dir='ltr'>retributionis</span> 
     </span>
     <span class='ocr_line' id='line_1_20' title="bbox 434 2637 3146 2718; baseline 0 -22"><span class='ocrx_word' id='word_1_172' title='bbox 434 2645 765 2697; x_wconf 89' lang='lat' dir='ltr'>auctorem</span> <span class='ocrx_word' id='word_1_173' title='bbox 817 2637 925 2696; x_wconf 89' lang='lat' dir='ltr'>tibi</span> <span class='ocrx_word' id='word_1_174' title='bbox 978 2641 1367 2698; x_wconf 90' lang='lat' dir='ltr'>meritorium</span> <span class='ocrx_word' id='word_1_175' title='bbox 1432 2658 1567 2698; x_wconf 88' lang='lat' dir='ltr'>esse</span> <span class='ocrx_word' id='word_1_176' title='bbox 1636 2641 1853 2717; x_wconf 89' lang='lat' dir='ltr'>possit.</span> <span class='ocrx_word' id='word_1_177' title='bbox 1901 2638 2167 2718; x_wconf 91' lang='lat' dir='ltr'>Nosque</span> <span class='ocrx_word' id='word_1_178' title='bbox 2215 2639 2320 2716; x_wconf 94' lang='lat' dir='ltr'>qui</span> <span class='ocrx_word' id='word_1_179' title='bbox 2369 2637 2671 2716; x_wconf 90' lang='lat' dir='ltr'>quicquid</span> <span class='ocrx_word' id='word_1_180' title='bbox 2718 2639 2778 2697; x_wconf 91' lang='lat' dir='ltr'>in</span> <span class='ocrx_word' id='word_1_181' title='bbox 2826 2639 3146 2716; x_wconf 88' lang='lat' dir='ltr'>premissis</span> 
     </span>
     <span class='ocr_line' id='line_1_21' title="bbox 434 2749 3146 2832; baseline 0.001 -24"><span class='ocrx_word' id='word_1_182' title='bbox 434 2749 897 2810; x_wconf 89' lang='lat' dir='ltr'>consolationis</span> <span class='ocrx_word' id='word_1_183' title='bbox 942 2760 1004 2811; x_wconf 91' lang='lat' dir='ltr'>et</span> <span class='ocrx_word' id='word_1_184' title='bbox 1050 2751 1249 2832; x_wconf 86' lang='lat' dir='ltr'>gratie</span> <span class='ocrx_word' id='word_1_185' title='bbox 1310 2751 1568 2830; x_wconf 88' lang='lat' dir='ltr'>prefatis</span> <span class='ocrx_word' id='word_1_186' title='bbox 1616 2751 1950 2811; x_wconf 89' lang='lat' dir='ltr'>abbatissis</span> <span class='ocrx_word' id='word_1_187' title='bbox 2013 2761 2074 2811; x_wconf 88' lang='lat' dir='ltr'>et</span> <span class='ocrx_word' id='word_1_188' title='bbox 2135 2751 2456 2810; x_wconf 90' lang='lat' dir='ltr'>sororibus</span> <span class='ocrx_word' id='word_1_189' title='bbox 2501 2751 2738 2824; x_wconf 82' lang='lat' dir='ltr'>feceriS,</span> <span class='ocrx_word' id='word_1_190' title='bbox 2783 2750 2867 2810; x_wconf 90' lang='lat' dir='ltr'>ad</span> <span class='ocrx_word' id='word_1_191' title='bbox 2915 2768 3146 2831; x_wconf 89' lang='lat' dir='ltr'>magne</span> 
     </span>
     <span class='ocr_line' id='line_1_22' title="bbox 434 2861 3146 2943; baseline 0.001 -22"><span class='ocrx_word' id='word_1_192' title='bbox 434 2862 839 2943; x_wconf 86' lang='lat' dir='ltr'>gratitudinis</span> <span class='ocrx_word' id='word_1_193' title='bbox 900 2863 1169 2924; x_wconf 90' lang='lat' dir='ltr'>domum</span> <span class='ocrx_word' id='word_1_194' title='bbox 1231 2883 1307 2925; x_wconf 91' lang='lat' dir='ltr'>ac</span> <span class='ocrx_word' id='word_1_195' title='bbox 1368 2862 1693 2925; x_wconf 88' lang='lat' dir='ltr'>solaminis</span> <span class='ocrx_word' id='word_1_196' title='bbox 1754 2865 2045 2925; x_wconf 88' lang='lat' dir='ltr'>immensi</span> <span class='ocrx_word' id='word_1_197' title='bbox 2110 2863 2404 2924; x_wconf 88' lang='lat' dir='ltr'>solatium</span> <span class='ocrx_word' id='word_1_198' title='bbox 2456 2861 2684 2924; x_wconf 89' lang='lat' dir='ltr'>referre</span> <span class='ocrx_word' id='word_1_199' title='bbox 2730 2863 3146 2941; x_wconf 89' lang='lat' dir='ltr'>disponimus,</span> 
     </span>
     <span class='ocr_line' id='line_1_23' title="bbox 434 2977 3145 3059; baseline 0 -24"><span class='ocrx_word' id='word_1_200' title='bbox 434 2978 548 3036; x_wconf 90' lang='lat' dir='ltr'>tibi</span> <span class='ocrx_word' id='word_1_201' title='bbox 596 2986 660 3037; x_wconf 91' lang='lat' dir='ltr'>et</span> <span class='ocrx_word' id='word_1_202' title='bbox 705 2977 879 3037; x_wconf 90' lang='lat' dir='ltr'>dicto</span> <span class='ocrx_word' id='word_1_203' title='bbox 927 2987 1038 3037; x_wconf 89' lang='lat' dir='ltr'>tuo</span> <span class='ocrx_word' id='word_1_204' title='bbox 1086 2977 1287 3038; x_wconf 90' lang='lat' dir='ltr'>ordini</span> <span class='ocrx_word' id='word_1_205' title='bbox 1340 2978 1624 3049; x_wconf 87' lang='lat' dir='ltr'>obnoxii,</span> <span class='ocrx_word' id='word_1_206' title='bbox 1656 2978 1926 3055; x_wconf 88' lang='lat' dir='ltr'>proinde</span> <span class='ocrx_word' id='word_1_207' title='bbox 1957 2977 2040 3037; x_wconf 90' lang='lat' dir='ltr'>ad</span> <span class='ocrx_word' id='word_1_208' title='bbox 2074 2980 2418 3059; x_wconf 88' lang='lat' dir='ltr'>gratiarum</span> <span class='ocrx_word' id='word_1_209' title='bbox 2462 2988 2794 3036; x_wconf 88' lang='lat' dir='ltr'>teneamur</span> <span class='ocrx_word' id='word_1_210' title='bbox 2825 2977 3145 3036; x_wconf 87' lang='lat' dir='ltr'>uberimas</span> 
     </span>
     <span class='ocr_line' id='line_1_24' title="bbox 432 3086 3144 3173; baseline -0 -24"><span class='ocrx_word' id='word_1_211' title='bbox 432 3090 740 3149; x_wconf 76' lang='lat' dir='ltr'>actiones,</span> <span class='ocrx_word' id='word_1_212' title='bbox 787 3090 955 3151; x_wconf 83' lang='lat' dir='ltr'>Satis</span> <span class='ocrx_word' id='word_1_213' title='bbox 1017 3093 1206 3164; x_wconf 90' lang='lat' dir='ltr'>enim,</span> <span class='ocrx_word' id='word_1_214' title='bbox 1252 3092 1298 3149; x_wconf 90' lang='lat' dir='ltr'>si</span> <span class='ocrx_word' id='word_1_215' title='bbox 1348 3086 1807 3173; x_wconf 88' lang='lat' dir='ltr'>p(ro)uidentia</span> <span class='ocrx_word' id='word_1_216' title='bbox 1865 3104 1974 3150; x_wconf 86' lang='lat' dir='ltr'>tua</span> <span class='ocrx_word' id='word_1_217' title='bbox 2037 3090 2413 3160; x_wconf 84' lang='lat' dir='ltr'>considerat,</span> <span class='ocrx_word' id='word_1_218' title='bbox 2475 3088 2700 3149; x_wconf 83' lang='lat' dir='ltr'>afforet</span> <span class='ocrx_word' id='word_1_219' title='bbox 2765 3089 2968 3149; x_wconf 88' lang='lat' dir='ltr'>ordini</span> <span class='ocrx_word' id='word_1_220' title='bbox 3034 3100 3144 3149; x_wconf 88' lang='lat' dir='ltr'>tuo</span> 
     </span>
     <span class='ocr_line' id='line_1_25' title="bbox 434 3201 3145 3281; baseline -0 -19"><span class='ocrx_word' id='word_1_221' title='bbox 434 3203 813 3281; x_wconf 90' lang='lat' dir='ltr'>pudendum</span> <span class='ocrx_word' id='word_1_222' title='bbox 866 3214 929 3262; x_wconf 90' lang='lat' dir='ltr'>et</span> <span class='ocrx_word' id='word_1_223' title='bbox 975 3204 1159 3269; x_wconf 67' lang='lat' dir='ltr'>uobis</span> <span class='ocrx_word' id='word_1_224' title='bbox 1205 3222 1336 3263; x_wconf 85' lang='lat' dir='ltr'>non</span> <span class='ocrx_word' id='word_1_225' title='bbox 1385 3204 1789 3264; x_wconf 86' lang='lat' dir='ltr'>mediocriter</span> <span class='ocrx_word' id='word_1_226' title='bbox 1844 3202 2326 3262; x_wconf 90' lang='lat' dir='ltr'>condolendum</span> <span class='ocrx_word' id='word_1_227' title='bbox 2375 3204 2424 3262; x_wconf 91' lang='lat' dir='ltr'>si</span> <span class='ocrx_word' id='word_1_228' title='bbox 2471 3202 2792 3281; x_wconf 88' lang='lat' dir='ltr'>predictus</span> <span class='ocrx_word' id='word_1_229' title='bbox 2837 3201 2998 3261; x_wconf 90' lang='lat' dir='ltr'>ordo</span> <span class='ocrx_word' id='word_1_230' title='bbox 3045 3221 3145 3262; x_wconf 92' lang='lat' dir='ltr'>so-</span> 
     </span>
     <span class='ocr_line' id='line_1_26' title="bbox 440 3314 3142 3395; baseline 0.001 -22"><span class='ocrx_word' id='word_1_231' title='bbox 440 3333 657 3375; x_wconf 89' lang='lat' dir='ltr'>rorum</span> <span class='ocrx_word' id='word_1_232' title='bbox 720 3316 837 3375; x_wconf 90' lang='lat' dir='ltr'>sub</span> <span class='ocrx_word' id='word_1_233' title='bbox 900 3326 1117 3375; x_wconf 91' lang='lat' dir='ltr'>nostro</span> <span class='ocrx_word' id='word_1_234' title='bbox 1182 3317 1485 3395; x_wconf 85' lang='lat' dir='ltr'>regimine</span> <span class='ocrx_word' id='word_1_235' title='bbox 1547 3318 1928 3377; x_wconf 89' lang='lat' dir='ltr'>constitutus</span> <span class='ocrx_word' id='word_1_236' title='bbox 1989 3327 2282 3393; x_wconf 85' lang='lat' dir='ltr'>tempore</span> <span class='ocrx_word' id='word_1_237' title='bbox 2342 3326 2562 3374; x_wconf 91' lang='lat' dir='ltr'>nostro</span> <span class='ocrx_word' id='word_1_238' title='bbox 2633 3315 2803 3393; x_wconf 90' lang='lat' dir='ltr'>apud</span> <span class='ocrx_word' id='word_1_239' title='bbox 2853 3314 3142 3375; x_wconf 88' lang='lat' dir='ltr'>ordinem</span> 
     </span>
     <span class='ocr_line' id='line_1_27' title="bbox 436 3428 3146 3509; baseline 0 -22"><span class='ocrx_word' id='word_1_240' title='bbox 436 3438 620 3487; x_wconf 89' lang='lat' dir='ltr'>tuum</span> <span class='ocrx_word' id='word_1_241' title='bbox 686 3430 895 3488; x_wconf 87' lang='lat' dir='ltr'>minus</span> <span class='ocrx_word' id='word_1_242' title='bbox 956 3428 1189 3488; x_wconf 89' lang='lat' dir='ltr'>fauoris</span> <span class='ocrx_word' id='word_1_243' title='bbox 1234 3440 1299 3489; x_wconf 89' lang='lat' dir='ltr'>et</span> <span class='ocrx_word' id='word_1_244' title='bbox 1344 3431 1561 3509; x_wconf 87' lang='lat' dir='ltr'>gratie,</span> <span class='ocrx_word' id='word_1_245' title='bbox 1607 3428 1936 3489; x_wconf 90' lang='lat' dir='ltr'>commodi</span> <span class='ocrx_word' id='word_1_246' title='bbox 1986 3441 2048 3489; x_wconf 90' lang='lat' dir='ltr'>et</span> <span class='ocrx_word' id='word_1_247' title='bbox 2095 3429 2420 3506; x_wconf 87' lang='lat' dir='ltr'>profectus</span> <span class='ocrx_word' id='word_1_248' title='bbox 2472 3428 2751 3502; x_wconf 85' lang='lat' dir='ltr'>haberet,</span> <span class='ocrx_word' id='word_1_249' title='bbox 2797 3447 2989 3508; x_wconf 89' lang='lat' dir='ltr'>quam</span> <span class='ocrx_word' id='word_1_250' title='bbox 3039 3428 3146 3488; x_wconf 87' lang='lat' dir='ltr'>ha-</span> 
     </span>
     <span class='ocr_line' id='line_1_28' title="bbox 435 3542 3144 3623; baseline 0 -22"><span class='ocrx_word' id='word_1_251' title='bbox 435 3542 591 3602; x_wconf 89' lang='lat' dir='ltr'>bere</span> <span class='ocrx_word' id='word_1_252' title='bbox 660 3544 1061 3602; x_wconf 88' lang='lat' dir='ltr'>consueuerit</span> <span class='ocrx_word' id='word_1_253' title='bbox 1130 3542 1527 3620; x_wconf 88' lang='lat' dir='ltr'>temporibus</span> <span class='ocrx_word' id='word_1_254' title='bbox 1593 3542 1880 3615; x_wconf 85' lang='lat' dir='ltr'>aliorum,</span> <span class='ocrx_word' id='word_1_255' title='bbox 1943 3543 2049 3621; x_wconf 90' lang='lat' dir='ltr'>qui</span> <span class='ocrx_word' id='word_1_256' title='bbox 2113 3561 2230 3601; x_wconf 89' lang='lat' dir='ltr'>nos</span> <span class='ocrx_word' id='word_1_257' title='bbox 2292 3545 2352 3601; x_wconf 90' lang='lat' dir='ltr'>in</span> <span class='ocrx_word' id='word_1_258' title='bbox 2416 3542 2778 3602; x_wconf 90' lang='lat' dir='ltr'>huiusmodi</span> <span class='ocrx_word' id='word_1_259' title='bbox 2839 3544 3144 3623; x_wconf 85' lang='lat' dir='ltr'>regimine</span> 
     </span>
     <span class='ocr_line' id='line_1_29' title="bbox 434 3653 3141 3734; baseline -0 -19"><span class='ocrx_word' id='word_1_260' title='bbox 434 3666 897 3733; x_wconf 89' lang='lat' dir='ltr'>precesserunt,</span> <span class='ocrx_word' id='word_1_261' title='bbox 942 3656 1173 3732; x_wconf 88' lang='lat' dir='ltr'>quibus</span> <span class='ocrx_word' id='word_1_262' title='bbox 1235 3653 1379 3715; x_wconf 89' lang='lat' dir='ltr'>licet</span> <span class='ocrx_word' id='word_1_263' title='bbox 1439 3656 1625 3715; x_wconf 90' lang='lat' dir='ltr'>simul</span> <span class='ocrx_word' id='word_1_264' title='bbox 1689 3657 1926 3715; x_wconf 87' lang='lat' dir='ltr'>meritis</span> <span class='ocrx_word' id='word_1_265' title='bbox 1989 3658 2264 3734; x_wconf 87' lang='lat' dir='ltr'>impares</span> <span class='ocrx_word' id='word_1_266' title='bbox 2325 3655 2586 3716; x_wconf 87' lang='lat' dir='ltr'>forsitan</span> <span class='ocrx_word' id='word_1_267' title='bbox 2652 3674 2780 3715; x_wconf 90' lang='lat' dir='ltr'>non</span> <span class='ocrx_word' id='word_1_268' title='bbox 2830 3658 3141 3715; x_wconf 90' lang='lat' dir='ltr'>minorem</span> 
     </span>
     <span class='ocr_line' id='line_1_30' title="bbox 438 3767 3140 3847; baseline -0 -19"><span class='ocrx_word' id='word_1_269' title='bbox 438 3787 637 3845; x_wconf 89' lang='lat' dir='ltr'>quam</span> <span class='ocrx_word' id='word_1_270' title='bbox 700 3770 812 3847; x_wconf 89' lang='lat' dir='ltr'>ipsi</span> <span class='ocrx_word' id='word_1_271' title='bbox 877 3768 959 3827; x_wconf 91' lang='lat' dir='ltr'>ad</span> <span class='ocrx_word' id='word_1_272' title='bbox 1021 3768 1297 3828; x_wconf 89' lang='lat' dir='ltr'>eundem</span> <span class='ocrx_word' id='word_1_273' title='bbox 1356 3768 1645 3828; x_wconf 89' lang='lat' dir='ltr'>ordinem</span> <span class='ocrx_word' id='word_1_274' title='bbox 1695 3769 1918 3828; x_wconf 85' lang='lat' dir='ltr'>intime</span> <span class='ocrx_word' id='word_1_275' title='bbox 1964 3767 2170 3843; x_wconf 72' lang='lat' dir='ltr'>celum</span> <span class='ocrx_word' id='word_1_276' title='bbox 2219 3768 2574 3829; x_wconf 82' lang='lat' dir='ltr'>affectionis</span> <span class='ocrx_word' id='word_1_277' title='bbox 2621 3768 2946 3828; x_wconf 81' lang='lat' dir='ltr'>habemus,</span> <span class='ocrx_word' id='word_1_278' title='bbox 2995 3767 3140 3829; x_wconf 89' lang='lat' dir='ltr'>Non</span> 
     </span>
     <span class='ocr_line' id='line_1_31' title="bbox 435 3880 3140 3960; baseline -0 -20"><span class='ocrx_word' id='word_1_279' title='bbox 435 3881 673 3959; x_wconf 88' lang='lat' dir='ltr'>itaque,</span> <span class='ocrx_word' id='word_1_280' title='bbox 756 3880 1085 3941; x_wconf 88' lang='lat' dir='ltr'>karissime</span> <span class='ocrx_word' id='word_1_281' title='bbox 1170 3882 1360 3941; x_wconf 88' lang='lat' dir='ltr'>frater</span> <span class='ocrx_word' id='word_1_282' title='bbox 1428 3892 1490 3941; x_wconf 90' lang='lat' dir='ltr'>et</span> <span class='ocrx_word' id='word_1_283' title='bbox 1562 3880 1684 3945; x_wconf 81' lang='lat' dir='ltr'>filii.</span> <span class='ocrx_word' id='word_1_284' title='bbox 1768 3880 1982 3960; x_wconf 91' lang='lat' dir='ltr'>quoad</span> <span class='ocrx_word' id='word_1_285' title='bbox 2069 3880 2528 3941; x_wconf 87' lang='lat' dir='ltr'>exhibitionem</span> <span class='ocrx_word' id='word_1_286' title='bbox 2600 3892 3140 3941; x_wconf 84' lang='lat' dir='ltr'>sacramentorum</span> 
     </span>
     <span class='ocr_line' id='line_1_32' title="bbox 434 3994 3144 4072; baseline -0 -19"><span class='ocrx_word' id='word_1_287' title='bbox 434 3994 1010 4054; x_wconf 89' lang='lat' dir='ltr'>ecclesiasticorum</span> <span class='ocrx_word' id='word_1_288' title='bbox 1076 4004 1138 4055; x_wconf 89' lang='lat' dir='ltr'>et</span> <span class='ocrx_word' id='word_1_289' title='bbox 1199 3994 1665 4072; x_wconf 73' lang='lat' dir='ltr'>predicatione-s</span> <span class='ocrx_word' id='word_1_290' title='bbox 1728 4014 1839 4072; x_wconf 91' lang='lat' dir='ltr'>per</span> <span class='ocrx_word' id='word_1_291' title='bbox 1903 3994 2125 4055; x_wconf 89' lang='lat' dir='ltr'>fratres</span> <span class='ocrx_word' id='word_1_292' title='bbox 2186 3997 2270 4054; x_wconf 92' lang='lat' dir='ltr'>tui</span> <span class='ocrx_word' id='word_1_293' title='bbox 2338 3994 2577 4053; x_wconf 89' lang='lat' dir='ltr'>ordinis</span> <span class='ocrx_word' id='word_1_294' title='bbox 2633 3995 2778 4071; x_wconf 87' lang='lat' dir='ltr'>ipsis</span> <span class='ocrx_word' id='word_1_295' title='bbox 2823 3994 3144 4054; x_wconf 88' lang='lat' dir='ltr'>sororibus</span> 
     </span>
     <span class='ocr_line' id='line_1_33' title="bbox 436 4105 3143 4187; baseline -0 -21"><span class='ocrx_word' id='word_1_296' title='bbox 436 4106 765 4167; x_wconf 90' lang='lat' dir='ltr'>faciendas</span> <span class='ocrx_word' id='word_1_297' title='bbox 827 4105 1174 4185; x_wconf 74' lang='lat' dir='ltr'>pretaxatis</span> <span class='ocrx_word' id='word_1_298' title='bbox 1236 4107 1478 4167; x_wconf 87' lang='lat' dir='ltr'>uicibus</span> <span class='ocrx_word' id='word_1_299' title='bbox 1524 4118 1588 4167; x_wconf 90' lang='lat' dir='ltr'>et</span> <span class='ocrx_word' id='word_1_300' title='bbox 1634 4108 2032 4185; x_wconf 88' lang='lat' dir='ltr'>temporibus</span> <span class='ocrx_word' id='word_1_301' title='bbox 2101 4107 2336 4180; x_wconf 86' lang='lat' dir='ltr'>indicti,</span> <span class='ocrx_word' id='word_1_302' title='bbox 2381 4108 2692 4187; x_wconf 85' lang='lat' dir='ltr'>generalis</span> <span class='ocrx_word' id='word_1_303' title='bbox 2737 4108 3001 4166; x_wconf 89' lang='lat' dir='ltr'>ministri</span> <span class='ocrx_word' id='word_1_304' title='bbox 3050 4106 3143 4166; x_wconf 94' lang='lat' dir='ltr'>lit-</span> 
     </span>
     <span class='ocr_line' id='line_1_34' title="bbox 432 4219 3144 4299; baseline 0 -20"><span class='ocrx_word' id='word_1_305' title='bbox 432 4221 587 4280; x_wconf 87' lang='lat' dir='ltr'>teris</span> <span class='ocrx_word' id='word_1_306' title='bbox 648 4223 730 4280; x_wconf 91' lang='lat' dir='ltr'>sis</span> <span class='ocrx_word' id='word_1_307' title='bbox 791 4229 1147 4292; x_wconf 89' lang='lat' dir='ltr'>contentus,</span> <span class='ocrx_word' id='word_1_308' title='bbox 1196 4223 1343 4297; x_wconf 92' lang='lat' dir='ltr'>quin</span> <span class='ocrx_word' id='word_1_309' title='bbox 1409 4223 1619 4299; x_wconf 90' lang='lat' dir='ltr'>potius</span> <span class='ocrx_word' id='word_1_310' title='bbox 1684 4223 2213 4299; x_wconf 87' lang='lat' dir='ltr'>quotiescumque</span> <span class='ocrx_word' id='word_1_311' title='bbox 2275 4230 2660 4297; x_wconf 89' lang='lat' dir='ltr'>oportunum</span> <span class='ocrx_word' id='word_1_312' title='bbox 2711 4219 2893 4280; x_wconf 88' lang='lat' dir='ltr'>fuerit</span> <span class='ocrx_word' id='word_1_313' title='bbox 2941 4230 3004 4279; x_wconf 87' lang='lat' dir='ltr'>et</span> <span class='ocrx_word' id='word_1_314' title='bbox 3049 4239 3144 4280; x_wconf 93' lang='lat' dir='ltr'>se-</span> 
     </span>
     <span class='ocr_line' id='line_1_35' title="bbox 432 4328 3143 4411; baseline 0 -20"><span class='ocrx_word' id='word_1_315' title='bbox 432 4332 721 4392; x_wconf 90' lang='lat' dir='ltr'>cundum</span> <span class='ocrx_word' id='word_1_316' title='bbox 772 4333 963 4393; x_wconf 89' lang='lat' dir='ltr'>deum</span> <span class='ocrx_word' id='word_1_317' title='bbox 1013 4333 1317 4411; x_wconf 88' lang='lat' dir='ltr'>expedire</span> <span class='ocrx_word' id='word_1_318' title='bbox 1366 4332 1595 4392; x_wconf 89' lang='lat' dir='ltr'>uideris</span> <span class='ocrx_word' id='word_1_319' title='bbox 1641 4333 2016 4391; x_wconf 88' lang='lat' dir='ltr'>auctoritate</span> <span class='ocrx_word' id='word_1_320' title='bbox 2079 4341 2292 4391; x_wconf 90' lang='lat' dir='ltr'>nostra</span> <span class='ocrx_word' id='word_1_321' title='bbox 2339 4350 2452 4409; x_wconf 89' lang='lat' dir='ltr'>per</span> <span class='ocrx_word' id='word_1_322' title='bbox 2497 4328 2773 4410; x_wconf 73' lang='lat' dir='ltr'>f(r)atres</span> <span class='ocrx_word' id='word_1_323' title='bbox 2821 4343 2964 4391; x_wconf 90' lang='lat' dir='ltr'>tuos</span> <span class='ocrx_word' id='word_1_324' title='bbox 3009 4335 3143 4410; x_wconf 90' lang='lat' dir='ltr'>ipsa</span> 
     </span>
     <span class='ocr_line' id='line_1_36' title="bbox 435 4442 3143 4523; baseline 0 -19"><span class='ocrx_word' id='word_1_325' title='bbox 435 4443 632 4505; x_wconf 87' lang='lat' dir='ltr'>facias</span> <span class='ocrx_word' id='word_1_326' title='bbox 694 4445 996 4505; x_wconf 89' lang='lat' dir='ltr'>exhiberi.</span> <span class='ocrx_word' id='word_1_327' title='bbox 1046 4446 1137 4507; x_wconf 90' lang='lat' dir='ltr'>Vt</span> <span class='ocrx_word' id='word_1_328' title='bbox 1181 4456 1396 4505; x_wconf 90' lang='lat' dir='ltr'>autem</span> <span class='ocrx_word' id='word_1_329' title='bbox 1460 4444 1730 4505; x_wconf 90' lang='lat' dir='ltr'>liberum</span> <span class='ocrx_word' id='word_1_330' title='bbox 1792 4444 1900 4503; x_wconf 91' lang='lat' dir='ltr'>tibi</span> <span class='ocrx_word' id='word_1_331' title='bbox 1950 4447 2026 4504; x_wconf 92' lang='lat' dir='ltr'>sit</span> <span class='ocrx_word' id='word_1_332' title='bbox 2074 4447 2245 4522; x_wconf 91' lang='lat' dir='ltr'>piam</span> <span class='ocrx_word' id='word_1_333' title='bbox 2309 4443 2460 4504; x_wconf 89' lang='lat' dir='ltr'>dare</span> <span class='ocrx_word' id='word_1_334' title='bbox 2528 4463 2789 4523; x_wconf 86' lang='lat' dir='ltr'>operam</span> <span class='ocrx_word' id='word_1_335' title='bbox 2838 4442 2972 4515; x_wconf 82' lang='lat' dir='ltr'>hiis,</span> <span class='ocrx_word' id='word_1_336' title='bbox 3019 4464 3143 4519; x_wconf 88' lang='lat' dir='ltr'>que</span> 
     </span>
     <span class='ocr_line' id='line_1_37' title="bbox 435 4556 3144 4636; baseline 0 -19"><span class='ocrx_word' id='word_1_337' title='bbox 435 4557 826 4636; x_wconf 83' lang='lat' dir='ltr'>prefatarum</span> <span class='ocrx_word' id='word_1_338' title='bbox 891 4576 1179 4617; x_wconf 88' lang='lat' dir='ltr'>sororum</span> <span class='ocrx_word' id='word_1_339' title='bbox 1246 4557 1753 4617; x_wconf 88' lang='lat' dir='ltr'>consolationem</span> <span class='ocrx_word' id='word_1_340' title='bbox 1802 4570 1863 4615; x_wconf 90' lang='lat' dir='ltr'>et</span> <span class='ocrx_word' id='word_1_341' title='bbox 1913 4556 2266 4634; x_wconf 88' lang='lat' dir='ltr'>profectam</span> <span class='ocrx_word' id='word_1_342' title='bbox 2327 4558 2670 4634; x_wconf 87' lang='lat' dir='ltr'>respiceres</span> <span class='ocrx_word' id='word_1_343' title='bbox 2730 4557 3144 4618; x_wconf 89' lang='lat' dir='ltr'>dinoscuntur</span> 
     </span>
     <span class='ocr_line' id='line_1_38' title="bbox 438 4669 3140 4751; baseline 0 -21"><span class='ocrx_word' id='word_1_344' title='bbox 438 4690 520 4730; x_wconf 89' lang='lat' dir='ltr'>ne</span> <span class='ocrx_word' id='word_1_345' title='bbox 589 4670 937 4748; x_wconf 87' lang='lat' dir='ltr'>capitulum</span> <span class='ocrx_word' id='word_1_346' title='bbox 1010 4681 1115 4731; x_wconf 90' lang='lat' dir='ltr'>tue</span> <span class='ocrx_word' id='word_1_347' title='bbox 1184 4672 1415 4751; x_wconf 85' lang='lat' dir='ltr'>regule,</span> <span class='ocrx_word' id='word_1_348' title='bbox 1462 4689 1591 4749; x_wconf 93' lang='lat' dir='ltr'>quo</span> <span class='ocrx_word' id='word_1_349' title='bbox 1658 4670 1741 4728; x_wconf 87' lang='lat' dir='ltr'>ab</span> <span class='ocrx_word' id='word_1_350' title='bbox 1812 4670 2094 4747; x_wconf 74' lang='lat' dir='ltr'>ingressu</span> <span class='ocrx_word' id='word_1_351' title='bbox 2165 4671 2694 4729; x_wconf 88' lang='lat' dir='ltr'>monasteriorum</span> <span class='ocrx_word' id='word_1_352' title='bbox 2766 4669 3140 4730; x_wconf 87' lang='lat' dir='ltr'>monialium</span> 
     </span>
     <span class='ocr_line' id='line_1_39' title="bbox 436 4782 3143 4860; baseline 0 -17"><span class='ocrx_word' id='word_1_353' title='bbox 436 4782 663 4843; x_wconf 85' lang='lat' dir='ltr'>fratres</span> <span class='ocrx_word' id='word_1_354' title='bbox 708 4794 1020 4855; x_wconf 74' lang='lat' dir='ltr'>arcentur,</span> <span class='ocrx_word' id='word_1_355' title='bbox 1066 4783 1179 4842; x_wconf 89' lang='lat' dir='ltr'>tibi</span> <span class='ocrx_word' id='word_1_356' title='bbox 1226 4784 1286 4841; x_wconf 90' lang='lat' dir='ltr'>in</span> <span class='ocrx_word' id='word_1_357' title='bbox 1336 4782 1455 4842; x_wconf 88' lang='lat' dir='ltr'>hac</span> <span class='ocrx_word' id='word_1_358' title='bbox 1500 4792 1681 4860; x_wconf 88' lang='lat' dir='ltr'>parte</span> <span class='ocrx_word' id='word_1_359' title='bbox 1727 4783 1926 4859; x_wconf 85' lang='lat' dir='ltr'>possit</span> <span class='ocrx_word' id='word_1_360' title='bbox 1989 4782 2295 4841; x_wconf 85' lang='lat' dir='ltr'>obsistere</span> <span class='ocrx_word' id='word_1_361' title='bbox 2356 4784 2731 4842; x_wconf 88' lang='lat' dir='ltr'>auctoritate</span> <span class='ocrx_word' id='word_1_362' title='bbox 2776 4783 3143 4860; x_wconf 87' lang='lat' dir='ltr'>apostolica,</span> 
     </span>
     <span class='ocr_line' id='line_1_40' title="bbox 438 4895 3143 4975; baseline 0 -20"><span class='ocrx_word' id='word_1_363' title='bbox 438 4914 568 4974; x_wconf 89' lang='lat' dir='ltr'>qua</span> <span class='ocrx_word' id='word_1_364' title='bbox 614 4896 955 4975; x_wconf 83' lang='lat' dir='ltr'>fungimur,</span> <span class='ocrx_word' id='word_1_365' title='bbox 1002 4896 1113 4955; x_wconf 90' lang='lat' dir='ltr'>tibi</span> <span class='ocrx_word' id='word_1_366' title='bbox 1164 4908 1385 4955; x_wconf 88' lang='lat' dir='ltr'>tenore</span> <span class='ocrx_word' id='word_1_367' title='bbox 1431 4896 1821 4973; x_wconf 89' lang='lat' dir='ltr'>presentium</span> <span class='ocrx_word' id='word_1_368' title='bbox 1854 4895 2170 4955; x_wconf 89' lang='lat' dir='ltr'>licentiam</span> <span class='ocrx_word' id='word_1_369' title='bbox 2213 4895 2626 4954; x_wconf 86' lang='lat' dir='ltr'>concedimus</span> <span class='ocrx_word' id='word_1_370' title='bbox 2671 4896 3028 4973; x_wconf 85' lang='lat' dir='ltr'>specialem,</span> <span class='ocrx_word' id='word_1_371' title='bbox 3075 4907 3143 4955; x_wconf 94' lang='lat' dir='ltr'>ut</span> 
     </span>
     <span class='ocr_line' id='line_1_41' title="bbox 436 5006 3142 5086; baseline -0 -19"><span class='ocrx_word' id='word_1_372' title='bbox 436 5027 553 5086; x_wconf 94' lang='lat' dir='ltr'>pro</span> <span class='ocrx_word' id='word_1_373' title='bbox 578 5008 962 5068; x_wconf 87' lang='lat' dir='ltr'>exhibendis</span> <span class='ocrx_word' id='word_1_374' title='bbox 988 5009 1423 5069; x_wconf 88' lang='lat' dir='ltr'>ecclesiasticis</span> <span class='ocrx_word' id='word_1_375' title='bbox 1446 5010 1873 5081; x_wconf 90' lang='lat' dir='ltr'>sacramentis,</span> <span class='ocrx_word' id='word_1_376' title='bbox 1901 5006 2296 5066; x_wconf 86' lang='lat' dir='ltr'>celebrandis</span> <span class='ocrx_word' id='word_1_377' title='bbox 2320 5007 2564 5079; x_wconf 89' lang='lat' dir='ltr'>diuinis,</span> <span class='ocrx_word' id='word_1_378' title='bbox 2589 5008 3142 5085; x_wconf 82' lang='lat' dir='ltr'>predicationibus,</span> 
     </span>
     <span class='ocr_line' id='line_1_42' title="bbox 434 5120 3140 5199; baseline 0 -18"><span class='ocrx_word' id='word_1_379' title='bbox 434 5120 747 5181; x_wconf 88' lang='lat' dir='ltr'>faciendis</span> <span class='ocrx_word' id='word_1_380' title='bbox 808 5140 883 5181; x_wconf 89' lang='lat' dir='ltr'>ac</span> <span class='ocrx_word' id='word_1_381' title='bbox 944 5120 1219 5182; x_wconf 90' lang='lat' dir='ltr'>consiliis</span> <span class='ocrx_word' id='word_1_382' title='bbox 1280 5120 1729 5199; x_wconf 88' lang='lat' dir='ltr'>impendendis</span> <span class='ocrx_word' id='word_1_383' title='bbox 1775 5132 1838 5180; x_wconf 90' lang='lat' dir='ltr'>et</span> <span class='ocrx_word' id='word_1_384' title='bbox 1885 5120 2020 5180; x_wconf 87' lang='lat' dir='ltr'>aliis</span> <span class='ocrx_word' id='word_1_385' title='bbox 2065 5139 2191 5198; x_wconf 87' lang='lat' dir='ltr'>que</span> <span class='ocrx_word' id='word_1_386' title='bbox 2253 5122 2403 5197; x_wconf 89' lang='lat' dir='ltr'>ipsis</span> <span class='ocrx_word' id='word_1_387' title='bbox 2449 5122 2770 5181; x_wconf 84' lang='lat' dir='ltr'>sororibus</span> <span class='ocrx_word' id='word_1_388' title='bbox 2816 5122 3140 5181; x_wconf 80' lang='lat' dir='ltr'>extiterint</span> 
     </span>
    </p>
   </div>
  </div>
 </body>
</html>
