3797 5795
1907 353 2262 416 —40-

722 550 895 625 ipsos
940 543 1024 605 de
1070 555 1285 606 cetero
1330 562 1519 622 super
1547 544 1833 604 terminis
1863 552 2172 603 terrarum
2203 559 2458 602 suarum
2492 558 2652 619 pace
2681 549 2991 618 perpetua
3022 539 3428 620 gratulentur,

722 669 1052 740 presentes
1098 657 1335 718 litteras
1393 658 1457 717 in
1519 657 1960 717 testimonium
2021 664 2328 734 perpetue
2381 653 2694 714 firmitatis
2738 652 2873 712 dari
2920 653 3206 726 fecimuS,
3249 653 3426 734 sigilli

726 772 925 833 nostri
971 770 1251 850 dupplici
1300 771 1653 832 munimine
1720 769 2070 830 roboratas.
2139 767 2381 828 Datum
2427 785 2542 844 per
2585 784 2816 828 manus·
2859 765 3072 827 dilecti
3121 779 3184 826 et
3231 765 3431 827 fidelis

727 886 923 945 nostri
975 885 1257 966 magistri
1306 882 1660 964 Smaragdi,
1704 880 2008 944 Albensis
2067 881 2390 960 prepositi,
2455 879 2596 940 aule
2658 888 2874 940 nostre
2936 877 3429 940 vicecancellarii

723 995 921 1058 Anno
991 996 1235 1057 domini
1307 996 1645 1056 millesimo
1715 995 2156 1056 ducentesimo
2225 995 2759 1074 quinquagesimo
2827 1003 3034 1064 sexto,
3121 991 3226 1052 III.
3295 991 3432 1052 idus

724 1109 1115 1184 novembris,
1160 1111 1333 1190 regni
1380 1119 1605 1169 autem⁴
1646 1110 1840 1168 nostri
1888 1125 2062 1168 anno
2108 1107 2410 1166 vicesimo
2457 1104 2762 1166 secundo.

910 1301 1207 1376 Original
1232 1321 1271 1358 u
1305 1300 1526 1358 arkivu
1574 1297 2112 1375 nadbiskupskom,
2163 1298 2621 1372 Privilegialia.
2683 1297 2735 1354 C
2733 1318 2754 1354 r
2765 1297 3283 1372 veno-b'ubz'c‘asta
3314 1298 3433 1353 svi-

723 1409 871 1464 lena
913 1427 1106 1464 vrvca
1151 1407 1277 1463 visi
1317 1406 1421 1462 bez
1464 1405 1707 1480 pedatu.
2543 1473 2546 1476 ἢ

909 1510 1161 1568 Tkalc'ic'
1196 1511 1367 1569 Mon.
1415 1511 1593 1585 episc.
1646 1509 1828 1582 Zagr.
1880 1508 1929 1565 I.
1979 1511 2291 1563 110—112.
2331 1541 2408 1547 —-
2462 1506 2706 1587 Wenzeffl
2739 1505 2879 1564 Cod.
2925 1505 3076 1581 dipl.
3125 1505 3272 1580 Arp.
3324 1505 3430 1561 XI.

732 1617 1060 1672 418—421.
1116 1650 1197 1657 —-
1244 1613 1621 1689 Kukuljevic'
1660 1614 1811 1686 Reg.
1862 1631 1959 1670 no.
2014 1615 2130 1672 711,

1992 2005 2184 2085 565.

728 2185 931 2264 1256,
980 2185 1083 2249 11.
1128 2182 1548 2250 novembre.

732 2375 1013 2436 Razvod
1058 2374 1279 2458 medja
1352 2372 1581 2456 medju
1644 2369 2046 2456 §omogjkz'm
2108 2377 2440 2455 Zupanom
2500 2367 2882 2432 Henrikom
2929 2366 2965 2430 ι’
2993 2367 3442 2452 podam'cz‘ma

1806 2484 2032 2569 gradez
2083 2483 2356 2546 Garz'c‘a.

911 2679 1060 2740 Bela
1090 2678 1194 2740 dei
1231 2681 1441 2760 gracia
1490 2677 1836 2758 Hungarie,
1881 2673 2233 2748 Dalmacie,
2280 2673 2562 2748 Croacie,
2611 2675 2832 2749 Rame,
2878 2673 3112 2747 Servie,
3157 2671 3444 2747 Gallicie,

736 2791 1143 2866 Lodomerie,
1190 2790 1630 2870 Cumanieque
1678 2809 1792 2850 rex
1838 2788 2140 2849 omnibus
2185 2788 2416 2866 quibus
2461 2797 2789 2867 presentes
2835 2786 3262 2847 ostenduntur
3303 2797 3442 2846 tam

734 2906 1133 2983 presentibus
1179 2924 1373 2984 quam
1420 2905 1643 2965 suturis
1687 2904 1960 2964 salutem
2007 2903 2070 2962 in
2119 2905 2407 2963 omnium
2455 2902 2783 2961 salvatore.
2831 2900 3044 2963 Officii
3079 2902 3274 2960 nostri
3322 2912 3445 2961 etc.

734 3020 884 3094 (kao
913 3020 1039 3077 koa'
1063 3021 1236 3097 broja
1272 3023 1403 3076 559.
1442 3040 1547 3077 sve
1578 3022 1654 3077 do
1694 3018 2058 3075 »materiam
2089 3017 2364 3074 habeant
2387 3013 2864 3093 querulandi‹.)
2909 3012 3012 3075 Ex
3046 3015 3277 3091 quibus
3307 3015 3447 3091 qui-

733 3130 885 3191 dem
918 3132 1364 3213 iobagionibus
1388 3133 1573 3191 castri
1608 3130 1944 3190 memorati
1976 3139 2148 3189 mete
2179 3138 2484 3189 terrarum
2515 3127 2765 3189 Martini
2793 3137 2856 3187 et
2875 3126 3134 3207 Georgii
3166 3126 3444 3187 filiorum

735 3242 1030 3318 Brezwal,
1074 3256 1263 3323 prout
1312 3246 1609 3324 magister
1642 3242 2024 3303 Benedictus
2071 3241 2255 3301 nobis
2296 3241 2504 3301 retulit
2536 3251 2598 3301 et
2630 3242 2789 3301 sicut
2820 3240 3028 3300 dictus
3061 3240 3448 3319 Pangracius

732 3374 851 3432 per
884 3376 1027 3418 suas
1059 3357 1296 3418 litteras
1327 3358 1655 3430 intimavit,
1685 3355 1809 3415 hoc
1843 3353 2068 3415 ordine
2100 3354 2541 3435 distinguntur.
2577 3354 2799 3432 Incipit
2832 3354 3002 3413 enim
3035 3354 3240 3431 prima
3272 3364 3446 3413 meta

732 3476 902 3530 terre
946 3471 1083 3548 ipse
1128 3472 1391 3531 nomine
1420 3468 1675 3531 Descha
1722 3470 1784 3527 in
1835 3486 1964 3527 uno
2010 3467 2210 3527 rivulo
2260 3466 2497 3527 Babich
2545 3469 2804 3526 nomine
2853 3467 2914 3525 in
2962 3464 3124 3535 Ιοοο,
3156 3466 3266 3525 ubi
3311 3469 3446 3526 exit

734 3579 821 3640 de
854 3602 935 3643 eo
986 3586 1047 3643 in
1099 3593 1269 3643 meta
1300 3583 1386 3643 ad
1416 3601 1612 3642 unam
1646 3580 1893 3653 vallem,
1924 3599 2037 3658 per
2083 3598 2277 3659 quam
2314 3582 2512 3661 vergit
2544 3580 2829 3658 superius
2861 3597 3076 3638 versus
3109 3577 3445 3639 meridiem

732 3712 941 3775 usque
986 3696 1068 3757 ad
1120 3696 1314 3756 berch
1353 3695 1435 3755 ad
1466 3705 1708 3755 metam
1755 3704 2026 3755 terream
2075 3694 2195 3753 sub
2241 3694 2468 3754 arbore
2514 3693 2700 3765 tulia;
2749 3692 2896 3752 inde
2928 3690 3010 3751 de
3042 3690 3240 3751 berch
3271 3693 3450 3751 iuxta

732 3809 989 3869 vineam
1039 3809 1371 3870 descendit
1403 3811 1463 3869 in
1496 3809 1685 3869 aliam
1720 3808 1951 3867 vallem
1983 3820 2046 3867 et
2079 3826 2192 3885 per
2223 3806 2394 3867 illam
2428 3806 2643 3866 eundo
2675 3805 2931 3865 inferius
2961 3806 3094 3865 exit
3127 3805 3212 3865 ad
3246 3824 3450 3882 quan-

732 3918 891 3981 dam
926 3922 1172 3996 vallem,
1218 3922 1327 3983 ubi
1374 3934 1468 3981 est
1515 3932 1687 3981 meta
1733 3932 1795 3981 et
1843 3939 1955 3997 per
2001 3939 2145 3979 eam
2179 3919 2466 3980 ascendit
2498 3920 2560 3977 in
2592 3918 2786 3979 berch
2821 3917 2905 3977 ad
2939 3935 3240 3998 magnam
3273 3918 3444 3977 viam

730 4036 1100 4095 venientem
1148 4036 1229 4096 de
1277 4033 1473 4116 Garig
1516 4034 1599 4094 ad
1648 4044 1886 4094 metam
1935 4033 2053 4093 sub
2091 4033 2319 4093 arbore
2350 4034 2617 4103 viminiS,
2669 4030 2818 4091 inde
2864 4029 3150 4091 tenendo
3197 4038 3440 4089 metam

731 4161 889 4208 cum
937 4160 1101 4209 terra
1147 4150 1330 4209 castri
1395 4148 1569 4208 vadit
1632 4147 1889 4207 inferius
1949 4166 2060 4225 per
2117 4148 2280 4205 viam
2345 4156 2408 4206 et
2476 4148 2608 4205 exit
2654 4144 2737 4205 de
2785 4164 2858 4204 ea
2905 4143 2988 4203 ad
3038 4153 3278 4203 metam
3324 4142 3446 4202 sub

729 4259 970 4323 arbore
1031 4261 1399 4323 cheresnafa
1460 4280 1649 4340 supra
1711 4259 2038 4340 quandam
2099 4260 2384 4331 vineam;
2458 4258 2607 4318 inde
2667 4256 3080 4337 progrediens
3146 4255 3315 4341 cadit
3385 4256 3446 4314 in

728 4386 937 4435 unam
1000 4376 1227 4437 vallem
1283 4377 1514 4435 siccam
1563 4393 1690 4454 que
1736 4372 2020 4434 similiter
2065 4372 2234 4433 cadit
2282 4375 2343 4432 in
2391 4370 2656 4431 rivulum
2705 4369 2957 4431 Desche
3003 4369 3218 4446 ibique
3263 4387 3444 4446 sepa-

729 4494 915 4548 ratur
959 4510 996 4548 a
1043 4500 1206 4548 terra
1270 4490 1453 4548 castri
1515 4499 1579 4548 et
1641 4489 1857 4565 incipit
1919 4498 2136 4546 tenere
2197 4496 2436 4545 metam
2497 4503 2644 4544 cum
2709 4482 2846 4543 filiis
2908 4482 3180 4567 Berivoy
3227 4491 3290 4541 et
3335 4500 3450 4559 per

732 4596 1013 4661 rivulum
1061 4601 1232 4661 vadit
1280 4603 1564 4679 superius
1609 4618 1833 4677 parum
1882 4611 1946 4659 et
1993 4601 2123 4659 exit
2171 4598 2254 4658 ad
2299 4616 2492 4658 unam
2541 4599 2774 4657 siccam
2821 4594 3050 4656 vallem
3098 4613 3225 4673 que
3272 4593 3446 4655 ducit

736 4709 825 4769 ad
876 4714 1035 4775 duas
1098 4725 1317 4787 metaS,
1377 4732 1645 4793 quarum
1709 4730 1835 4771 una
1896 4722 1990 4772 est
2055 4710 2324 4772 filiorum
2394 4709 2662 4787 Berivoy
2723 4710 2807 4769 ab
2853 4710 3096 4767 oriente
3143 4717 3206 4767 et
3253 4708 3450 4767 altera

740 4820 1019 4888 filiorum
1085 4826 1361 4887 Brezwal
1422 4826 1504 4886 ab
1566 4824 1920 4899 occidente,
1981 4823 2129 4884 inde
2193 4821 2583 4883 transeundo
2646 4823 2810 4881 viam
2873 4821 3041 4881 cadit
3111 4822 3175 4879 in
3222 4819 3452 4881 vallem

746 4942 1009 5003 nomine
1056 4939 1348 5004 Grabroa
1393 4950 1457 5000 et
1504 4959 1618 5018 per
1664 4956 1805 4998 eam
1855 4938 2254 4998 descendens
2299 4938 2432 4996 exit
2478 4935 2560 4996 de
2606 4955 2681 4995 ea
2713 4934 2796 4995 ad
2829 4937 3060 4994 siccam
3108 4932 3338 4993 vallem
3385 4935 3444 4992 in

750 5070 875 5115 una
923 5066 1095 5116 meta
1156 5055 1275 5115 sub
1333 5055 1559 5114 arbore
1608 5050 1783 5111 bikfa
1843 5051 2057 5128 ibique
2103 5062 2474 5128 separantur
2534 5070 2572 5109 a
2617 5059 2780 5108 terra
2845 5046 3114 5107 filiorum
3181 5045 3442 5121 Berivoy
