3797 5795
1816 378 2082 441 —622
2142 411 2224 421 --

662 606 810 677 post
878 597 1111 657 festum
1181 596 1351 657 beati
1425 593 1665 655 Mathie
1730 595 2020 674 apostoli.
2082 594 2282 656 Anno
2349 594 2594 654 domini
2658 590 2854 656 MCC.
2901 595 3380 673 septuagesimo

662 709 968 771 secundo,

847 903 909 959 U
933 902 1241 978 przjepisu
1285 900 1533 977 kaptola
1578 899 2040 975 zagrebab'koga
2087 900 2173 957 od
2202 919 2268 973 g.
2321 903 2486 955 1557.
2537 933 2624 940 —
2670 899 2736 956 Iz
2781 898 3003 956 arkiva
3048 898 3212 975 kapt.

848 1006 1100 1064 Tkalc‘ic‘
1138 1007 1415 1063 sidonam.
1482 1007 1737 1082 episcop.
1810 1005 2078 1080 Zagrab.
2131 1005 2181 1063 I.
2231 1008 2350 1061 161.
2399 1006 2426 1060 τ’
2473 1004 2747 1061 Menum.
2795 1005 2954 1061 civit.
3001 1002 3268 1077 Zagrab.
3325 1002 3376 1059 l.

666 1116 763 1167 46.
815 1145 900 1153 —
946 1110 1324 1185 Kukuljevic'
1365 1112 1512 1185 Reg.
1561 1130 1657 1167 no.
1714 1113 1877 1167 1058.

664 1524 863 1605 1272,
912 1524 1020 1590 13.
1066 1525 1332 1588 marta.
1378 1522 1492 1590 Na
1536 1522 1770 1590 Rabu.
1966 1401 2074 1480 70

670 1714 891 1795 Jakov
958 1710 1073 1774 sin
1144 1712 1446 1774 Ivankov
1514 1712 1808 1796 ostavlja
1880 1712 2241 1797 oporukom
2305 1712 2438 1774 elva
2501 1718 2652 1774 vrta
2711 1717 3111 1774 samos-lanu
3172 1710 3380 1790 malo-

1688 1825 1981 1888 brac‘ana
2027 1846 2074 1887 u
2123 1823 2364 1908 Senju.

836 2017 1037 2079 Anno
1070 2018 1313 2079 domini
1350 2018 1687 2079 millesimo
1720 2018 2165 2079 ducentesimo
2196 2019 2670 2099 septuagesimo
2701 2016 3004 2089 secund0,
3025 2016 3377 2077 indictione

658 2134 887 2211 quinta
912 2130 1181 2205 decima,
1205 2130 1308 2191 die
1334 2132 1529 2192 tercio
1558 2131 1813 2191 decimo
1836 2134 2112 2192 intrante
2134 2132 2395 2205 marci0,
2421 2128 2599 2192 Arbi.
2619 2130 3052 2210 Temporibus
3073 2129 3380 2209 equidem

658 2245 745 2304 do
758 2246 911 2304 mini
958 2246 1155 2304 nostri
1206 2244 1529 2305 Laurentii
1578 2243 1919 2322 Theopulo
1965 2244 2157 2305 incliti
2193 2243 2373 2305 ducis
2407 2244 2685 2305 Venetie
2717 2253 2780 2303 et
2811 2243 3190 2303 venerabilis
3221 2240 3384 2305 Gre-

659 2359 815 2439 gorii
868 2358 951 2416 de
999 2354 1252 2432 Costica
1298 2355 1609 2418 Arbensis
1656 2359 1958 2436 episcopi,
2014 2376 2092 2418 ac
2131 2355 2442 2436 Johannis
2489 2356 2782 2417 Badoarii
2827 2356 3062 2437 egregii
3109 2358 3385 2424 comitis⁹

658 2469 1062 2547 presentibus
1110 2469 1397 2549 Philippo
1444 2471 1527 2530 de
1574 2467 1876 2530 Giuanno
1923 2480 1987 2530 et
2031 2468 2319 2531 Domino
2367 2470 2453 2530 de
2499 2467 2871 2531 AbundinO.
2919 2468 3074 2550 Ego
3122 2469 3384 2547 quidem

653 2581 933 2660 jacobus
996 2581 1078 2641 de
1148 2582 1500 2660 presbitero
1558 2582 1801 2661 Juanco
1848 2581 1931 2643 de
1978 2580 2214 2664 Segnia
2273 2602 2390 2661 per
2455 2582 2579 2642 hoc
2639 2600 2896 2661 presens
2961 2585 3272 2661 scriptum
3321 2596 3386 2643 et

664 2712 877 2754 meum
925 2694 1336 2755 irreuocabile
1382 2704 1837 2755 testamentum
1887 2696 2161 2769 dimitte,
2209 2694 2294 2755 do
2341 2706 2408 2755 et
2457 2694 2752 2755 concedo
2796 2714 2913 2773 pro
2963 2697 3173 2755 anima
3223 2714 3368 2756 mea

663 2826 1083 2885 meorumque
1130 2807 1576 2868 defunctorum
1627 2808 1922 2868 fratribus
1969 2808 2320 2868 minoribus
2355 2808 2442 2868 de
2476 2805 2711 2888 Segnia
2757 2805 2920 2868 duos
2968 2818 3142 2868 ortos
3189 2826 3370 2868 meos

663 2923 905 2999 positos
965 2921 1199 3002 Segnie
1257 2922 1431 2999 apud
1492 2923 1822 2982 ecelesiam
1872 2933 1937 2983 et
1984 2934 2194 2983 ortum
2257 2924 2547 3000 ipsorum
2607 2921 2869 2982 fratrum
2931 2923 3254 2982 minorum
3302 2941 3364 2982 et

661 3033 836 3110 apud
880 3044 1145 3111 puteum
1206 3044 1267 3094 et
1330 3036 1495 3094 viam
1560 3035 1901 3114 puplicam,
1961 3046 2030 3095 ut
2091 3035 2332 3096 amodo
2395 3035 2693 3108 habeant,
2755 3045 3017 3095 teneant
3063 3047 3126 3096 et
3171 3036 3372 3114 possi-

660 3144 857 3204 deant
918 3164 1062 3205 cum
1126 3148 1253 3207 suis
1316 3147 1614 3207 omnibus
1673 3147 2166 3227 proprietatibus
2226 3166 2372 3208 eum
2435 3147 2816 3207 omnimoda
2874 3157 3209 3226 potestate.
3277 3149 3366 3211 Ut

663 3254 781 3316 hec
827 3261 1155 3318 concessio
1224 3261 1356 3319 siue
1420 3260 1773 3321 dimissoria
1835 3258 2017 3321 firma
2064 3270 2128 3321 et
2173 3270 2308 3320 rata
2368 3263 2624 3339 penitus
2685 3271 3004 3340 perpetuo
3061 3261 3374 3322 habeatur

663 3387 777 3447 per
824 3371 1090 3430 modum
1141 3375 1502 3433 testamenti
1552 3375 1754 3446 scribi,
1803 3375 1949 3434 iussi
1997 3383 2060 3434 et
2105 3374 2483 3434 coroboravi
2531 3374 2716 3435 volui.

838 3481 980 3562 Ego
1030 3480 1259 3546 Cresce
1307 3485 1389 3545 de
1434 3485 1645 3546 Fusco
1694 3488 2100 3546 examinator
2147 3505 2411 3546 manum
2459 3487 2616 3547 misi.

837 3593 979 3674 Ego
1014 3594 1222 3656 Lucas
1254 3600 1599 3658 canonicus
1642 3597 1955 3659 Arbensis
2002 3601 2283 3660 notarius
2314 3599 2431 3660 hiis
2461 3600 2712 3661 interfui
2745 3611 3019 3681 rogatuS,
3054 3614 3122 3661 ut
3156 3601 3372 3662 audiui

662 3721 729 3764 et
780 3708 926 3781 uidi,
970 3711 1207 3788 scripsi,
1253 3710 1571 3789 compleui
1622 3725 1687 3772 et
1733 3711 2036 3772 roborari.

844 3823 1259 3896 (Monogram.
1308 3823 1477 3901 not.)
1955 3797 1962 3806 ι

848 4014 1148 4087 Ονιζξὶηαί
1188 4036 1228 4072 u
1275 4017 1499 4074 arkivu
1544 4026 1906 4074 samostana
1952 4038 2037 4075 na
2093 4018 2332 4076 Trsatu.

1961 4307 2096 4386 71.

652 4449 866 4534 1272,
910 4457 1020 4520 14.
1070 4453 1339 4538 apr-ila.
1387 4455 1447 4520 U
1495 4455 1829 4523 Stolnom
1874 4455 2264 4540 Bioqradu.

657 4577 933 4666 Kaptol
994 4584 1615 4670 stolnobz'ogradski
1674 4608 1767 4649 na
1836 4585 2099 4670 zahtjev
2161 4587 2543 4672 ugarskoga
2603 4586 2638 4649 ι’
2692 4588 3098 4674 lzrvatskoga
3145 4591 3378 4674 kralja

658 4689 1003 4780 Sljepana
1065 4696 1216 4759 cfz'm'
1270 4697 1671 4762 autentz'can
1730 4698 2023 4783 prz‘jepz's
2085 4699 2455 4764 darovm'ca
2518 4698 2878 4784 uc'z'njem'lz
2924 4701 3118 4764 crkvi
3156 4724 3376 4788 cagre-

1904 4813 2155 4898 bac‘koj.

845 4947 1210 5027 Capitulum
1279 4953 1543 5013 ecclesie
1614 4951 1917 5013 Albensis
1985 4953 2284 5014 omnibus
2363 4951 2590 5016 Christi
2679 4954 2970 5016 fidelibus
3046 4967 3380 5034 presentes

666 5063 907 5124 litteras
953 5063 1325 5141 inspecturis
1370 5066 1641 5126 salutem
1691 5067 1751 5124 in
1803 5064 2072 5127 domino
2117 5068 2590 5145 sempiternam.
2637 5065 2745 5129 Ad
2791 5070 3228 5130 vniuersorum
3261 5089 3378 5131 no-
