3797 5795
1497 404 1916 468 —417—

344 595 587 655 dictam
632 604 865 656 terram
911 595 1223 657 redimere
1266 597 1500 674 poterit
1547 597 1662 656 nisi
1708 597 1817 656 viri
1864 596 2226 674 supradicti.
2291 594 2534 656 Datum
2579 613 2750 656 anno
2797 595 3044 656 domini
3115 655 3120 662 .

350 705 678 770 MCCLX.
725 717 930 770 sext0.

536 900 833 976 Orzginal
871 901 925 957 iz
968 900 1174 958 zbirke
1218 902 1379 958 Rad.
1426 901 1749 976 Lopach'a.
1798 902 2018 958 Pedati
2048 900 2388 976 manjkaju,
2432 920 2603 958 samo
2641 921 2714 958 su
2753 901 3060 976 preostali

348 1007 593 1062 odresci
636 1005 775 1063 kozie
820 1025 905 1062 na
950 1005 1179 1078 kojima
1224 1025 1298 1062 su
1344 1006 1564 1080 visjeli.
1616 1039 1695 1047 —
1744 1006 1833 1062 Po
1875 1006 2178 1080 prg'jepzku
2224 1005 2427 1062 Ivana
2483 1004 2790 1062 Tkalc'ic‘a.

1609 1296 1799 1376 887.

344 1453 551 1522 1266.
594 1453 654 1518 u
700 1428 961 1518 (Eam.

344 1641 535 1704 Pred
578 1643 909 1726 kaptolom
972 1642 1428 1706 craz-,mansam
1489 1643 1777 1728 prodaje
1822 1651 2046 1728 §upon
2097 1641 2519 1726 Pankracz'je
2565 1643 2763 1727 svoju
2813 1643 3058 1727 zemlju

572 1755 902 1818 Klokoc‘ec
946 1763 1221 1840 Eupanu
1268 1755 1689 1839 Leustalu'ju
1731 1755 1901 1818 sinu
1969 1755 2232 1819 Vt'dovu
2278 1777 2354 1818 za
2401 1761 2485 1820 30
2533 1756 2833 1819 maraka.

524 1947 663 2008 Nos
691 1947 1039 2027 capitulum
1089 1945 1495 2011 Chasmensis
1526 1950 1791 2010 ecclesie
1830 1947 2262 2030 significamus
2307 1949 2608 2008 omnibus
2653 1951 3057 2026 presencium

347 2079 463 2138 per
522 2070 830 2134 tenorem,
892 2061 1068 2140 quod
1128 2063 1486 2122 constitutis
1547 2080 1767 2122 coram
1828 2061 2016 2122 nobis
2076 2060 2494 2140 personaliter
2556 2061 2638 2120 ab
2705 2080 2831 2121 vna
2875 2071 3059 2139 parte

351 2173 701 2254 Pangracio
761 2175 1013 2249 comite,
1060 2175 1141 2233 ab
1187 2175 1383 2235 altera
1443 2184 1659 2234 autem
1721 2175 1958 2235 comite
2028 2173 2414 2234 Leustachio
2459 2172 2588 2233 filio
2643 2173 2834 2252 Wyd,
2883 2174 3057 2235 idem

349 2287 730 2366 Pangracius
775 2305 994 2347 comes
1038 2287 1330 2365 predium
1378 2288 1564 2348 Suum
1610 2285 1994 2348 Kolkocech
2042 2297 2344 2347 uocatum
2378 2288 2440 2347 in
2475 2286 2738 2364 Ryvche
2771 2288 2835 2347 in
2868 2288 3055 2348 metis

346 2400 755 2478 infrascriptis
822 2418 939 2478 pro
1006 2403 1261 2481 triginta
1330 2403 1557 2460 marcis
1624 2399 1813 2479 plene
1881 2402 2452 2478 accepti8,.coram
2500 2399 2686 2460 nobis
2731 2419 2880 2460 cum
2927 2402 3059 2462 suis

347 2512 719 2573 utilitatibus
764 2523 827 2573 et
873 2515 1275 2592 pertinenciis
1334 2513 1624 2574 uendidit
1693 2513 1906 2572 eidem
1955 2513 2340 2573 Leustachio
2389 2514 2606 2572 comiti
2655 2523 2718 2573 et
2765 2515 2892 2574 suis
2938 2533 3052 2592 per

347 2643 495 2684 eum
554 2627 1023 2686 successoribus
1083 2627 1216 2687 iure
1273 2637 1584 2705 perpetuo
1631 2626 2111 2705 possidendum.
2175 2623 2367 2688 Cuius
2415 2635 2601 2698 mete,
2648 2628 2808 2686 sicut
2855 2627 3048 2687 nobis

348 2738 557 2798 retulit
604 2737 801 2798 homo
848 2749 1078 2812 noster,
1125 2739 1389 2817 pacifice
1416 2750 1479 2799 et
1511 2742 1725 2819 quiete
1770 2749 1980 2800 erecte
2027 2758 2244 2799 coram
2291 2741 2510 2799 vicinis
2556 2749 2620 2798 et
2665 2743 3060 2800 cometaneis

348 2850 505 2913 tales
565 2863 741 2913 sunt:
806 2855 1007 2931 prima
1072 2864 1241 2914 meta
1302 2855 1519 2933 incipit
1566 2873 1603 2914 a
1650 2862 1831 2934 parte
1893 2851 2183 2913 orientali
2243 2855 2424 2914 iuxta
2485 2862 2717 2913 terram
2767 2853 3054 2915 eiusdem

347 2968 672 3043 emptoriS,
716 2966 820 3025 vbi
882 2976 977 3026 est
1036 2967 1225 3027 arbor
1288 2966 1376 3027 tul
1438 2986 1625 3027 cruce
1686 2969 1934 3048 signata
1979 2977 2042 3027 et
2091 2976 2260 3027 meta
2310 2965 2688 3027 circumfusa
2737 2968 2799 3026 in
2846 2966 3051 3027 riuulo

345 3095 507 3151 vn03
575 3078 725 3139 inde
792 3078 1080 3158 procedit
1148 3080 1232 3141 ad
1300 3081 1595 3140 arborem
1656 3081 1759 3157 fyz
1838 3098 2024 3139 cruce
2109 3082 2422 3160 signatam
2488 3089 2552 3138 et
2618 3090 2788 3139 meta
2853 3090 3058 3140 terrea

346 3191 794 3252 circumfusam
842 3203 905 3252 et
952 3191 1120 3253 cadit
1166 3195 1231 3253 in
1278 3194 1483 3271 ipsum
1549 3192 1848 3270 ryuulum
1895 3194 1960 3251 in
2007 3194 2326 3252 vicinitate
2395 3201 2559 3252 terre
2605 3194 3055 3267 castrensium;

348 3304 498 3363 inde
545 3304 817 3364 tendens
862 3303 945 3364 ad
992 3316 1205 3383 partes
1250 3304 1698 3365 meridionales
1744 3307 1919 3365 uenit
1951 3304 2034 3365 ad
2068 3316 2356 3382 pontem,
2387 3307 2565 3365 iuxta
2613 3324 2808 3383 quem
2854 3325 3058 3385 prope

348 3428 495 3478 sunt
541 3416 667 3476 due
714 3428 913 3477 terree
961 3428 1147 3491 mete,
1196 3417 1279 3477 ibi
1327 3417 1689 3497 relinquens
1752 3429 1982 3477 terram
2048 3418 2464 3477 castrensium
2525 3420 2832 3479 vicinatur
2897 3428 3060 3479 terre

352 3529 582 3589 Prevse
626 3540 690 3589 et
735 3530 949 3590 eundo
996 3549 1108 3609 per
1156 3548 1455 3611 magnam
1504 3532 1667 3590 viam
1719 3532 1783 3590 in
1830 3548 2068 3611 magno
2114 3533 2330 3608 spacio
2378 3530 2460 3590 ad
2509 3541 2722 3609 partes
2762 3531 3062 3592 occiden-

348 3642 509 3702 tales
570 3645 745 3703 uenit
805 3643 889 3703 ad
950 3653 1193 3703 metam
1256 3656 1545 3713 terream,
1592 3643 1740 3704 inde
1802 3646 2030 3703 iterum
2078 3643 2162 3704 ad
2209 3651 2450 3703 metam
2514 3653 2785 3704 terream
2833 3655 2898 3704 et
2947 3664 3061 3723 per

346 3755 621 3816 eandem
693 3758 862 3816 uiam
932 3758 1105 3817 uenit
1175 3756 1257 3817 ad
1329 3756 1597 3817 dumum
1666 3754 1940 3816 auellani
2009 3766 2178 3817 meta
2249 3766 2452 3816 terrea
2521 3757 2902 3831 circumfusi,
2971 3759 3058 3817 ibi

347 3869 713 3947 relinquens
771 3870 940 3929 viam
1007 3888 1307 3951 magnam
1371 3869 1579 3930 tendit
1622 3887 1737 3947 per
1783 3872 2078 3929 semitam
2125 3867 2209 3928 ad
2255 3868 2550 3928 arborem
2613 3869 2824 3930 harast
2873 3889 3060 3931 cruce

344 3984 660 4062 signatam
708 3993 771 4042 et
820 3992 989 4043 meta
1054 3981 1521 4054 circumfusam,
1583 3981 1669 4041 ibi
1730 3982 2098 4061 relinquens
2163 3992 2392 4041 terram
2459 3982 2687 4043 Prevse
2748 3985 3058 4044 vicinatur

350 4108 513 4155 terre
562 4096 765 4155 Bense
797 4106 861 4155 et
893 4095 1165 4156 tendens
1212 4094 1297 4155 ad
1341 4104 1554 4173 partes
1600 4084 2153 4173 septemtrionales
2187 4098 2358 4155 venit
2390 4096 2473 4155 ad
2505 4096 2801 4155 arborem
2851 4095 3062 4156 harast

349 4225 535 4268 cruce
582 4211 895 4289 signatam
944 4220 1005 4269 et
1054 4218 1227 4268 meta
1271 4219 1475 4267 terrea
1522 4208 1990 4279 circumfusam,
2022 4208 2102 4267 ibi
2155 4208 2517 4286 relinquens
2565 4220 2796 4268 terram
2849 4208 3054 4268 Bense

354 4323 659 4381 vicinatur
702 4332 867 4381 terre
914 4320 1298 4401 Moycen(!),
1347 4320 1449 4380 vbi
1498 4330 1645 4380 sunt
1692 4320 1817 4381 due
1866 4331 2038 4379 mete
2083 4330 2284 4380 terree
2316 4323 2379 4379 in
2411 4330 2573 4380 terra
2622 4320 2859 4395 arabili,
2905 4321 3058 4381 inde

354 4436 526 4493 uenit
596 4434 678 4494 ad
747 4433 1017 4495 dumum
1086 4433 1225 4494 ihor
1294 4442 1464 4494 meta
1533 4444 1735 4493 terrea
1801 4432 2252 4493 circumfusum
2301 4444 2363 4493 et
2411 4434 2493 4492 ibi
2544 4434 2850 4493 vicinatur
2897 4444 3062 4494 terre

355 4550 787 4618 castrensium,
831 4546 981 4607 inde
1028 4550 1218 4607 intrat
1263 4549 1327 4607 in
1373 4564 1638 4624 paruam
1700 4546 1928 4606 siluam
1976 4556 2038 4604 et
2086 4546 2260 4605 uenit
2305 4546 2390 4605 ad
2435 4546 2732 4606 arborem
2795 4556 3057 4626 gertean

357 4679 541 4720 cruce
588 4662 902 4741 signatam
935 4670 999 4719 et
1032 4670 1202 4719 meta
1248 4670 1451 4719 terrea
1498 4659 1965 4730 circumfusam,
1997 4657 2145 4719 inde
2192 4660 2325 4717 exit
2354 4658 2440 4719 ad
2473 4668 2715 4719 metam
2762 4668 3056 4733 terream,

353 4773 501 4834 inde
547 4773 629 4834 ad
676 4792 871 4833 vnum
918 4774 1233 4851 ryuulum,
1277 4792 1390 4851 per
1438 4791 1632 4851 quem
1678 4771 1762 4831 ad
1808 4770 2102 4835 arborem
2153 4769 2362 4831 harast
2395 4790 2580 4831 cruce
2627 4773 2940 4852 signatam
2993 4782 3055 4831 et

358 4896 527 4946 meta
573 4896 774 4946 terrea
822 4886 1287 4951 circumfusam,
1334 4886 1420 4944 ibi
1465 4884 1635 4945 cadit
1666 4885 1729 4944 in
1762 4902 1997 4963 aquam
2049 4882 2484 4958 Kolkochech,
2519 4886 2580 4944 in
2615 4904 2745 4962 quo
2787 4883 3061 4945 tendens

357 5002 529 5059 uenit
575 4999 658 5059 ad
705 5000 1001 5059 arborem
1048 5002 1226 5077 pomi
1273 5018 1461 5059 cruce
1508 5000 1824 5078 signatam
1872 5008 1935 5057 et
1985 5008 2154 5057 meta
2218 5008 2418 5057 terrea
2465 4997 2928 5069 circumfusam,
2977 4998 3062 5056 ibi

362 5111 721 5189 relinquens
780 5116 989 5190 ipsum
1055 5110 1477 5173 Kolkochech
1546 5112 1852 5170 vicinatur
1898 5119 2062 5169 terre
2113 5108 2328 5187 Matey
2376 5121 2440 5169 et
2483 5110 2738 5171 Thome
2786 5108 3056 5169 filiorum

447 5242 585 5287 con.
624 5244 785 5287 mpL.
822 5244 883 5287 v,
2894 5222 2977 5284 27
