3797 5795
1518 378 1933 441 -157—

1628 670 1822 749 665.

366 844 570 921 1260,
616 845 682 909 8.
737 846 1006 909 marta.
1053 844 1114 909 U
1158 843 1664 911 Dubrovniku.

363 1032 763 1118 AVaredjuje
805 1055 891 1110 se,
945 1035 1034 1097 da
1079 1055 1150 1097 se
1191 1034 1396 1097 svakz‘
1437 1034 1950 1111 Dubrovc‘am'n,
2003 1036 2203 1097 komu
2248 1035 2331 1119 je
2391 1033 2631 1119 opc‘z'na
2676 1039 2778 1097 §to
2825 1034 3077 1111 dalfina,

367 1145 504 1209 ima
559 1145 848 1231 pt'smom
910 1144 1284 1230 vjerovnt‘m
1327 1145 1560 1230 javz'tz'
1602 1148 1781 1231 pred
1840 1146 2067 1211 navim
2131 1149 2401 1211 knezom
2450 1146 2693 1231 mjesec
2738 1148 2927 1209 dana
2974 1146 3079 1209 iza

1416 1260 1700 1345 njegova
1744 1261 2048 1323 dolaska.

539 1452 578 1533 ’ξ-
639 1450 837 1513 Anno
905 1454 1359 1513 incarnationis
1427 1452 1673 1513 domini
1746 1453 2084 1514 millesimo
2149 1453 2592 1514 ducentesimo
2654 1453 3083 1535 sexagesimO,

366 1567 602 1625 mensis
649 1566 874 1639 martii,
933 1574 1170 1626 octauo
1216 1564 1320 1626 die
1365 1568 1657 1640 intrante,
1705 1566 1999 1627 ordinata
2060 1568 2229 1627 curia
2276 1585 2425 1627 cum
2472 1568 2682 1627 sonitu
2744 1584 3077 1645 campane.

365 1676 506 1737 Nos
565 1677 827 1757 quidem
889 1678 1152 1759 Egidius
1220 1676 1521 1757 Quirinus
1565 1698 1786 1739 comes
1831 1678 2089 1759 Ragusii
2136 1698 2283 1739 cum
2332 1680 2545 1739 iuratis
2590 1678 2901 1739 iudicibus
2944 1678 3077 1741 Da-

365 1790 564 1851 brana
635 1790 1003 1870 Lampridii,
1051 1790 1364 1853 Michaele
1433 1792 1694 1867 Pezane,
1741 1792 1991 1872 Pasqua
2051 1789 2360 1871 Johannis
2426 1789 2643 1853 Grade
2702 1802 2765 1853 et
2812 1790 3079 1853 Andrea

367 1903 643 1965 Benesse
689 1915 752 1963 et
797 1903 1166 1979 consiliariis
1196 1916 1262 1965 et
1291 1904 1534 1983 populo
1567 1904 1824 1987 Ragusii
1871 1913 2223 1965 statuentes
2260 1907 2597 1965 statuimus
2629 1915 2691 1965 et
2723 1904 3080 1979 laudamus,

367 2015 544 2094 quod
590 2018 952 2097 quicunque
999 2016 1200 2078 horno
1233 2018 1332 2078 uel
1365 2018 1601 2078 {emina
1648 2017 1842 2078 habet
1889 2026 2132 2078 cartam
2180 2017 2280 2078 uel
2325 2028 2531 2078 cartas
2576 2036 2765 2096 super
2796 2035 3077 2077 comune

363 2128 622 2209 Ragusii
655 2129 737 2190 de
767 2129 988 2191 debito
1035 2130 1183 2191 hinc
1229 2140 1413 2203 τευ-ο,
1445 2130 1723 2191 adducat
1769 2150 1914 2191 eam
1946 2131 2049 2191 uel
2082 2149 2190 2191 eas
2218 2130 2302 2191 ad
2334 2129 2691 2209 predictum
2740 2129 3075 2189 dominum

362 2245 671 2303 comitem
719 2262 919 2323 usque
965 2244 1048 2303 ad
1095 2244 1374 2323 primum
1420 2254 1761 2304 uenturum
1810 2263 2101 2305 mensem
2154 2244 2384 2322 aprili5‚
2430 2245 2478 2303 si
2527 2254 2625 2304 est
2670 2245 2733 2303 in
2778 2244 3082 2325 Ragusio.

363 2353 478 2415 Ille
523 2354 626 2415 uel
673 2356 774 2416 illa
823 2358 927 2431 qui
978 2355 1170 2416 habet
1218 2376 1363 2417 eam
1410 2357 1513 2418 uel
1558 2357 1695 2417 illas
1725 2368 1789 2417 et
1821 2359 1870 2417 si
1904 2366 2070 2418 esset
2116 2368 2299 2418 extra
2346 2358 2697 2438 Ragusium
2730 2365 2793 2417 et
2833 2358 3081 2421 uenerit

365 2468 736 2548 Ragusium,
781 2468 1060 2529 adducat
1107 2488 1252 2530 eam
1297 2470 1399 2530 uel
1447 2489 1555 2531 eas
1600 2470 1684 2531 ad
1730 2470 2091 2549 predictum
2139 2470 2474 2530 dominum
2520 2470 2827 2530 comitem
2877 2487 3078 2548 usque

361 2580 448 2641 ad
492 2600 692 2641 unum
727 2601 1013 2643 mensem
1046 2593 1390 2661 postquam
1423 2585 1666 2644 uenerit
1699 2584 2066 2665 Ragusium.
2114 2582 2196 2643 Et
2228 2585 2279 2642 si
2309 2582 2599 2662 predicto
2634 2582 2857 2643 ordine
2904 2598 3075 2642 nunc

361 2693 774 2769 adducerent,
820 2696 969 2756 inde
1016 2700 1082 2757 in
1127 2706 1316 2757 antea
1361 2698 1438 2756 sit
1485 2707 1548 2757 et
1595 2700 1719 2757 sint
1765 2706 1953 2775 rupta
1998 2705 2062 2757 et
2110 2706 2293 2775 rupte
2340 2706 2403 2756 et
2453 2714 2654 2756 uacua
2686 2707 2751 2756 et
2783 2713 2984 2755 uacue
3015 2704 3079 2754 et

359 2810 498 2868 sine
543 2808 673 2868 ullo
719 2811 937 2891 uigore
972 2828 1170 2887 usque
1217 2812 1280 2869 in
1327 2819 1726 2888 perpetuum.
1774 2808 1874 2870 De
1922 2809 2045 2870 hoc
2092 2820 2309 2869 autem
2356 2809 2527 2869 facto
2575 2809 2698 2867 sint
2745 2808 2872 2867 due
2904 2818 3077 2867 carte

361 2921 617 2992 similes,
663 2921 780 2982 hec
826 2935 889 2983 et
934 2924 1072 2983 alia.
1123 2923 1266 2984 Hec
1310 2934 1526 2984 autem
1573 2933 1746 2984 carta
1794 2923 1970 2983 nullo
2003 2923 2370 2984 testimonio
2416 2923 2624 3000 rumpi
2670 2923 2888 3000 possit.
2936 2919 3083 3001 Ego

361 3046 581 3096 autem
643 3038 976 3114 presbyter
1039 3037 1310 3096 Pascalis
1356 3047 1420 3096 et
1465 3036 1757 3096 comunis
1820 3037 2103 3095 notarius
2166 3037 2401 3095 iuratus
2459 3053 2574 3114 per
2636 3033 3075 3094 laudationem

361 3151 960 3226 prenominatorum
1009 3149 1249 3209 domini
1301 3151 1551 3209 comitis
1597 3159 1660 3210 et
1705 3151 2056 3209 iuratorum
2102 3148 2384 3209 iudicum
2440 3146 2917 3208 consiliatorum
2962 3165 3079 3225 po-

363 3261 498 3340 puli
543 3273 606 3324 et
653 3265 825 3322 curie
871 3281 1014 3322 cum
1065 3263 1276 3322 sonitu
1324 3280 1638 3340 campane
1685 3263 1905 3341 scripsi
1951 3273 2013 3322 et
2060 3263 2376 3321 roboraui.

545 3404 839 3478 (Signum
886 3404 1173 3474 notarii.)

554 3592 812 3650 Obadva
869 3593 1216 3669 pm‘mjcrka
1283 3594 1596 3666 oregt'nala
1661 3613 1700 3649 u
1761 3591 2209 3649 dubrovac'kom
2279 3591 2503 3649 arkivu
2564 3613 2636 3648 sa
2674 3594 3077 3669 prerezanim

351 3698 752 3772 pistae-nima,
798 3696 938 3772 koja
983 3717 1050 3754 se
1095 3698 1288 3766 slaiu,
1349 3697 1516 3754 kada
1563 3718 1628 3752 sc
1673 3695 1788 3753 oba
1844 3696 2187 3772 prinq'erka
2250 3717 2291 3752 n
2333 3698 2531 3771 jedna
2593 3697 2765 3754 sloz‘e.
2838 3695 3067 3753 Zbirka

369 3802 542 3858 Sacc.
600 3800 780 3858 XIII.

1630 4108 1825 4187 666.

363 4265 574 4344 1260,
619 4263 724 4328 14.
769 4267 1039 4330 marta.
1088 4264 1147 4330 Ι]
1191 4264 1525 4331 Budimu.

364 4456 542 4518 Bela
590 4455 781 4539 kralj
821 4453 1114 4539 ugarski
1153 4454 1187 4516 ι’
1225 4453 1541 4518 hrvatskt‘
1593 4453 1808 4518 ocima
1869 4453 2486 4518 Domt'nz'kancima
2532 4477 2568 4516 ο
2614 4454 2899 4517 svetostt'
2938 4455 3075 4538 nji-

1073 4567 1326 4653 lzovoga
1363 4567 1750 4652 pokojnoga
1796 4567 2082 4651 bz'skupa
2130 4567 2371 4630 [vana.

541 4759 694 4821 Bela
741 4759 842 4820 dei
890 4761 1104 4841 gracia
1151 4759 1498 4841 ilungarie,
1543 4759 1894 4828 Dalmacie‚
1942 4759 2227 4834 Croacie‚
2270 4761 2494 4835 Rame,
2525 4761 2763 4834 Serme,
2794 4759 3075 4834 Gallicie,

366 4873 777 4946 Lodomerie,
839 4871 1280 4953 Cumanieque
1348 4893 1464 4934 rex
1534 4874 1676 4932 viris
1744 4872 1870 4932 deo
1932 4872 2312 4933 amabilibus
2372 4873 2655 4951 patribus
2714 4873 3077 4933 reverendis

368 4988 674 5068 magistro
721 4985 962 5047 ordinis
1021 4987 1284 5047 fratrum
1347 4985 1824 5046 Predicatorum
1869 4996 1933 5046 et
1982 4984 2421 5047 definitoribus
2464 4985 2719 5064 capituli
2764 4985 3076 5066 generalis

365 5099 537 5178 apud
585 5097 1010 5180 Argentinam
1081 5073 1350 5160 salutem
1413 5109 1476 5158 et
1539 5100 1780 5158 sincere
1856 5098 2215 5160 dilectionis
2272 5097 2590 5160 affectum.
2660 5097 2873 5176 Quam
2936 5117 3079 5176 pre-
