3797 5795
1883 351 2303 414 —180—

739 543 822 603 ab
868 541 1092 603 iisdem
1140 543 1328 620 recipi
1377 542 1638 619 possint,
1690 542 1895 602 taliter
1944 542 2220 603 tenenda
2255 552 2319 601 et
2352 539 2759 619 possidenda,
2791 542 2948 600 sicut
2994 551 3056 600 et
3088 558 3210 600 nos
3256 550 3445 598 antea

739 654 1138 734 possedimus
1183 665 1245 715 et
1293 657 1624 715 tenuimus
1673 652 2091 716 Notificantes
2136 655 2321 716 simul
2368 664 2429 714 et
2476 654 2619 727 hoe,
2666 654 2843 731 quod
2887 655 2935 714 si
2984 672 3143 714 vnus
3189 652 3439 713 illorum

739 766 1035 829 deficeret
1096 769 1232 829 sine
1299 767 1548 841 herede,
1616 788 1698 828 ex
1767 778 1921 828 tunc
1967 767 2232 829 heredes
2300 768 2554 828 alterius
2624 777 2881 827 teneant
2943 777 3005 827 et
3066 764 3439 845 possideant

738 881 910 942 illum
981 882 1213 942 locum.
1287 879 1478 944 Cuius
1546 880 1824 941 confinia
1887 881 1971 941 ad
2017 881 2523 942 Tramontanam
2599 882 2903 959 imprimis
2963 891 3057 939 est
3114 878 3341 939 fluuius
3385 892 3445 937 et

740 996 915 1056 locus
977 993 1138 1055 Rika
1185 996 1248 1054 in
1298 1006 1516 1055 monte
1579 996 1768 1055 maris
1827 993 2222 1073 incipiendo;
2285 1004 2347 1055 et
2405 1004 2623 1054 nostra
2670 994 2865 1053 libera
2931 1011 3099 1071 aqua
3158 990 3447 1067 Richina‚

739 1126 937 1187 vsque
981 1108 1381 1187 ponticulum
1425 1127 1624 1186 penes
1670 1106 1997 1169 Grohou0.
2045 1107 2252 1169 Trans
2300 1127 2533 1186 aquam
2582 1110 2785 1186 prima
2849 1116 3020 1167 meta
3068 1118 3161 1167 est
3208 1109 3272 1166 in
3320 1125 3445 1165 vno

739 1220 967 1300 lapide,
1010 1224 1074 1280 in
1123 1240 1252 1299 quo
1298 1230 1393 1281 est
1438 1220 1643 1281 littera
1691 1220 1768 1283 A.
1818 1220 1993 1281 Meta
2040 1232 2103 1281 et
2150 1239 2319 1301 aqua
2388 1221 2671 1299 sequitur
2716 1220 2931 1291 libera,
2977 1238 3103 1298 que
3149 1238 3317 1296 aqua
3366 1238 3448 1277 ex

739 1342 962 1394 monte
1007 1343 1226 1393 nostro
1273 1331 1692 1394 Grobnicensi
1741 1343 1804 1393 et
1850 1330 2131 1393 confinio
2180 1336 2455 1408 scaturit,
2501 1352 2721 1394 murus
2766 1351 2956 1411 supra
3000 1331 3337 1392 inchoatur
3387 1334 3445 1391 in

733 1444 1114 1526 Jilievicheh‚
1159 1447 1263 1524 qui
1311 1446 1536 1506 dicitur
1603 1446 1879 1519 Prezum,
1946 1464 2159 1506 murus
2208 1449 2270 1505 in
2316 1448 2557 1524 piscina
2604 1446 2686 1506 ad
2737 1444 3162 1523 Praputische.
3208 1463 3295 1504 ex
3343 1444 3446 1504 illa

741 1569 918 1637 parte
977 1558 1331 1633 Terstenik‚
1399 1560 1577 1619 loeus
1644 1569 1860 1619 autem
1932 1558 2273 1619 Terstenil(
2342 1570 2558 1620 manet
2630 1569 2845 1620 noster
2910 1570 2971 1618 et
3034 1561 3295 1639 integer.
3348 1558 3451 1618 Ex

747 1671 1149 1749 Praputische
1179 1672 1262 1732 ad
1297 1672 1512 1751 Kupin
1563 1672 1814 1743 kamen,
1861 1692 1898 1732 a
1946 1672 2162 1751 Kupin
2212 1672 2445 1732 kamen
2493 1673 2577 1733 ad
2626 1672 2819 1733 Lisen
2866 1670 3119 1737 kamen,
3166 1692 3203 1731 3
3250 1670 3447 1731 Lisen

742 1782 976 1845 kamen
1022 1784 1105 1845 ad
1154 1784 1284 1845 Bila
1333 1784 1499 1846 voda
1545 1787 1608 1845 in
1655 1784 1816 1846 valle
1883 1785 2242 1863 Papruthio.
2308 1783 2369 1846 A
2416 1785 2578 1845 valle
2626 1784 2970 1863 Papruthio
3018 1784 3100 1845 ad
3150 1796 3449 1845 montem

743 1896 1140 1981 Berinschek,
1184 1917 1218 1956 a
1269 1910 1490 1958 monte
1537 1896 1923 1959 Berinschek
1968 1897 2052 1959 ad
2097 1896 2477 1971 Gromache,
2523 1918 2559 1957 a
2607 1883 2974 1959 Gromache
3019 1898 3100 1958 ad
3152 1897 3447 1957 Brezidin

745 2020 807 2070 et
856 2011 1100 2071 Babino
1161 2011 1346 2089 polie.
1411 2011 1551 2072 Hec
1597 2022 1744 2071 sunt
1812 2030 1963 2072 vero
2025 2011 2297 2071 confinia
2345 2032 2382 2071 a
2431 2021 2651 2071 monte
2701 2013 2891 2071 maris
2936 2030 3134 2091 vsque
3204 2010 3454 2070 Babino

744 2122 928 2202 polie.
977 2124 1048 2184 In
1097 2125 1298 2185 maius
1344 2125 1538 2185 robur
1596 2124 1865 2203 predicti
1929 2124 2079 2185 doni
2143 2144 2261 2203 pro
2324 2136 2539 2185 eterna
2605 2126 2912 2185 memoria
2961 2124 3256 2184 dedimus
3301 2127 3459 2202 ipsis

747 2236 1068 2297 Friderico
1099 2246 1162 2296 et
1195 2236 1647 2297 Bartholomeo
1695 2238 1809 2298 has
1855 2248 2103 2298 nostras
2151 2238 2386 2298 litteras
2432 2254 2729 2316 appertas
2760 2257 2909 2299 cum
2944 2250 3163 2298 nostro
3212 2238 3454 2315 duplici

745 2348 962 2429 sigillo.
1015 2348 1135 2410 Per
1196 2368 1422 2410 manus
1487 2350 1815 2429 prudentis
1883 2350 2159 2410 hominis
2228 2353 2507 2432 magistri
2576 2350 2849 2411 Farcasii
2915 2351 3097 2412 electi
3170 2354 3229 2411 in
3309 2351 3457 2411 aula

745 2461 1090 2522 cancelarii.
1135 2462 1377 2523 Datum
1408 2465 1468 2522 in
1503 2462 1740 2535 Dobra,
1786 2482 1960 2523 anno
2009 2463 2249 2524 domini
2289 2463 2374 2525 M.
2410 2462 2518 2527 CC
2550 2468 2971 2545 sexagesimo,
3018 2466 3191 2545 regni
3243 2467 3457 2523 nostri

747 2592 918 2633 anno
966 2576 1270 2655 vigesimo
1317 2586 1520 2635 sexto.

934 2767 1234 2824 Olevidni
1243 2768 1597 2844 falzz'fikat.
1649 2770 1890 2827 Donosi
1910 2791 2001 2841 ga
2035 2770 2384 2827 Kercsclz‘clz
2432 2770 2711 2827 Notitiae
2740 2770 3026 2841 praelim.
3062 2774 3172 2824 195
3202 2767 3455 2845 (r‘aljda

750 2879 807 2935 iz
855 2880 1163 2937 Ritle·rove
1197 2880 1430 2945 zbirke)
1479 2882 1506 2938 i
1550 2884 1796 2942 domec‘e
1815 2906 1834 2939 .-

925 3043 1324 3126 privilegium
1394 3045 1535 3121 hoe,
1595 3049 1642 3108 si
1714 3049 1868 3109 olim
1938 3049 2178 3130 vulgari
2248 3047 2539 3111 Croatica
2602 3049 2813 3129 lingua
2879 3049 3259 3128 expeditum
3322 3069 3453 3109 non

749 3156 965 3230 fuerat,
1011 3169 1078 3219 ut
1126 3163 1479 3220 successive
1526 3160 1898 3222 translatum
1948 3161 2136 3222 fuisse
2184 3162 2306 3222 dici
2353 3163 2568 3240 possit,
2615 3181 2747 3221 non
2793 3162 3000 3222 solum
3050 3164 3454 3241 proprietatis

753 3266 1082 3332 Croaticae
1128 3272 1308 3351 plura
1355 3273 1563 3346 habet,
1609 3285 1678 3334 ut
1726 3274 1907 3335 illud:
1958 3275 2253 3334 dedimus
2300 3275 2413 3334 has
2460 3285 2707 3334 nostras
2753 3274 2990 3334 litteras
3035 3287 3291 3353 apertas
3322 3278 3448 3335 sive

751 3385 998 3443 daszmo
1050 3407 1122 3443 ov
1167 3406 1318 3443 nasa
1363 3390 1640 3444 otvoreni
1684 3390 1836 3456 tiszt,
1886 3388 2061 3467 quod
2108 3388 2667 3468 grammaticaliter
2713 3387 3089 3448 translatum
3136 3398 3248 3454 est.
3298 3388 3443 3448 dum

751 3498 978 3557 rectius
1025 3497 1146 3557 dici
1195 3497 1520 3572 debuerat,
1568 3499 1863 3560 dedimus
1924 3499 2037 3561 has
2104 3509 2351 3560 nostras
2412 3501 2649 3560 litteras
2718 3510 3025 3578 patentes.
3077 3500 3241 3561 Illud
3288 3501 3441 3560 bella

751 3607 915 3668 vada
962 3609 1248 3670 Italicum
1297 3613 1506 3688 spirat.
1557 3611 1981 3691 Praputische‚
2030 3613 2287 3674 Kamen
2321 3626 2436 3674 etc.
2472 3611 2763 3676 Croatica
2812 3624 2974 3674 sunt.
3023 3613 3247 3674 Dobra
3295 3613 3445 3674 infra

753 3714 1265 3782 Carolostadium
1315 3723 1698 3785 modernum
1747 3724 1971 3786 fluvius
2017 3737 2128 3786 est.
2179 3724 2244 3787 Si
2280 3726 2460 3786 isthic
2507 3727 2661 3786 olim
2707 3746 2825 3788 arx
2872 3727 3094 3800 fuerat,
3140 3726 3447 3787 videretur

751 3829 1061 3894 hodierno
1110 3835 1435 3918 Novigrad
1480 3855 1833 3917 congruere
1879 3838 2032 3899 illud
2082 3841 2145 3899 in
2196 3838 2435 3900 Dobra.

927 4027 1304 4102 Kukuljevic‘
1344 4030 1520 4094 Jura
1567 4032 1750 4103 regni
1793 4031 1840 4088 I.
1897 4035 1977 4086 71.
2033 4067 2113 4073 —-
2164 4034 2429 4104 li’e’gesta
2478 4031 2564 4087 br.
2622 4035 2757 4088 799.
2810 4053 2842 4089 s
2886 4032 3173 4108 opaskom
3194 4055 3214 4089 .·

929 4183 1375 4241 Documentum
1421 4185 1531 4243 ltoc
1569 4187 1955 4262 publicatum
1992 4198 2113 4263 per
2158 4189 2471 4245 Krcseliclt
2521 4191 2586 4245 in
2620 4191 2859 4246 notitiis
2889 4191 3441 4247 Praeliminaribus

733 4291 802 4358 p.
857 4292 982 4345 195.
1033 4292 1094 4346 si
1137 4299 1230 4346 est
1270 4312 1348 4348 ex
1390 4300 1506 4348 toto
1554 4291 2011 4367 apochriphum,
2060 4301 2225 4348 secut
2282 4295 2489 4350 omnia
2554 4295 2811 4361 indicia,
2860 4295 3053 4366 stylus
3116 4296 3437 4371 inusitatus

746 4389 890 4446 cius
934 4397 1222 4470 temporis
1252 4403 1314 4452 et
1341 4415 1557 4452 nomen
1605 4395 1985 4470 Frangepan
2032 4395 2355 4453 comitibus
2384 4404 2389 4410 ’
2415 4399 2636 4471 Veglae
2667 4407 2814 4455 tunc
2844 4397 3048 4456 adhuc
3078 4401 3433 4474 incognitum

747 4501 1078 4558 testantur.
1131 4501 1383 4557 Videtur
1425 4520 1556 4556 esse
1583 4501 1953 4576 falsificata
2002 4501 2180 4576 copia
2218 4503 2651 4574 praecedentis
2684 4503 3016 4578 privilegii
3058 4504 3249 4560 Belae
3292 4504 3439 4575 regis

746 4615 890 4656 cum
937 4605 1267 4661 donatione
1313 4605 1485 4662 urbis
1533 4605 1819 4678 Segniae,
1871 4604 2204 4660 Existebat
2245 4605 2309 4660 in
2356 4606 2532 4680 copia
2580 4608 2644 4663 in
2693 4609 2875 4682 regni
2916 4607 3166 4665 archivo
3206 4606 3433 4666 Croatia

723 4703 912 4780 fasc,
949 4711 1088 4765 370.
1122 4729 1215 4766 no,
1251 4711 1344 4764 35.
1395 4729 1473 4765 ex
1494 4711 1670 4785 fasc.
1717 4712 1876 4767 1858.
1908 4727 2003 4765 no,
2034 4713 2082 4766 1.
2106 4719 2230 4785 per
2272 4708 2499 4766 banum
2548 4711 3168 4784 Kkuen-Hedemary
3216 4711 3435 4769 Budam

749 4806 1050 4871 ablatam.
1085 4812 1520 4888 ·Falzifikator
1563 4832 1705 4870 uzeo
1750 4832 1824 4870 za
1863 4815 2154 4889 predmet
2178 4813 2673 4890 falzffikovanja
2718 4837 2849 4886 ono,
2919 4821 3011 4874 §to
3056 4837 3129 4874 su
3174 4819 3248 4874 do
3290 4815 3433 4873 ouda

753 4911 1168 4994 Frankopam'
1208 4917 1490 4975 zakom'to
1525 4919 1933 4995 posjedovali.
