3797 5795
1502 397 1916 460 —527—

376 586 645 667 Nycolay
704 586 1076 648 vendiderat
1138 584 1451 668 Gregorio
1512 588 1733 648 comiti
1776 598 1842 649 et
1887 588 2110 650 Petrus
2180 591 2438 669 propria
2481 591 2754 669 pecunia
2800 608 2915 651 sua
2963 608 3062 651 re-

376 702 571 774 demit,
599 699 809 761 eidem
834 700 1023 761 Petro
1046 698 1353 761 Nicolaus
1383 700 1641 779 reliquit⁴
1667 703 1802 762 iure
1833 712 2148 781 perpetuo
2180 701 2643 781 possidendum
2677 702 2760 763 de
2788 706 3057 783 antiqua

375 814 656 875 divisione
718 822 1085 874 memorata.
1148 811 1315 873 Item
1377 823 1610 873 terram
1674 814 2012 893 Rupulfev,
2058 833 2255 894 quam
2303 834 2474 876 nunc
2519 816 2748 896 populi
2796 815 3061 878 domine

371 929 567 1007 regine
609 936 672 987 et
717 926 918 987 abbas
956 928 1189 987 -sancti
1254 924 1512 988 Martini
1580 926 1929 1006 possident,
1991 927 2441 1006 requirendam
2512 929 2786 990 contulit
2847 928 3058 991 eidem

371 1039 539 1100 Petro
580 1038 883 1101 Nicolaus
913 1048 979 1100 et
1007 1038 1317 1100 relaxavit
1360 1023 1645 1117 precium
1692 1022 1918 1119 quarte
1963 1042 2160 1119 partis
2205 1041 2492 1102 eiusdem
2525 1050 2706 1117 terre,
2754 1042 2839 1104 ad
2881 1042 3058 1122 quod

368 1152 843 1231 persolvendum
888 1171 958 1213 se
1002 1152 1225 1213 Petrus
1263 1151 1673 1233 obligaverat.
1720 1152 1881 1213 Item
1931 1153 2343 1215 medietatem
2391 1157 2811 1233 possessionis
2829 1154 3058 1237 Bugud

369 1284 499 1325 cum
541 1265 841 1325 omnibus
886 1265 1207 1339 libertiniS,
1253 1276 1464 1344 preter
1511 1264 1750 1346 Hogov
1794 1275 1858 1326 et
1903 1264 2068 1327 filios
2113 1285 2263 1327 suos
2306 1266 2558 1346 reliquit
2601 1267 2818 1328 eidem
2867 1268 3056 1329 Petro

371 1376 665 1451 Nicolaus,
726 1380 902 1465 cuius
945 1380 1365 1456 possessionis
1424 1379 1709 1457 precium
1769 1378 2072 1457 persolvit
2133 1378 2437 1442 Nicolaus
2483 1378 2754 1443 'Thome
2801 1393 2865 1441 et
2911 1380 3054 1443 Ste-

368 1489 560 1569 phano
619 1489 759 1551 filiis
817 1490 1087 1553 Thome.
1158 1490 1321 1552 Item
1369 1490 1589 1551 Petrus
1634 1490 1797 1552 filius
1842 1491 2008 1552 Petri
2055 1511 2092 1553 e
2137 1510 2446 1553 converso
2515 1492 2728 1554 eidem
2777 1492 3046 1554 Nicolao

363 1612 421 1663 et
445 1603 565 1663 suis
607 1602 950 1665 heredibus
993 1602 1258 1683 pacifice
1289 1614 1353 1665 et
1386 1586 1600 1683 quiete
1643 1604 1896 1683 reliquit
1942 1604 2236 1683 predium
2282 1603 2516 1667 Godan
2561 1615 2880 1679 vocatum,
2919 1607 3052 1667 iure

359 1724 653 1795 perpetuo
697 1716 1179 1795 possidendum.
1228 1716 1391 1778 Item
1437 1716 1658 1778 Petrus
1702 1720 2080 1795 porcionem
2126 1736 2308 1779 suam
2355 1718 2438 1778 de
2485 1717 2628 1779 villa
2674 1718 2934 1780 Poucha
2983 1729 3049 1780 et

362 1828 536 1889 aliam
597 1831 993 1908 porcionem,
1046 1848 1243 1908 quam
1302 1828 1658 1890 iustificavit
1702 1829 1787 1891 de
1832 1828 2146 1912 Gregorio
2209 1833 2446 1892 comite
2509 1850 2657 1892 cum
2721 1834 3053 1911 mancipiis

362 1940 629 2003 videlicet
693 1960 843 2003 cum
904 1942 1360 2003 Bartholomeo
1407 1952 1471 2003 et
1516 1942 1657 2004 filiis
1717 1944 1861 2003 suiS.
1926 1942 2087 2004 Item
2151 1961 2299 2004 cum
2360 1943 2500 2005 filiis
2561 1942 2856 2005 Nemhev
2903 1963 3050 2005 cum

362 2057 537 2115 vineis
578 2064 639 2115 et
690 2056 827 2116 aliis
874 2054 1249 2117 utilitatibus
1280 2056 1343 2115 in
1376 2056 1525 2134 ipsis
1558 2054 1807 2116 duabus
1852 2056 2265 2135 porcionibus
2310 2056 2734 2117 existentibus
2780 2056 3051 2119 contulit

364 2166 550 2227 eidem
594 2166 867 2228 Nicolao
912 2168 1045 2229 iure
1089 2178 1403 2248 perpetuo
1449 2167 1885 2247 possidendas
1935 2166 2410 2250 Obligaverunt'
2444 2171 2647 2229 eciam
2699 2188 2766 2229 se
2813 2180 3042 2249 parteS,

364 2279 523 2358 quod
577 2298 770 2359 super
832 2282 1236 2359 possessione
1296 2280 1658 2356 dividenda,
1702 2300 1815 2341 seu
1862 2280 2221 2342 dividendis
2265 2282 2775 2360 possessionibus
2821 2292 2886 2343 et
2930 2302 3041 2362 pe-

362 2396 527 2454 cunia
582 2404 848 2472 accepta
908 2396 1166 2455 racione
1228 2396 1449 2467 mutui,
1495 2404 1629 2454 tam
1691 2394 1773 2453 de
1836 2396 2150 2473 preteritis
2211 2412 2409 2474 usque
2469 2394 2555 2456 ad
2615 2394 2837 2456 datam
2908 2414 3049 2476 pre-

360 2509 637 2581 sencium,
686 2524 882 2585 quam
945 2506 1027 2569 de
1092 2508 1332 2582 futuriS,
1380 2525 1592 2586 neque
1640 2508 1757 2585 ipsi
1804 2526 2016 2585 neque
2079 2526 2303 2569 eorum
2350 2507 2618 2569 heredes
2661 2511 2726 2568 in
2773 2510 3046 2570 invicem

359 2618 615 2697 aliquam
685 2622 931 2697 possint
996 2639 1257 2681 movere
1317 2622 1731 2700 quescionem
1778 2630 1843 2680 et
1888 2620 2093 2680 nullas
2155 2620 2396 2681 litteras
2454 2640 2644 2700 super
2702 2621 3048 2703 largicione

358 2734 622 2809 pecunie,
652 2733 909 2793 racione
941 2734 1145 2793 mutui
1177 2744 1441 2812 accepte
1473 2732 1754 2792 debeant
1777 2731 1878 2793 vel
1908 2733 2154 2812 possint
2185 2744 2568 2811 presentare,
2599 2734 3047 2815 obligaverunt

356 2846 543 2906 eciam
573 2864 639 2907 se
670 2854 899 2925 parteS,
934 2845 1113 2926 quod
1158 2845 1324 2907 hanc
1370 2846 1893 2924 conposicionem
1927 2864 2041 2907 seu
2071 2846 2556 2908 ordinacionem
2602 2846 3047 2909 inviolabiliter

355 2969 734 3032 conservent,
780 2961 888 3020 ita·
911 2959 1087 3038 quod
1133 2961 1183 3019 si
1231 2977 1357 3037 qua
1418 2961 1705 3039 parcium
1766 2959 2049 3020 resilierit
2095 2980 2132 3020 a
2178 2961 2634 3038 conposicione
2698 2979 2808 3022 seu
2880 2960 3048 3021 ordi-

356 3073 628 3146 nacione,
671 3091 745 3132 ac
788 3073 1095 3133 sustinere
1154 3072 1443 3146 uoluerit,
1505 3074 1836 3132 sustinenti
1900 3083 2238 3134 sexcentas
2284 3091 2530 3134 marcas
2575 3073 2822 3134 solvere
2867 3085 3045 3134 tene-

355 3193 543 3244 antur.
602 3183 674 3244 In
733 3185 907 3245 cuius
968 3187 1053 3244 rei
1116 3185 1554 3245 testimonium
1620 3197 1683 3245 et
1744 3186 1939 3247 rObur
1998 3197 2326 3265 presentes
2387 3187 2773 3247 contulimus
2819 3187 2904 3247 ad
2951 3190 3042 3247 in-

360 3299 651 3356 stanciam
717 3299 1002 3376 parcium
1070 3297 1253 3378 sigilli
1322 3298 1520 3358 nostri
1591 3300 1944 3359 munimine
2019 3301 2466 3360 communitas
2544 3277 2786 3360 Datum
2867 3305 3040 3360 anno

362 3407 587 3468 domini
635 3407 735 3470 M⁰
753 3407 897 3473 CC⁰
940 3413 1434 3492 septuagesimo,
1989 3413 1995 3418 '
2177 3409 2188 3420 '
2265 3411 2268 3418 '
2321 3408 2332 3418 '
2793 3411 2796 3416 ’

518 3627 580 3683 Iz
621 3627 907 3702 izvornog
941 3629 1245 3706 prq‘jepzlra
1290 3628 1539 3706 kaptola
1584 3629 2234 3706 stolnobiogradskoga
2281 3632 2367 3688 od
2381 3651 2447 3706 g.
2483 3633 2661 3691 1270.
2699 3606 2801 3686 20.
2835 3639 3040 3689 marta

363 3746 401 3784 u
441 3729 648 3788 arkivu
690 3732 926 3808 obitelji
956 3737 1228 3810 grosova
1272 3734 1571 3806 Erdoajea
1620 3753 1661 3790 u
1714 3733 2018 3808 Glogovcu
2070 3738 2152 3791 61.
2207 3739 2270 3804 1.,
2320 3739 2412 3791 19.

528 3834 663 3894 cod.
710 3836 858 3913 dipl.
900 3837 1154 3914 patrius
1214 3837 1347 3895 Vll.
1404 3840 1720 3894 1-20--12L
1771 3858 1865 3895 κο.
1923 3841 2018 3895 90.

1598 4162 1793 4243 989.
1816 4153 1824 4160 ’

362 4329 542 4416 1270,
585 4336 693 4402 20.
740 4293 1019 4402 martaj

357 4541 639 4610 Polvrda
685 4547 958 4631 kaptola
1001 4545 1711 4634 stolnobz‘ogradskoga
1742 4571 1779 4612 ο
1812 4549 2002 4613 dz'obz
2033 4551 2318 4635 zemalja
2351 4571 2398 4614 u
2432 4551 2840 4636 Moslavsz,
2877 4554 3037 4638 koja

876 4660 963 4746 je
1008 4658 1335 4744 uoi'nyena
1377 4661 1548 4744 pred
1590 4661 1926 4746 kaptolom
1981 4663 2455 4728 ὄαεφηαηεέιηι.

511 4875 873 4958 Capitulum
918 4879 1186 4941 ecclesie
1230 4878 1532 4941 Albensis
1577 4879 1877 4941 omnibus
1940 4857 2169 4944 Christi
2231 4879 2522 4944 fidelibus
2565 4895 2894 4963 presentes
2938 4885 3034 4947 lit-

348 4996 503 5050 teras
562 4993 939 5071 inspecturis
998 4992 1266 5053 salutem
1318 4995 1379 5053 in
1427 4993 1694 5054 domino
1762 4995 2235 5072 sempiternam.
2281 4993 2393 5056 Ad
2437 4998 2874 5059 universorum
2922 5017 3035 5058 no·
3109 4999 3118 5010 '

345 5103 543 5164 ticiam
586 5114 811 5165 tenore
855 5106 1256 5183 pesencium
1318 5104 1611 5167 volumus
1672 5108 2021 5185 pervenire,
2066 5107 2244 5188 quod
2290 5109 2538 5170 nobiles
2583 5110 2666 5174 de
2715 5109 3032 5182 Munuzlo,

3733 2915 3735 2922 .
3729 2556 3736 2908 ..μ-»ῲ-ῌῌ
3729 2500 3735 2543 ι...Δ
3731 2474 3735 2493 ,-
3729 2376 3735 2465 -Α-ῌ
3733 2366 3735 2369 Α
3730 2350 3735 2359 .
3729 2292 3735 2343 -’.
