3797 5795
1478 397 1889 459 -121—

1589 690 1779 769 629.

344 882 525 955 1259,
576 882 681 944 11.
727 883 1065 965 januar-a.
1114 882 1173 947 U
1220 883 1523 965 Spljetu.

344 1088 695 1151 Ahnzostan
746 1110 838 1152 π).
894 1089 1157 1173 Dus'ma
1204 1098 1401 1153 vmc‘a
1455 1092 1632 1155 Dexi
1672 1092 1730 1153 i:
1792 1092 1855 1154 T
1848 1092 2098 1177 rogim,
2148 1094 2452 1155 odtzosno
2499 1098 2906 1155 ,ramestanu
2937 1113 3032 1154 δῖ’.

343 1198 660 1284 ‚S'ljeprmcz
738 1224 783 1263 u
847 1200 1132 1287 Spljelu,
1185 1205 1377 1265 kam
1425 1210 1492 1267 c‘e
1536 1226 1607 1267 se
1654 1204 1842 1267 Des‘a
1910 1203 2238 1273 sklonute'.
2291 1204 2520 1287 cisenu
2596 1226 2666 1266 :a
2739 1204 3029 1289 njegovu

1312 1318 1550 1400 :emlju
1604 1340 1646 1378 u
1705 1318 2057 1379 Pantanu.

502 1508 567 1566 In
618 1510 883 1568 nomine
928 1511 1121 1569 eterni
1172 1520 1234 1569 et
1282 1510 1516 1569 summi
1562 1510 1661 1570 dei
1712 1529 1920 1570 amen.
1969 1508 2166 1571 Anno
2217 1512 2677 1570 incarnacionis
2748 1509 3035 1570 eiusdem

335 1620 663 1680 millesimo
708 1620 1148 1683 ducentesimo
1182 1622 1711 1703 quinquagesimo
1760 1641 1953 1696 non0,
1985 1623 2305 1683 indicione
2344 1622 2644 1697 secunda,
2686 1622 3031 1683 undecimo

334 1732 429 1792 die
472 1735 751 1793 intrante
819 1735 1094 1808 ianuarii,
1146 1736 1543 1813 temporibus
1612 1736 1857 1795 domini
1921 1736 2174 1817 Rogerii
2223 1736 2600 1796 venerabilis
2645 1734 3039 1813 Spalatensis

332 1845 801 1924 archiepiscopi,
855 1847 1081 1907 nobilis
1126 1850 1235 1907 viri
1284 1846 1599 1909 Guidonis
1668 1849 1920 1908 comitis
1985 1847 2322 1908 Modrusse
2369 1858 2434 1907 et
2481 1846 2788 1909 Vinodoli
2859 1858 3039 1926 pote-

331 1960 515 2031 statiS‚
564 1959 758 2035 Srece
807 1956 1057 2035 Cacete,
1103 1958 1391 2041 Gregorii
1440 1958 1678 2035 Grube,
1711 1960 1913 2021 Dobri
1961 1960 2237 2037 Duscice
2286 1960 2584 2021 iudicum.
2650 1957 2816 2022 Cum
2863 1958 3034 2021 Desa

333 2069 583 2153 Georgii
630 2070 713 2132 de
760 2071 1069 2153 Tragurio
1117 2072 1371 2133 osserret
1405 2092 1473 2133 se
1505 2086 1567 2133 et
1604 2073 1931 2152 quandam
1965 2092 2146 2135 suam
2198 2085 2432 2134 terram
2479 2073 2666 2133 nobis
2712 2073 3034 2133 abbatisse

329 2198 387 2243 et
431 2185 798 2257 conuentui‚
868 2203 986 2245 nec
1048 2204 1177 2245 non
1244 2197 1465 2246 nostro
1537 2189 1924 2247 monasterio
1993 2188 2194 2246 sancti
2262 2185 2528 2247 Domnii
2574 2185 3031 2266 TraguriensiS‚

332 2316 447 2375 que
512 2308 683 2357 terra
751 2301 953 2359 estin
1006 2298 1347 2379 Pa(n)tano
1417 2302 1596 2359 iuxta
1666 2309 1862 2360 terras
1930 2298 2198 2377 predicti
2271 2300 2636 2359 monasterii
2709 2301 2902 2359 nostri
2973 2309 3036 2357 et

330 2421 586 2489 propter
629 2410 963 2491 quoddam
1022 2412 1395 2473 scandalum
1446 2414 1507 2471 in
1556 2413 1695 2491 ipso
1745 2413 2134 2472 monasterio
2200 2423 2412 2472 ortum
2464 2412 2549 2471 ibi
2597 2430 2857 2471 manere
2902 2429 3034 2471 non

330 2534 541 2601 posset
590 2538 654 2583 et
697 2524 781 2585 ad
828 2524 1201 2585 euitandum
1249 2524 1401 2585 illud
1448 2524 1823 2585 scandalum
1870 2526 1956 2585 ab
2003 2528 2142 2604 ipso
2174 2527 2475 2585 exiuisset
2508 2536 2571 2585 et
2603 2544 2672 2585 se
2705 2523 3039 2584 obtulisset

330 2637 537 2697 abbati
589 2648 651 2697 et
701 2638 1085 2697 monasterio
1130 2640 1332 2698 sancti
1396 2636 1701 2717 Stephani
1766 2636 2194 2716 Spalatensis;
2241 2658 2360 2698 nos
2408 2638 2670 2716 quidem
2717 2637 3040 2697 abbatissa

330 2768 449 2810 una
494 2769 647 2811 curn
695 2761 913 2811 nostro
982 2762 1305 2812 conuentu
1369 2752 1733 2812 monasterii
1798 2753 2134 2812 memorati
2196 2752 2487 2812 uolentes
2533 2751 2740 2811 facere
2789 2749 3037 2828 prefato

330 2861 493 2924 Dese
540 2874 763 2924 nostro
809 2863 979 2925 fratri
1024 2865 1301 2946 graciam
1350 2860 1765 2948 speci[a1em],
1798 2868 1945 2945 quia
1977 2868 2040 2926 in
2076 2876 2295 2926 nostro
2345 2866 2732 2926 monasterio
2781 2881 3039 2924 manere

330 2995 453 3036 non
486 2989 761 3056 poterat,
805 2989 1068 3060 propter
1114 2979 1319 3057 ipsam
1368 2990 1620 3053 terram,
1652 2997 1846 3058 quam
1880 2982 2016 3057 ipse
2050 2993 2269 3039 nostro
2312 2980 2702 3040 monasterio
2754 2975 3040 3050 contulit,

326 3088 621 3150 dedimus
666 3101 730 3150 et
777 3109 861 3151 ex
906 3095 1115 3172 gracia
1183 3091 1573 3152 contulimus
1643 3095 2032 3152 monasterio
2100 3093 2302 3153 sancti
2363 3091 2670 3171 Stephani
2718 3090 3040 3163 antedicti,

328 3203 431 3262 ubi
476 3205 614 3281 ipse
659 3223 727 3263 se
774 3204 1021 3278 obtulit,
1065 3207 1279 3286 viginti
1328 3205 1521 3265 libras
1568 3205 1977 3266 denariorum
2017 3223 2382 3285 paramum,
2425 3215 2495 3265 ut
2541 3203 2826 3283 predicta
2875 3211 3038 3262 terra

327 3327 545 3377 nostro
594 3318 983 3378 monasterio
1029 3321 1091 3378 in
1141 3331 1524 3397 perpetuum
1571 3318 1807 3379 debeat
1880 3337 2254 3398 permanere
2301 3329 2365 3378 et
2411 3317 2769 3397 predictum
2819 3334 3040 3376 mona-

326 3432 589 3490 sterium
658 3433 861 3490 sancti
926 3429 1255 3510 Stephani,
1302 3435 1451 3510 quia
1521 3430 1644 3492 illic
1712 3408 1992 3510 prefatus
2062 3430 2235 3493 Desa
2281 3450 2462 3492 suam
2507 3432 2704 3490 vitam
2752 3427 2930 3490 finire
2976 3439 3040 3488 et

324 3561 707 3604 consumare
752 3543 1082 3621 disposuit,
1130 3547 1298 3623 ipsas
1345 3545 1535 3605 libras
1580 3566 1617 3606 a
1651 3547 1836 3605 nobis
1881 3556 1945 3606 et
1991 3566 2028 3606 a
2075 3555 2296 3605 nostro
2344 3545 2732 3604 monasterio
2777 3550 3040 3621 propter

323 3655 681 3734 predictam
744 3667 980 3717 terram
1026 3677 1109 3718 ex
1154 3659 1365 3739 gracia
1436 3657 1666 3718 habeat
1714 3658 1797 3718 ad
1845 3657 2211 3719 faciendum
2259 3677 2343 3717 ex
2389 3658 2540 3736 ipsis
2587 3673 2767 3716 suam
2815 3654 3040 3715 uolun—

327 3782 545 3829 tatem.
592 3768 836 3830 Actum
883 3773 943 3829 in
993 3771 1240 3849 palacio
1289 3771 1533 3831 domini
1580 3771 2036 3850 archiepiscopi
2108 3771 2502 3850 Spalatcnsis
2548 3772 2610 3829 in
2660 3771 2853 3848 ipsius
2898 3785 3038 3845 pre-

322 3883 539 3943 sencia
584 3893 649 3942 et
694 3883 758 3942 in
804 3885 1131 3961 presencia
1190 3884 1442 3945 abbatis
1486 3895 1550 3945 et
1597 3884 1824 3945 decani
1897 3887 2096 3944 sancti
2159 3882 2469 3961 Stephani
2517 3893 2579 3942 et
2629 3883 2822 3961 ipsius
2866 3879 3039 3942 Dese

325 3993 573 4069 Marini,
625 3993 876 4057 Gaudie
944 3993 1394 4080 Bonag(u)nte,
1454 3997 1751 4058 Damiani
1797 3997 2130 4076 presbiteri
2174 4008 2239 4056 et
2285 3995 2535 4056 Marino
2579 3997 3038 4055 canonicorum

322 4107 844 4190 Traguriensium
892 4119 957 4170 et
1002 4110 1291 4171 alliorum
1340 4129 1534 4191 quam
1582 4111 1877 4189 plurium.

498 4221 584 4283 Et
630 4240 753 4304 ego
800 4221 1021 4284 Dobre
1068 4222 1390 4302 Bulpicele
1435 4225 1841 4285 examinator
1886 4242 2150 4284 manum
2202 4225 2358 4284 misi.

498 4334 583 4395 Et
626 4353 751 4416 ego
799 4335 1009 4396 Lucas
1070 4337 1461 4415 Spalatensis
1522 4338 1867 4397 canonicus
1928 4339 2164 4397 iuratus
2228 4331 2559 4418 (notarius)
2625 4332 3032 4392 comunitatis

322 4445 437 4507 hiis
494 4448 742 4510 interfui
792 4460 855 4509 et
919 4450 1185 4510 audiens
1229 4471 1266 4510 a
1312 4449 1596 4529 predicta
1664 4449 1986 4510 abbatissa
2049 4461 2112 4510 et
2175 4451 2310 4510 eius
2377 4456 2704 4508 conuentu
2775 4453 3036 4524 rogatus

325 4559 450 4621 hoc
500 4561 695 4622 breue
742 4564 977 4642 scripsi.

514 4781 810 4857 Original
849 4803 891 4840 u
936 4782 1159 4841 arkivu
1204 4793 1563 4841 samostana
1608 4803 1693 4840 π’.
1732 4783 1966 4858 Μανῇε
2013 4801 2050 4838 n
2099 4782 2333 4841 Zadru.
2385 4811 2462 4821 —-
2513 4778 2622 4835 Na
2669 4775 2870 4833 lr'stini
2909 4775 3037 4830 visi

326 4905 521 4944 vrvca
565 4889 649 4944 od
678 4898 981 4964 pergam„
1019 4893 1207 4964 pelat
1228 4909 1305 4962 Je
1350 4897 1545 4964 otpcw.
