3797 5795
1823 376 1905 384 —
1969 339 2095 402 330
2148 375 2232 383 --

675 551 786 592 sue
834 532 1076 592 diucius
1122 535 1184 592 in
1231 532 1338 593 lite
1385 531 1873 593 contenderunt.
1938 531 2005 590 In
2071 533 2246 591 cuius
2305 533 2389 591 rei
2460 533 2833 590 memoriam
2884 529 3383 604 firmitatemque

675 658 1048 724 perpetuam
1111 656 1436 724 presentes
1498 645 1865 704 memoratis
1934 643 2317 722 predialibus
2362 657 2426 704 et
2476 643 2917 723 iobagionibus
2980 641 3167 702 castri
3226 658 3381 699 con-

674 760 977 818 cessimus
1043 758 1278 819 litteras
1338 758 1605 837 duplicis
1665 757 1845 838 sigilli
1910 760 2106 817 nostri
2154 759 2507 817 munimine
2568 757 2915 815 roboratas.
2976 753 3217 814 Datum
3265 770 3380 830 per

676 889 903 930 manus
951 873 1226 952 magistri
1274 871 1328 930 F
1331 873 1546 931 arcasii
1595 871 1775 930 electi
1809 873 1872 930 in
1906 871 2298 948 prepositum
2348 867 2725 942 Albensem,
2764 868 2906 929 aule
2954 877 3169 927 nostre
3214 868 3381 924 vice-

675 983 1046 1056 cancellarii,
1108 983 1317 1044 dilecti
1366 995 1430 1044 et
1479 983 1678 1044 fidelis
1739 985 1953 1057 nostri,
1999 1002 2171 1042 anno
2232 983 2479 1042 domini
2532 983 2992 1042 incarnacionis
3038 978 3379 1039 millesimo

675 1095 1114 1157 ducentesimo
1185 1099 1586 1176 sexagesimo
1656 1098 1897 1174 quint0,
1946 1095 2114 1156 XIX.
2164 1094 2472 1156 kalendas
2539 1094 2851 1166 februarii,
2912 1093 3089 1173 regni
3160 1099 3379 1150 autem

676 1212 868 1269 nostri
919 1227 1091 1269 anno
1138 1211 1475 1268 tricesimo

847 1385 913 1441 lz
957 1385 1310 1458 orzjginalne
1359 1386 1620 1460 potvrdc
1678 1384 1888 1459 kragja
1951 1385 2283 1458 Ljudcvita
2346 1385 2431 1439 od
2484 1405 2538 1456 g.
2614 1385 2781 1438 1380.
2848 1385 2945 1436 26.
2990 1383 3148 1452 juna
3198 1399 3236 1435 u
3284 1377 3375 1434 kr.

673 1509 772 1563 ug.
817 1491 942 1545 (ι’νὲ.
993 1489 1216 1546 arkivu
1280 1509 1318 1544 u
1383 1489 1652 1546 Budae‘mu
1717 1489 1806 1546 ill.
1869 1489 1936 1546 O.
1990 1489 2068 1545 l).
2120 1487 2191 1545 L.
2243 1509 2335 1545 no,
2388 1493 2507 1542 581.
2561 1489 2780 1552 (Staret
2842 1487 3003 1560 sagn.
3052 1485 3132 1542 N.
3184 1485 3256 1539 Λ).
3307 1483 3381 1538 Α.

653 1597 829 1670 fasc.
881 1598 1016 1652 559.
1067 1614 1162 1652 no,
1215 1597 1344 1666 29.)

862 1699 1104 1755 IVcnze‘l
1167 1699 1307 1756 cod.
1375 1699 1521 1774 dipl.
1581 1699 1816 1773 Arpad.
1882 1707 2037 1754 cont.
2117 1699 2283 1755 Vlll.
2353 1699 2611 1751 121-5,
2664 1728 2745 1738 -
2790 1695 3167 1769 Ᾰ’1ιιἐ1ι]]“ι’ῖί“ι·’
3224 1693 3379 1764 ch.

673 1823 769 1860 na.
822 1807 955 1858 883.

1932 2025 2123 2104 821.

671 2151 870 2230 1265,
917 2149 1027 2217 27.
1065 2149 1408 2232 januam.

682 2339 852 2401 Bela
913 2339 1102 2423 kralj
1159 2339 1449 2424 ugarskt‘
1489 2339 1522 2402 ι’
1560 2338 1876 2402 krvatskz'
1916 2363 1949 2401 s
1984 2339 2319 2422 prz'volom
2382 2359 2585 2422 svoga
2648 2336 2806 2400 sina
2870 2336 3041 2400 Bele
3101 2335 3383 2418 lzercega

670 2452 1080 2538 hrvatskoga
1129 2453 1286 2537 daje
1343 2454 1542 2517 Tomi
1577 2453 1860 2515 t‘Ivanu
1916 2452 1948 2514 ι’
1988 2451 2301 2540 njc'lzovoj
2340 2451 2529 2514 brac‘z'
2568 2451 2810 2534 zemlju
2858 2449 3171 2524 Boliska,
3217 2449 3381 2530 pocl-

1166 2566 1436 2629 loz'm'ka
1485 2565 1859 2650 kalm'ffkog,
1914 2565 2224 2650 umrloga
2270 2565 2372 2627 bez
2422 2562 2882 2648 nasljedm'ka.

848 2753 1050 2841 [B]ela
1125 2759 1228 2819 dei
1296 2762 1505 2840 gracia
1573 2759 1919 2838 Hungarie,
1998 2757 2346 2826 Dalmacie,
2439 2754 2763 2823 Crouacie,
2841 2755 3063 2822 Rame,
3140 2753 3383 2826 Serme,

671 2867 952 2944 Gallicie‚
1018 2870 1421 2945 Lodomerie,
1485 2869 1927 2950 Cumanieque
1989 2891 2104 2931 rex
2166 2871 2465 2931 omnibus
2525 2881 2657 2931 tam
2727 2869 3133 2948 presentibus
3180 2886 3377 2951 quam

668 2984 890 3044 futuris
951 2994 1277 3062 presentes
1340 2985 1574 3045 litteras
1634 2988 2007 3065 inspecturis
2066 2986 2337 3046 salutem
2386 2988 2447 3045 in
2496 2986 2784 3045 omnium
2833 2983 3167 3044 saluatore.
3218 2976 3378 3063 [A]d

668 3097 1102 3158 vniuersorum
1152 3098 1455 3157 noticiam
1502 3098 1726 3158 harum
1774 3101 1932 3159 serie
1976 3099 2272 3160 volumus
2318 3099 2664 3177 peruenire,
2704 3096 2883 3172 quod
2919 3114 3068 3156 cum
3104 3092 3377 3155 Bolosk¹

671 3209 924 3291 iobagio
972 3212 1156 3269 castri
1207 3212 1405 3270 nostri
1454 3211 1535 3271 de
1584 3209 1890 3271 Kemnuk
1936 3211 2242 3271 heredum
2290 3212 2527 3271 solacio
2574 3211 2915 3270 destitutus
2962 3209 3044 3269 de
3094 3208 3212 3267 hac
3244 3210 3377 3267 uita

671 3341 799 3381 non
848 3322 1068 3382 relicto
1116 3322 1245 3383 filio
1293 3323 1679 3396 decessisset,
1716 3326 2012 3405 magister
2058 3324 2345 3385 Thomas
2389 3323 2592 3384 fidelis
2624 3335 2690 3383 et
2721 3322 3042 3383 familiaris
3090 3321 3377 3381 notarius

669 3446 884 3495 noster
930 3446 993 3496 et
1032 3435 1360 3514 Johannes
1407 3437 1596 3497 frater
1641 3438 1925 3498 eiusdem
1960 3437 2259 3516 paruulus
2292 3447 2506 3497 noster
2551 3437 2634 3496 ad
2667 3446 2951 3496 nostram
2993 3434 3377 3495 accedentes

667 3552 1062 3626 presenciam
1097 3570 1133 3607 a
1167 3550 1351 3608 nobis
1383 3550 1831 3611 instantissime
1857 3551 2358 3629 postulauerunt,
2392 3561 2456 3610 ut
2490 3551 2571 3609 de
2604 3561 2768 3609 terra
2800 3548 3085 3609 eiusdem
3135 3544 3377 3607 Bolosk
3424 3626 3435 3635 .

667 3662 804 3721 sine
851 3661 1101 3733 herede,
1162 3674 1230 3721 ut
1293 3665 1710 3742 premisimuS,
1769 3663 2156 3735 decedentis,
2203 3666 2291 3723 eis
2353 3664 2434 3723 de
2497 3664 2887 3743 benignitate
2934 3663 3105 3740 regia
3152 3660 3377 3739 digna-

665 3794 878 3836 remur
925 3777 1278 3855 prouidere.
1321 3776 1457 3837 Nos
1504 3778 1716 3854 itaque
1763 3778 1987 3854 quiex
2020 3775 2233 3836 officio
2274 3778 2545 3854 suscepti
2596 3776 2917 3855 regiminis
2963 3775 3158 3832 nostri
3207 3791 3379 3850 equa

661 3887 1148 3950 deliberacionis
1195 3890 1526 3949 libramine
1574 3892 1778 3950 meriri
1829 3890 2140 3951 debemus
2181 3891 2403 3950 merita
2437 3890 2847 3971 singulorum,
2880 3888 3143 3949 seruicia
3177 3887 3373 3963 ipsius

661 4004 946 4083 magistri
994 4002 1249 4063 Thome
1296 4012 1359 4062 et
1401 4001 1707 4081 Johannis
1755 4004 1959 4063 fratris
2006 4003 2197 4081 ipsius
2253 4023 2376 4081 que
2433 4004 2616 4062 nobis
2676 4022 2713 4061 a
2765 4002 3041 4080 puericie
3089 4002 3373 4078 ipsorum

655 4116 1024 4188 primordiis
1072 4117 1132 4175 in
1181 4116 1381 4177 domo
1447 4129 1659 4177 nostra
1722 4117 2190 4177 commorando
2252 4116 2703 4194 impenderunt
2764 4124 3188 4193 poterantque
3260 4115 3379 4171 im-

653 4228 946 4300 pendere
995 4231 1054 4288 in
1103 4230 1402 4298 futurum,
1450 4248 1580 4289 non
1629 4232 1923 4291 inmerito
1972 4241 2466 4309 compensantes
2512 4241 2576 4290 et
2616 4228 2902 4289 volentes
2948 4226 3377 4306 peticionibus

647 4354 889 4401 eorum
937 4361 1268 4403 occurrere
1316 4345 1491 4423 regio
1554 4363 1700 4404 cum
1771 4344 2008 4417 fauore,
2056 4354 2126 4403 ut
2171 4364 2256 4403 ex
2303 4343 2425 4402 hoc
2474 4343 2703 4402 nostris
2747 4342 3025 4401 seruiciis
3068 4351 3133 4399 et
3178 4339 3375 4398 bene—

646 4449 909 4525 placitis
967 4454 1302 4517 ardencius
1365 4457 1618 4517 ualeant
1681 4457 1985 4531 inherere,
2030 4468 2263 4517 terram
2325 4456 2589 4534 predicti
2656 4452 2893 4515 Bolosk
2955 4464 3159 4513 totam
3221 4469 3373 4512 cum

648 4568 964 4628 omnibus
1030 4568 1405 4629 utilitatibus
1470 4572 1597 4630 suis
1644 4582 1708 4631 et
1752 4572 2157 4649 pertinenciis
2228 4572 2527 4630 vniuersis
2590 4570 2673 4629 ab
2736 4568 2969 4629 eodem
3032 4578 3240 4628 castro
3289 4567 3373 4628 de

651 4672 973 4741 Kemnuk
1018 4701 1130 4742 seu
1177 4682 1605 4744 iurisdictione
1652 4686 1835 4744 castri
1884 4683 2171 4744 eiusdem
2220 4694 2562 4761 exceptam
2609 4684 2862 4760 penitus
2894 4692 2958 4741 et
2990 4692 3371 4758 exemptam

653 4789 788 4851 iarn
838 4794 1011 4854 dicto
1061 4798 1364 4877 magistro
1397 4796 1455 4857 T
1457 4796 1651 4857 home
1683 4808 1744 4856 et
1770 4796 2043 4875 Johanni
2078 4816 2153 4856 ac
2199 4796 2333 4855 aliis
2380 4796 2677 4856 fratribus
2709 4796 2901 4873 ipsius
2934 4792 3371 4872 CristophorO,

657 4901 955 4968 videlicet
991 4908 1185 4969 Paulo
1233 4920 1294 4969 et
1342 4910 1673 4987 Stephano
1705 4929 1780 4969 ac
1811 4909 2163 4969 eorundem
2214 4908 2551 4967 heredibus
2599 4908 3036 4986 heredumque
3083 4909 3369 4987 ipsorum

818 5024 1016 5114 -1—13od
1055 5024 1132 5115 br.
1174 5069 1272 5115 827
1314 5080 1347 5115 u
1387 5065 1586 5133 ‹lrugoj
1627 5064 1963 5133 originalnoj
2006 5063 2211 5131 povelji
2252 5062 2460 5114 dolazi:
2504 5063 2713 5115 Bolisk.
