3797 5795
1574 449 1658 459 -
1710 414 1837 477 537
1905 448 1984 457 --

418 603 566 665 aule
612 614 829 665 nostre
874 604 1389 678 vicecancellarii,
1432 604 1645 666 dilecti
1676 615 1741 666 et
1770 604 1977 666 fidelis
2022 606 2238 678 nostri,
2283 622 2456 665 anno
2503 604 2749 665 domini
2797 604 2918 667 M0.
2974 601 3132 669 CC0.

418 718 915 798 septuagesim0‚
958 718 1137 799 regni
1183 728 1401 779 autem
1448 718 1647 779 nostri
1694 737 1867 779 anno
1914 719 2233 779 tricesimo
2280 720 2526 799 quinto.

598 909 665 967 [ε
725 910 987 986 polvrde
1050 909 1261 986 kralja
1336 912 1638 988 StJepana
1707 912 1793 969 od
1852 912 1968 969 iste
2026 912 2276 986 godine,
2311 921 2594 987 ponovno
2649 913 3014 987 potvraJene
3053 922 3133 989 po

421 1013 679 1090 kraljici
718 1014 1033 1073 Elizabeti
1064 1017 1213 1090 god.
1260 1018 1335 1069 12
1344 1018 1434 1075 72.
1482 1018 1580 1074 29.
1624 1015 1986 1091 septembra.
2035 1050 2122 1057 ——
2177 1015 2475 1090 Original
2507 1018 2752 1092 potonje
2799 1036 2839 1073 u
2883 1015 2974 1073 kr.
3025 1036 3128 1091 ug.

420 1118 553 1176 dri.
601 1118 825 1177 arkivu
873 1138 913 1176 u
958 1120 1235 1177 Budimu
1280 1119 1402 1179 DI.
1456 1122 1635 1179 4705.
1682 1119 1796 1193 (N.
1843 1121 1920 1177 R.
1967 1120 2043 1177 A.
2088 1123 2252 1190 fasc.
2301 1122 2473 1175 1532.
2522 1140 2616 1177 no,
2669 1124 2786 1191 15.)

606 1222 749 1281 Cod.
798 1224 947 1299 dipl.
984 1224 1242 1299 patrius
1300 1224 1469 1282 VIII.
1516 1226 1851 1279 123—125.
1901 1244 1998 1282 no.
2054 1227 2146 1281 98.

1684 1600 1878 1681 998.

424 1793 626 1873 1270,
670 1793 861 1876 prije
906 1795 970 1859 3.
1019 1793 1237 1876 maja..

423 1981 598 2045 Bela
659 1982 850 2068 kralj
904 1982 1198 2068 ugarskz’
1239 1982 1273 2047 ι’
1310 1983 1628 2047 hrvatskz'
1681 1983 1929 2069 daruje
1987 1982 2317 2048 Henriku
2384 1984 2420 2048 i
2470 1984 2559 2047 N
2552 1982 2731 2048 ikolz'
2789 1984 3132 2049 sz'novz'ma

860 2096 948 2158 N
944 2095 1119 2160 z'kole
1156 2097 1432 2183 posy'ede
1476 2118 1525 2160 u
1572 2097 1818 2170 Dabrz',
1867 2119 1917 2160 u
1961 2096 2286 2183 Zupam'jt'
2323 2098 2712 2183 vukovskoj.

597 2288 752 2350 Bela
781 2288 883 2349 dei
914 2291 1127 2370 gracia
1176 2288 1523 2371 Hungarie‚
1567 2289 1919 2365 Dalmacie,
1951 2288 2294 2365 Crowacie,
2327 2290 2551 2368 Rame,
2580 2289 2817 2363 Seruie,
2849 2288 3132 2366 Gallicie,

422 2400 833 2476 Lodomerie,
879 2399 1209 2476 Cumanie‚
1255 2402 1673 2485 Bulgarieque
1705 2422 1838 2477 rex,
1870 2404 2173 2464 omnibus
2206 2402 2435 2467 Christi
2467 2402 2762 2465 fidelibus
2802 2413 3132 2484 presentes

420 2513 661 2575 litteras
692 2516 1066 2593 inspecturis
1096 2515 1367 2576 salutem
1401 2519 1465 2576 in
1497 2519 1789 2578 omniurn
1822 2515 2156 2578 saluatore.
2201 2515 2315 2579 Ad
2345 2519 2782 2579 vniuersorum
2827 2520 3129 2578 noticiam

420 2636 645 2687 tenore
690 2628 1092 2706 presencium
1140 2627 1435 2689 volumus
1478 2630 1829 2707 peruenire,
1875 2628 2054 2708 quod
2100 2629 2482 2691 accedentes
2528 2630 2611 2691 ad
2658 2640 2943 2692 nostram
2991 2649 3131 2709 pre-

420 2742 701 2801 senciam
752 2740 1053 2801 Herricus
1085 2751 1148 2801 et
1180 2741 1485 2803 Nicolaus
1530 2744 1800 2803 comites
1843 2741 1951 2803 filii
2000 2741 2249 2804 Nicolai
2295 2742 2508 2805 dilecti
2553 2753 2618 2804 et
2663 2743 2886 2805 fideles
2932 2746 3131 2805 nostri

420 2852 849 2916 exhibuerunt
894 2854 1081 2916 nobis
1126 2856 1333 2916 uarias
1377 2854 1618 2917 litteras
1662 2854 1886 2917 iudicis
1932 2858 2103 2917 curie
2173 2867 2388 2918 nostre
2432 2866 2496 2918 et
2541 2858 2795 2918 comitis
2840 2856 3131 2937 parochi-

422 2967 627 3028 onalis
672 2966 755 3028 de
789 2967 1007 3042 Wlk0,
1054 2971 1118 3028 in
1167 2968 1397 3046 quibus
1440 2969 1721 3030 uidimus
1765 2970 2093 3043 contineri,
2142 2969 2319 3048 quod
2364 2969 2742 3031 Dominicus
2786 2969 2950 3031 filius
2997 2969 3126 3033 Do·

422 3081 655 3153 minici‚
716 3079 991 3142 Michael
1052 3079 1217 3142 filius
1276 3082 1472 3143 Wros
1533 3091 1596 3143 et
1658 3079 2005 3164 Gregorius
2062 3081 2228 3144 filius
2288 3084 2454 3144 Povs
2498 3083 2582 3144 de
2628 3082 2846 3144 Dabra
2895 3083 2978 3144 de
3023 3103 3131 3145 co-

422 3195 650 3254 mitatu
713 3193 796 3254 de
860 3193 1101 3255 Wolko
1161 3215 1279 3274 pro
1346 3195 1695 3256 malefactis
1755 3215 1982 3256 eorum
2043 3196 2338 3258 videlicet
2399 3216 2519 3277 pro
2587 3199 2773 3272 furt0‚
2821 3199 2999 3277 quod
3067 3201 3130 3260 in

422 3304 779 3367 sossacione
825 3306 1060 3368 domus
1105 3310 1357 3369 comitis
1389 3309 1649 3369 Henrici
1680 3319 1745 3369 et
1776 3308 2110 3371 ablacione
2139 3329 2350 3371 rerum
2381 3329 2658 3385 suarum,
2689 3329 2884 3391 quam
2931 3311 3127 3373 iidem

420 3417 817 3494 Dominicu5‚
864 3419 1135 3482 Michael
1182 3431 1247 3482 et
1294 3419 1639 3503 Gregorius
1682 3421 1949 3501 predicti
1997 3422 2297 3498 fecerunt,
2328 3426 2670 3502 porciones
2715 3443 2938 3486 eorum
2973 3443 3132 3504 quas

421 3533 663 3594 habent
722 3535 886 3596 intra
944 3533 1165 3596 Dabra
1225 3535 1450 3596 ordine
1516 3534 1840 3595 iudiciario
1894 3538 2252 3597 amisissent
2313 3547 2376 3597 et
2438 3539 2599 3597 mori
2648 3511 2958 3598 deberent
3005 3557 3122 3617 pro

415 3649 718 3709 omnibus
764 3648 1116 3710 malefactis
1161 3666 1385 3708 eorum
1433 3658 1656 3710 contra
1694 3647 2032 3709 Herricum
2063 3658 2129 3709 et
2161 3648 2498 3711 Nicolaum
2545 3651 2672 3711 iam
2719 3649 2942 3711 dictos
2991 3650 3130 3714 Nos

415 3761 630 3841 itaque
676 3762 977 3822 omnibus
1022 3763 1455 3822 instrumentis
1500 3763 1784 3840 ipsorum
1831 3763 1997 3835 uisiS,
2057 3760 2275 3823 habito
2337 3763 2602 3824 consilio
2649 3764 2967 3824 baronum
3013 3783 3130 3824 no-

414 3882 710 3948 strorum,
777 3885 1009 3934 terram
1073 3874 1426 3935 eorundem
1474 3873 1695 3936 Dabra
1755 3885 2053 3936 uocatam
2101 3894 2250 3936 cum
2296 3876 2596 3937 omnibus
2641 3877 3014 3938 utilitatibus
3059 3887 3124 3938 et

412 3989 821 4065 pertinenciis
866 3990 1017 4067 ipsis
1066 3987 1349 4049 Henrico
1394 3999 1459 4049 et
1506 3987 1776 4049 Nicolao
1822 3989 2167 4049 comitibus
2210 3988 2513 4068 predictis
2559 3992 2896 4051 statuimus
2927 3999 2990 4050 et
3013 3990 3125 4050 de-

415 4098 628 4161 dimus
672 4099 789 4161 sibi
838 4110 902 4162 et
949 4120 1174 4162 eorum
1222 4101 1562 4162 heredibus
1622 4100 2063 4181 heredumque
2123 4103 2594 4163 successoribus
2639 4105 2704 4163 in
2749 4113 3132 4181 perpetuum

412 4212 858 4291 possidendas,
902 4215 987 4275 ita
1049 4225 1267 4276 tamen
1332 4214 1511 4294 quod
1574 4233 1691 4275 nec
1753 4215 2132 4277 Dominicus
2179 4215 2457 4277 Michael
2502 4227 2565 4276 et
2612 4213 2958 4298 Gregorius
3003 4215 3132 4286 filii,

417 4337 530 4387 aut
574 4328 657 4387 ab
704 4327 947 4390 eisdem
978 4328 1589 4403 condescendente5‚
1633 4331 1978 4409 propinqui
2010 4328 2112 4389 uel
2144 4332 2401 4411 cognati
2446 4332 2619 4408 ipsos
2666 4329 3017 4391 Henricum
3066 4340 3129 4389 et

416 4439 759 4502 Nicolaum
824 4443 1080 4502 racione
1140 4451 1307 4503 terre
1366 4442 1651 4521 predicte
1711 4444 1961 4522 possint
2007 4443 2365 4503 molestare.
2415 4440 2608 4506 Cuius
2654 4442 2916 4521 quidem
2963 4452 3127 4503 terre

416 4563 591 4615 mete
650 4553 759 4615 tali
822 4555 1023 4615 modo
1087 4555 1532 4637 distinguntur,
1581 4556 1757 4634 quod
1805 4576 1845 4617 a
1889 4566 2071 4635 parte
2137 4555 2426 4617 orientali
2473 4565 2646 4616 tenet
2691 4566 2934 4616 metam
2980 4573 3129 4616 cum

417 4676 585 4728 terra
644 4671 827 4729 castri
892 4671 1087 4729 nostri
1152 4669 1235 4730 de
1298 4668 1540 4730 Wolko
1604 4668 1823 4730 Dabra
1884 4679 2132 4744 uocata,
2177 4671 2332 4730 item
2396 4691 2434 4730 a
2502 4678 2682 4748 parte
2729 4667 3126 4728 meridionali

416 4789 591 4842 tenet
640 4792 881 4842 metam
928 4801 1077 4843 cum
1122 4794 1288 4844 terra
1320 4784 1483 4845 Petri
1516 4785 1769 4844 comitis
1812 4782 1922 4844 filii
1968 4782 2233 4856 Dionisi,
2265 4804 2302 4844 a
2333 4792 2514 4862 parte
2561 4782 2939 4843 occidentali
2978 4799 3128 4841 cum

420 4903 587 4955 terra
631 4894 948 4956 dictorum
1002 4896 1260 4957 Henrici
1308 4907 1371 4958 et
1417 4897 1710 4976 Nicolay‚
1738 4917 1775 4957 a
1807 4907 1989 4976 parte
2037 4915 2190 4956 uero
2236 4895 2738 4975 septemtrionali
2784 4913 2931 4956 cum
2965 4905 3129 4955 terra

410 5005 579 5088 Jako
624 5010 877 5069 comitis
936 5009 1020 5070 de
1081 5009 1405 5071 Pochinta.
1479 5012 1549 5072 In
1596 5013 1774 5072 cuius
1820 5013 1906 5072 rei
1957 5011 2332 5070 memoriam
2381 5018 2887 5088 perpetuamque
2932 5007 3127 5069 firmi-

416 5131 619 5182 tatem
685 5132 1013 5200 presentes
1080 5126 1511 5185 concessimus
1579 5124 1818 5186 litteras
1886 5122 2202 5203 dupplicis
2269 5121 2449 5204 sigilli
2520 5124 2718 5183 nostri
2765 5124 3121 5182 munimine
