<?xml version="1.0" encoding="UTF-8"?>
<!DOCTYPE html PUBLIC "-//W3C//DTD XHTML 1.0 Transitional//EN"
    "http://www.w3.org/TR/xhtml1/DTD/xhtml1-transitional.dtd">
<html xmlns="http://www.w3.org/1999/xhtml" xml:lang="en" lang="en">
 <head>
  <title>
</title>
<meta http-equiv="Content-Type" content="text/html;charset=utf-8" />
  <meta name='ocr-system' content='tesseract 3.04.00' />
  <meta name='ocr-capabilities' content='ocr_page ocr_carea ocr_par ocr_line ocrx_word'/>
</head>
<body>
  <div class='ocr_page' id='page_1' title='image "./codexdiplomatic00umjegoog_0603.png"; bbox 0 0 3797 5795; ppageno 0'>
   <div class='ocr_carea' id='block_1_1' title="bbox 1885 356 2293 421">
    <p class='ocr_par' dir='ltr' id='par_1_1' title="bbox 1885 356 2293 421">
     <span class='ocr_line' id='line_1_1' title="bbox 1885 356 2293 421; baseline -0.005 -20"><span class='ocrx_word' id='word_1_1' title='bbox 1885 356 2293 421; x_wconf 71' lang='lat'>-590-</span> 
     </span>
    </p>
   </div>
   <div class='ocr_carea' id='block_1_2' title="bbox 735 892 2160 1151">
    <p class='ocr_par' dir='ltr' id='par_1_2' title="bbox 735 892 2160 1151">
     <span class='ocr_line' id='line_1_2' title="bbox 2023 892 2160 973; baseline 0.015 -3"><span class='ocrx_word' id='word_1_2' title='bbox 2023 892 2160 973; x_wconf 86' lang='lat'><strong>41.</strong></span> 
     </span>
     <span class='ocr_line' id='line_1_3' title="bbox 735 1067 1351 1151; baseline 0.006 -21"><span class='ocrx_word' id='word_1_3' title='bbox 735 1067 935 1148; x_wconf 86' lang='lat'><strong>1271,</strong></span> <span class='ocrx_word' id='word_1_4' title='bbox 979 1068 1081 1132; x_wconf 87' lang='lat'><strong>11.</strong></span> <span class='ocrx_word' id='word_1_5' title='bbox 1128 1068 1351 1151; x_wconf 78' lang='lat' dir='ltr'><strong>maja.</strong></span> 
     </span>
    </p>
   </div>
   <div class='ocr_carea' id='block_1_3' title="bbox 736 1206 3458 1546">
    <p class='ocr_par' dir='ltr' id='par_1_3' title="bbox 736 1206 3458 1546">
     <span class='ocr_line' id='line_1_4' title="bbox 739 1206 3458 1342; baseline -0.001 -22"><span class='ocrx_word' id='word_1_6' title='bbox 739 1257 1025 1342; x_wconf 79' lang='lat' dir='ltr'><strong>Stjepan</strong></span> <span class='ocrx_word' id='word_1_7' title='bbox 1088 1258 1276 1341; x_wconf 80' lang='lat' dir='ltr'><strong>kralj</strong></span> <span class='ocrx_word' id='word_1_8' title='bbox 1300 1206 1622 1342; x_wconf 38' lang='lat' dir='ltr'><strong>‘ugarski</strong></span> <span class='ocrx_word' id='word_1_9' title='bbox 1662 1256 1694 1319; x_wconf 70' lang='grc' dir='ltr'><strong>τ’</strong></span> <span class='ocrx_word' id='word_1_10' title='bbox 1731 1255 2050 1321; x_wconf 79' lang='lat' dir='ltr'><strong>hrvatski</strong></span> <span class='ocrx_word' id='word_1_11' title='bbox 2096 1256 2426 1341; x_wconf 80' lang='lat' dir='ltr'><strong>poklanja</strong></span> <span class='ocrx_word' id='word_1_12' title='bbox 2489 1256 2896 1321; x_wconf 80' lang='lat' dir='ltr'><strong>dvorskomu</strong></span> <span class='ocrx_word' id='word_1_13' title='bbox 2953 1276 3127 1319; x_wconf 84' lang='lat' dir='ltr'><strong>sucu</strong></span> <span class='ocrx_word' id='word_1_14' title='bbox 3185 1256 3272 1318; x_wconf 93' lang='lat' dir='ltr'><em>N</em></span> <span class='ocrx_word' id='word_1_15' title='bbox 3267 1253 3458 1318; x_wconf 77' lang='lat' dir='ltr'><strong>ikoli</strong></span> 
     </span>
     <span class='ocr_line' id='line_1_5' title="bbox 736 1368 3455 1455; baseline -0 -23"><span class='ocrx_word' id='word_1_16' title='bbox 736 1369 909 1433; x_wconf 79' lang='lat' dir='ltr'><strong>neka</strong></span> <span class='ocrx_word' id='word_1_17' title='bbox 972 1369 1259 1455; x_wconf 81' lang='lat' dir='ltr'><strong>z&#39;manja,</strong></span> <span class='ocrx_word' id='word_1_18' title='bbox 1320 1370 1409 1432; x_wconf 86' lang='lat' dir='ltr'><strong>da</strong></span> <span class='ocrx_word' id='word_1_19' title='bbox 1464 1392 1559 1455; x_wconf 81' lang='lat' dir='ltr'><strong>ga</strong></span> <span class='ocrx_word' id='word_1_20' title='bbox 1618 1368 1868 1433; x_wconf 62' lang='lat' dir='ltr'><strong>adsteti</strong></span> <span class='ocrx_word' id='word_1_21' title='bbox 1921 1392 1997 1432; x_wconf 82' lang='lat' dir='ltr'><strong>za</strong></span> <span class='ocrx_word' id='word_1_22' title='bbox 2054 1368 2330 1454; x_wconf 71' lang='lat' dir='ltr'><strong>propala</strong></span> <span class='ocrx_word' id='word_1_23' title='bbox 2379 1370 2662 1455; x_wconf 76' lang='lat' dir='ltr'><strong>posjede</strong></span> <span class='ocrx_word' id='word_1_24' title='bbox 2707 1389 2743 1432; x_wconf 87' lang='lat' dir='ltr'><strong>s</strong></span> <span class='ocrx_word' id='word_1_25' title='bbox 2787 1389 2902 1433; x_wconf 82' lang='lat' dir='ltr'><strong>ove</strong></span> <span class='ocrx_word' id='word_1_26' title='bbox 2946 1368 3145 1431; x_wconf 79' lang='lat' dir='ltr'><strong>ione</strong></span> <span class='ocrx_word' id='word_1_27' title='bbox 3205 1374 3455 1432; x_wconf 64' lang='lat' dir='ltr'><strong>stram?</strong></span> 
     </span>
     <span class='ocr_line' id='line_1_6' title="bbox 1970 1483 2222 1546; baseline 0 -1"><span class='ocrx_word' id='word_1_28' title='bbox 1970 1483 2222 1546; x_wconf 81' lang='lat' dir='ltr'><strong>Drave.</strong></span> 
     </span>
    </p>
   </div>
   <div class='ocr_carea' id='block_1_4' title="bbox 722 1672 3455 5146">
    <p class='ocr_par' dir='ltr' id='par_1_4' title="bbox 722 1672 3454 5146">
     <span class='ocr_line' id='line_1_7' title="bbox 908 1672 3454 1757; baseline -0.002 -20"><span class='ocrx_word' id='word_1_29' title='bbox 908 1674 1269 1753; x_wconf 82' lang='lat' dir='ltr'>Stephanus</span> <span class='ocrx_word' id='word_1_30' title='bbox 1332 1676 1431 1735; x_wconf 91' lang='lat' dir='ltr'><strong>dei</strong></span> <span class='ocrx_word' id='word_1_31' title='bbox 1493 1677 1704 1755; x_wconf 79' lang='lat' dir='ltr'>gracia</span> <span class='ocrx_word' id='word_1_32' title='bbox 1766 1674 2113 1757; x_wconf 86' lang='lat' dir='ltr'><strong>Hungarie,</strong></span> <span class='ocrx_word' id='word_1_33' title='bbox 2176 1674 2524 1749; x_wconf 86' lang='lat' dir='ltr'><strong>Dalmacie,</strong></span> <span class='ocrx_word' id='word_1_34' title='bbox 2586 1672 2866 1748; x_wconf 86' lang='lat' dir='ltr'><strong>Croacie‚</strong></span> <span class='ocrx_word' id='word_1_35' title='bbox 2931 1676 3152 1747; x_wconf 88' lang='lat' dir='ltr'><strong>Rame,</strong></span> <span class='ocrx_word' id='word_1_36' title='bbox 3204 1673 3454 1741; x_wconf 80' lang='lat' dir='ltr'><strong>Seruie,</strong></span> 
     </span>
     <span class='ocr_line' id='line_1_8' title="bbox 732 1785 3450 1869; baseline -0.001 -20"><span class='ocrx_word' id='word_1_37' title='bbox 732 1788 1144 1863; x_wconf 91' lang='lat' dir='ltr'><strong>Lodomerie,</strong></span> <span class='ocrx_word' id='word_1_38' title='bbox 1193 1786 1523 1861; x_wconf 86' lang='lat' dir='ltr'><strong>Cumanie,</strong></span> <span class='ocrx_word' id='word_1_39' title='bbox 1572 1788 1990 1869; x_wconf 87' lang='lat' dir='ltr'><strong>Bulgarieque</strong></span> <span class='ocrx_word' id='word_1_40' title='bbox 2023 1807 2137 1849; x_wconf 86' lang='lat' dir='ltr'><strong>rex</strong></span> <span class='ocrx_word' id='word_1_41' title='bbox 2172 1787 2474 1849; x_wconf 90' lang='lat' dir='ltr'><strong>omnibus</strong></span> <span class='ocrx_word' id='word_1_42' title='bbox 2506 1785 2737 1851; x_wconf 84' lang='lat' dir='ltr'>Christi</span> <span class='ocrx_word' id='word_1_43' title='bbox 2768 1786 3064 1848; x_wconf 87' lang='lat' dir='ltr'><strong>fidelibus</strong></span> <span class='ocrx_word' id='word_1_44' title='bbox 3107 1797 3450 1865; x_wconf 82' lang='lat' dir='ltr'><strong>presentes</strong></span> 
     </span>
     <span class='ocr_line' id='line_1_9' title="bbox 731 1898 3450 1981; baseline -0.001 -19"><span class='ocrx_word' id='word_1_45' title='bbox 731 1901 971 1962; x_wconf 88' lang='lat' dir='ltr'><strong>litteras</strong></span> <span class='ocrx_word' id='word_1_46' title='bbox 1015 1902 1389 1979; x_wconf 89' lang='lat' dir='ltr'><strong>inspecturis</strong></span> <span class='ocrx_word' id='word_1_47' title='bbox 1434 1901 1705 1961; x_wconf 90' lang='lat' dir='ltr'><strong>salutem</strong></span> <span class='ocrx_word' id='word_1_48' title='bbox 1754 1903 1816 1960; x_wconf 92' lang='lat' dir='ltr'><strong>in</strong></span> <span class='ocrx_word' id='word_1_49' title='bbox 1862 1901 2080 1961; x_wconf 85' lang='lat' dir='ltr'><strong>salutis</strong></span> <span class='ocrx_word' id='word_1_50' title='bbox 2127 1900 2438 1981; x_wconf 87' lang='lat' dir='ltr'><strong>largitore.</strong></span> <span class='ocrx_word' id='word_1_51' title='bbox 2481 1898 2590 1962; x_wconf 92' lang='lat' dir='ltr'><strong>Ad</strong></span> <span class='ocrx_word' id='word_1_52' title='bbox 2637 1902 3076 1961; x_wconf 89' lang='lat' dir='ltr'><strong>vniuersorum</strong></span> <span class='ocrx_word' id='word_1_53' title='bbox 3133 1901 3450 1960; x_wconf 86' lang='lat' dir='ltr'>noticiam</span> 
     </span>
     <span class='ocr_line' id='line_1_10' title="bbox 730 2012 3451 2093; baseline 0 -20"><span class='ocrx_word' id='word_1_54' title='bbox 730 2013 955 2075; x_wconf 87' lang='lat' dir='ltr'><strong>harum</strong></span> <span class='ocrx_word' id='word_1_55' title='bbox 1002 2016 1163 2075; x_wconf 90' lang='lat' dir='ltr'><strong>serie</strong></span> <span class='ocrx_word' id='word_1_56' title='bbox 1210 2014 1505 2076; x_wconf 89' lang='lat' dir='ltr'><strong>volumus</strong></span> <span class='ocrx_word' id='word_1_57' title='bbox 1550 2016 1900 2092; x_wconf 84' lang='lat' dir='ltr'><strong>peruenire,</strong></span> <span class='ocrx_word' id='word_1_58' title='bbox 1947 2014 2123 2092; x_wconf 90' lang='lat' dir='ltr'><strong>quod</strong></span> <span class='ocrx_word' id='word_1_59' title='bbox 2156 2032 2303 2074; x_wconf 91' lang='lat' dir='ltr'><strong>cum</strong></span> <span class='ocrx_word' id='word_1_60' title='bbox 2337 2032 2454 2074; x_wconf 91' lang='lat' dir='ltr'><strong>nos</strong></span> <span class='ocrx_word' id='word_1_61' title='bbox 2485 2016 2822 2093; x_wconf 82' lang='lat' dir='ltr'><strong>superstite</strong></span> <span class='ocrx_word' id='word_1_62' title='bbox 2852 2012 3061 2075; x_wconf 93' lang='lat' dir='ltr'><strong>adhuc</strong></span> <span class='ocrx_word' id='word_1_63' title='bbox 3106 2012 3451 2074; x_wconf 87' lang='lat' dir='ltr'><strong>karissimo</strong></span> 
     </span>
     <span class='ocr_line' id='line_1_11' title="bbox 726 2126 3454 2209; baseline -0 -21"><span class='ocrx_word' id='word_1_64' title='bbox 726 2138 910 2203; x_wconf 88' lang='lat' dir='ltr'><strong>patre</strong></span> <span class='ocrx_word' id='word_1_65' title='bbox 956 2140 1179 2188; x_wconf 90' lang='lat' dir='ltr'><strong>nostro</strong></span> <span class='ocrx_word' id='word_1_66' title='bbox 1228 2126 1378 2188; x_wconf 90' lang='lat' dir='ltr'><strong>Bela</strong></span> <span class='ocrx_word' id='word_1_67' title='bbox 1410 2145 1557 2209; x_wconf 88' lang='lat' dir='ltr'><strong>rege</strong></span> <span class='ocrx_word' id='word_1_68' title='bbox 1603 2126 1815 2187; x_wconf 89' lang='lat' dir='ltr'><strong>inclite</strong></span> <span class='ocrx_word' id='word_1_69' title='bbox 1862 2127 2330 2188; x_wconf 86' lang='lat' dir='ltr'><strong>recordacionis</strong></span> <span class='ocrx_word' id='word_1_70' title='bbox 2379 2126 2685 2189; x_wconf 89' lang='lat' dir='ltr'><strong>ducatum</strong></span> <span class='ocrx_word' id='word_1_71' title='bbox 2730 2127 3222 2189; x_wconf 89' lang='lat' dir='ltr'><strong>Transiluanum</strong></span> <span class='ocrx_word' id='word_1_72' title='bbox 3266 2136 3454 2187; x_wconf 52' lang='lat' dir='ltr'><strong>tene&gt;</strong></span> 
     </span>
     <span class='ocr_line' id='line_1_12' title="bbox 726 2239 3450 2322; baseline -0.001 -22"><span class='ocrx_word' id='word_1_73' title='bbox 726 2260 943 2301; x_wconf 90' lang='lat' dir='ltr'><strong>remus</strong></span> <span class='ocrx_word' id='word_1_74' title='bbox 988 2252 1050 2300; x_wconf 91' lang='lat' dir='ltr'><strong>et</strong></span> <span class='ocrx_word' id='word_1_75' title='bbox 1097 2258 1326 2322; x_wconf 85' lang='lat' dir='ltr'><strong>graues</strong></span> <span class='ocrx_word' id='word_1_76' title='bbox 1385 2242 1871 2319; x_wconf 88' lang='lat' dir='ltr'><strong>persecuciones</strong></span> <span class='ocrx_word' id='word_1_77' title='bbox 1937 2240 2221 2301; x_wconf 90' lang='lat' dir='ltr'><strong>eiusdem</strong></span> <span class='ocrx_word' id='word_1_78' title='bbox 2284 2239 2593 2301; x_wconf 85' lang='lat' dir='ltr'><strong>karissimi</strong></span> <span class='ocrx_word' id='word_1_79' title='bbox 2655 2241 2850 2318; x_wconf 90' lang='lat' dir='ltr'><strong>patris</strong></span> <span class='ocrx_word' id='word_1_80' title='bbox 2898 2242 3115 2312; x_wconf 89' lang='lat' dir='ltr'><strong>nostri,</strong></span> <span class='ocrx_word' id='word_1_81' title='bbox 3157 2240 3302 2300; x_wconf 93' lang='lat' dir='ltr'><strong>licet</strong></span> <span class='ocrx_word' id='word_1_82' title='bbox 3355 2240 3450 2298; x_wconf 91' lang='lat' dir='ltr'><strong>in-</strong></span> 
     </span>
     <span class='ocr_line' id='line_1_13' title="bbox 728 2349 3451 2432; baseline -0.001 -19"><span class='ocrx_word' id='word_1_83' title='bbox 728 2354 975 2422; x_wconf 82' lang='lat' dir='ltr'><strong>merito,</strong></span> <span class='ocrx_word' id='word_1_84' title='bbox 1037 2354 1322 2432; x_wconf 88' lang='lat' dir='ltr'><strong>perpessi</strong></span> <span class='ocrx_word' id='word_1_85' title='bbox 1383 2352 1738 2427; x_wconf 56' lang='lat' dir='ltr'><strong>fuissemus</strong></span> <span class='ocrx_word' id='word_1_86' title='bbox 1800 2352 2126 2429; x_wconf 88' lang='lat' dir='ltr'><strong>Nycolaus</strong></span> <span class='ocrx_word' id='word_1_87' title='bbox 2187 2352 2381 2413; x_wconf 88' lang='lat' dir='ltr'><strong>iudex</strong></span> <span class='ocrx_word' id='word_1_88' title='bbox 2443 2354 2613 2413; x_wconf 90' lang='lat' dir='ltr'><strong>curie</strong></span> <span class='ocrx_word' id='word_1_89' title='bbox 2673 2364 2906 2424; x_wconf 86' lang='lat' dir='ltr'><strong>nostre,</strong></span> <span class='ocrx_word' id='word_1_90' title='bbox 2968 2370 3190 2411; x_wconf 90' lang='lat' dir='ltr'><strong>comes</strong></span> <span class='ocrx_word' id='word_1_91' title='bbox 3233 2349 3451 2429; x_wconf 85' lang='lat' dir='ltr'><strong>Symi-</strong></span> 
     </span>
     <span class='ocr_line' id='line_1_14' title="bbox 723 2464 3446 2547; baseline -0.001 -23"><span class='ocrx_word' id='word_1_92' title='bbox 723 2468 977 2547; x_wconf 88' lang='lat' dir='ltr'><strong>giensis,</strong></span> <span class='ocrx_word' id='word_1_93' title='bbox 1001 2466 1272 2526; x_wconf 88' lang='lat' dir='ltr'><strong>dilectus</strong></span> <span class='ocrx_word' id='word_1_94' title='bbox 1297 2477 1358 2526; x_wconf 94' lang='lat' dir='ltr'><strong>et</strong></span> <span class='ocrx_word' id='word_1_95' title='bbox 1386 2466 1590 2527; x_wconf 86' lang='lat' dir='ltr'><strong>fidelis</strong></span> <span class='ocrx_word' id='word_1_96' title='bbox 1616 2476 1847 2539; x_wconf 88' lang='lat' dir='ltr'><strong>noster,</strong></span> <span class='ocrx_word' id='word_1_97' title='bbox 1880 2468 1988 2543; x_wconf 92' lang='lat' dir='ltr'><strong>qui</strong></span> <span class='ocrx_word' id='word_1_98' title='bbox 2023 2475 2175 2526; x_wconf 92' lang='lat' dir='ltr'><strong>tunc</strong></span> <span class='ocrx_word' id='word_1_99' title='bbox 2198 2466 2510 2544; x_wconf 89' lang='lat' dir='ltr'><strong>temporis</strong></span> <span class='ocrx_word' id='word_1_100' title='bbox 2540 2476 2694 2544; x_wconf 90' lang='lat' dir='ltr'><strong>aput</strong></span> <span class='ocrx_word' id='word_1_101' title='bbox 2724 2466 3004 2526; x_wconf 90' lang='lat' dir='ltr'><strong>eundem</strong></span> <span class='ocrx_word' id='word_1_102' title='bbox 3039 2464 3446 2524; x_wconf 86' lang='lat' dir='ltr'><strong>karissimum</strong></span> 
     </span>
     <span class='ocr_line' id='line_1_15' title="bbox 726 2578 3450 2657; baseline -0.001 -18"><span class='ocrx_word' id='word_1_103' title='bbox 726 2589 977 2657; x_wconf 87' lang='lat' dir='ltr'><strong>patrem</strong></span> <span class='ocrx_word' id='word_1_104' title='bbox 1042 2594 1329 2640; x_wconf 85' lang='lat' dir='ltr'><strong>nostrum</strong></span> <span class='ocrx_word' id='word_1_105' title='bbox 1390 2596 1613 2639; x_wconf 90' lang='lat' dir='ltr'><strong>comes</strong></span> <span class='ocrx_word' id='word_1_106' title='bbox 1672 2578 2055 2657; x_wconf 88' lang='lat' dir='ltr'><strong>Syrmiensis</strong></span> <span class='ocrx_word' id='word_1_107' title='bbox 2117 2578 2337 2651; x_wconf 87' lang='lat' dir='ltr'><strong>suerat,</strong></span> <span class='ocrx_word' id='word_1_108' title='bbox 2391 2598 2459 2639; x_wconf 89' lang='lat' dir='ltr'><strong>se</strong></span> <span class='ocrx_word' id='word_1_109' title='bbox 2505 2578 2590 2638; x_wconf 89' lang='lat' dir='ltr'><strong>ad</strong></span> <span class='ocrx_word' id='word_1_110' title='bbox 2637 2597 2755 2638; x_wconf 88' lang='lat' dir='ltr'><strong>nos</strong></span> <span class='ocrx_word' id='word_1_111' title='bbox 2801 2578 2884 2639; x_wconf 92' lang='lat' dir='ltr'><strong>de</strong></span> <span class='ocrx_word' id='word_1_112' title='bbox 2931 2580 3069 2656; x_wconf 90' lang='lat' dir='ltr'><strong>ipso</strong></span> <span class='ocrx_word' id='word_1_113' title='bbox 3132 2578 3450 2637; x_wconf 90' lang='lat' dir='ltr'><strong>comitatu</strong></span> 
     </span>
     <span class='ocr_line' id='line_1_16' title="bbox 722 2691 3454 2770; baseline -0.001 -19"><span class='ocrx_word' id='word_1_114' title='bbox 722 2710 843 2751; x_wconf 89' lang='lat' dir='ltr'><strong>suo</strong></span> <span class='ocrx_word' id='word_1_115' title='bbox 912 2711 1056 2753; x_wconf 88' lang='lat' dir='ltr'><strong>cum</strong></span> <span class='ocrx_word' id='word_1_116' title='bbox 1124 2692 1569 2753; x_wconf 85' lang='lat' dir='ltr'><strong>honestissima</strong></span> <span class='ocrx_word' id='word_1_117' title='bbox 1639 2691 1876 2752; x_wconf 88' lang='lat' dir='ltr'><strong>familia</strong></span> <span class='ocrx_word' id='word_1_118' title='bbox 1942 2692 2277 2764; x_wconf 82' lang='lat' dir='ltr'><strong>transtulit,</strong></span> <span class='ocrx_word' id='word_1_119' title='bbox 2344 2695 2405 2752; x_wconf 92' lang='lat' dir='ltr'><strong>in</strong></span> <span class='ocrx_word' id='word_1_120' title='bbox 2481 2694 2616 2770; x_wconf 90' lang='lat' dir='ltr'><strong>ipso</strong></span> <span class='ocrx_word' id='word_1_121' title='bbox 2693 2704 2910 2751; x_wconf 90' lang='lat' dir='ltr'><strong>nostre</strong></span> <span class='ocrx_word' id='word_1_122' title='bbox 2977 2691 3454 2769; x_wconf 89' lang='lat' dir='ltr'><strong>persecucionis</strong></span> 
     </span>
     <span class='ocr_line' id='line_1_17' title="bbox 730 2801 3452 2883; baseline -0.001 -20"><span class='ocrx_word' id='word_1_123' title='bbox 730 2818 1024 2883; x_wconf 86' lang='lat' dir='ltr'><strong>tempore</strong></span> <span class='ocrx_word' id='word_1_124' title='bbox 1072 2825 1189 2882; x_wconf 88' lang='lat' dir='ltr'><strong>pro</strong></span> <span class='ocrx_word' id='word_1_125' title='bbox 1252 2804 1661 2866; x_wconf 88' lang='lat' dir='ltr'><strong>fidelitatibus</strong></span> <span class='ocrx_word' id='word_1_126' title='bbox 1708 2815 1772 2866; x_wconf 91' lang='lat' dir='ltr'><strong>et</strong></span> <span class='ocrx_word' id='word_1_127' title='bbox 1817 2806 2096 2865; x_wconf 88' lang='lat' dir='ltr'><strong>seruiciis</strong></span> <span class='ocrx_word' id='word_1_128' title='bbox 2157 2805 2344 2865; x_wconf 91' lang='lat' dir='ltr'><strong>nobis</strong></span> <span class='ocrx_word' id='word_1_129' title='bbox 2403 2803 2784 2865; x_wconf 81' lang='lat' dir='ltr'><strong>exhibendis</strong></span> <span class='ocrx_word' id='word_1_130' title='bbox 2828 2814 2891 2865; x_wconf 91' lang='lat' dir='ltr'><strong>et</strong></span> <span class='ocrx_word' id='word_1_131' title='bbox 2937 2804 3172 2883; x_wconf 87' lang='lat' dir='ltr'><strong>pariter</strong></span> <span class='ocrx_word' id='word_1_132' title='bbox 3230 2801 3452 2861; x_wconf 87' lang='lat' dir='ltr'><strong>obser-</strong></span> 
     </span>
     <span class='ocr_line' id='line_1_18' title="bbox 730 2916 3448 2997; baseline -0.001 -19"><span class='ocrx_word' id='word_1_133' title='bbox 730 2918 976 2989; x_wconf 83' lang='lat' dir='ltr'><strong>uandiS,</strong></span> <span class='ocrx_word' id='word_1_134' title='bbox 1021 2920 1430 2979; x_wconf 88' lang='lat' dir='ltr'><strong>amissionem</strong></span> <span class='ocrx_word' id='word_1_135' title='bbox 1480 2937 1591 2980; x_wconf 90' lang='lat' dir='ltr'><strong>seu</strong></span> <span class='ocrx_word' id='word_1_136' title='bbox 1638 2919 2147 2980; x_wconf 87' lang='lat' dir='ltr'><strong>destruccionem</strong></span> <span class='ocrx_word' id='word_1_137' title='bbox 2199 2921 2677 2997; x_wconf 90' lang='lat' dir='ltr'><strong>possessionum</strong></span> <span class='ocrx_word' id='word_1_138' title='bbox 2730 2919 2886 2978; x_wconf 82' lang='lat' dir='ltr'><strong>vltra</strong></span> <span class='ocrx_word' id='word_1_139' title='bbox 2927 2916 3227 2979; x_wconf 83' lang='lat' dir='ltr'><strong>Drawam</strong></span> <span class='ocrx_word' id='word_1_140' title='bbox 3261 2929 3327 2976; x_wconf 89' lang='lat' dir='ltr'><strong>et</strong></span> <span class='ocrx_word' id='word_1_141' title='bbox 3359 2935 3448 2976; x_wconf 82' lang='lat' dir='ltr'><strong>ex</strong></span> 
     </span>
     <span class='ocr_line' id='line_1_19' title="bbox 730 3029 3452 3110; baseline -0.001 -20"><span class='ocrx_word' id='word_1_142' title='bbox 730 3034 851 3092; x_wconf 89' lang='lat' dir='ltr'><strong>ista</strong></span> <span class='ocrx_word' id='word_1_143' title='bbox 895 3043 1077 3110; x_wconf 87' lang='lat' dir='ltr'><strong>parte</strong></span> <span class='ocrx_word' id='word_1_144' title='bbox 1124 3030 1355 3092; x_wconf 87' lang='lat' dir='ltr'><strong>Drawe</strong></span> <span class='ocrx_word' id='word_1_145' title='bbox 1402 3034 1839 3106; x_wconf 82' lang='lat' dir='ltr'><strong>existencium,</strong></span> <span class='ocrx_word' id='word_1_146' title='bbox 1886 3050 1964 3092; x_wconf 90' lang='lat' dir='ltr'><strong>ac</strong></span> <span class='ocrx_word' id='word_1_147' title='bbox 2008 3033 2445 3092; x_wconf 88' lang='lat' dir='ltr'><strong>vniuersorum</strong></span> <span class='ocrx_word' id='word_1_148' title='bbox 2509 3033 2830 3092; x_wconf 89' lang='lat' dir='ltr'><strong>bonorum</strong></span> <span class='ocrx_word' id='word_1_149' title='bbox 2877 3049 3138 3092; x_wconf 84' lang='lat' dir='ltr'><strong>suorum</strong></span> <span class='ocrx_word' id='word_1_150' title='bbox 3185 3029 3452 3089; x_wconf 89' lang='lat' dir='ltr'><strong>distrac-</strong></span> 
     </span>
     <span class='ocr_line' id='line_1_20' title="bbox 732 3142 3448 3224; baseline -0 -21"><span class='ocrx_word' id='word_1_151' title='bbox 732 3146 985 3204; x_wconf 89' lang='lat' dir='ltr'><strong>cionem</strong></span> <span class='ocrx_word' id='word_1_152' title='bbox 1076 3146 1339 3204; x_wconf 90' lang='lat' dir='ltr'><strong>minime</strong></span> <span class='ocrx_word' id='word_1_153' title='bbox 1414 3163 1870 3223; x_wconf 80' lang='lat' dir='ltr'><strong>expauescens,</strong></span> <span class='ocrx_word' id='word_1_154' title='bbox 1947 3145 2178 3224; x_wconf 91' lang='lat' dir='ltr'><strong>quibus</strong></span> <span class='ocrx_word' id='word_1_155' title='bbox 2263 3145 2561 3205; x_wconf 89' lang='lat' dir='ltr'><strong>omnibus</strong></span> <span class='ocrx_word' id='word_1_156' title='bbox 2637 3144 2902 3205; x_wconf 90' lang='lat' dir='ltr'><strong>demum</strong></span> <span class='ocrx_word' id='word_1_157' title='bbox 2978 3162 3090 3222; x_wconf 90' lang='lat' dir='ltr'><strong>per</strong></span> <span class='ocrx_word' id='word_1_158' title='bbox 3164 3142 3448 3203; x_wconf 90' lang='lat' dir='ltr'><strong>eundem</strong></span> 
     </span>
     <span class='ocr_line' id='line_1_21' title="bbox 733 3255 3449 3336; baseline 0.001 -20"><span class='ocrx_word' id='word_1_159' title='bbox 733 3255 1137 3318; x_wconf 88' lang='lat' dir='ltr'><strong>karissimum</strong></span> <span class='ocrx_word' id='word_1_160' title='bbox 1182 3267 1430 3336; x_wconf 89' lang='lat' dir='ltr'><strong>patrem</strong></span> <span class='ocrx_word' id='word_1_161' title='bbox 1478 3269 1767 3318; x_wconf 89' lang='lat' dir='ltr'><strong>nostrum</strong></span> <span class='ocrx_word' id='word_1_162' title='bbox 1799 3258 2002 3319; x_wconf 87' lang='lat' dir='ltr'><strong>suerat</strong></span> <span class='ocrx_word' id='word_1_163' title='bbox 2032 3259 2353 3336; x_wconf 77' lang='lat' dir='ltr'><strong>spoliatus</strong></span> <span class='ocrx_word' id='word_1_164' title='bbox 2387 3257 2510 3336; x_wconf 80' lang='lat' dir='ltr'><strong>Qui</strong></span> <span class='ocrx_word' id='word_1_165' title='bbox 2547 3258 2808 3335; x_wconf 91' lang='lat' dir='ltr'><strong>quidem</strong></span> <span class='ocrx_word' id='word_1_166' title='bbox 2855 3257 3181 3335; x_wconf 91' lang='lat' dir='ltr'><strong>Nycolaus</strong></span> <span class='ocrx_word' id='word_1_167' title='bbox 3223 3275 3449 3318; x_wconf 86' lang='lat' dir='ltr'><strong>comes</strong></span> 
     </span>
     <span class='ocr_line' id='line_1_22' title="bbox 736 3370 3448 3450; baseline 0 -22"><span class='ocrx_word' id='word_1_168' title='bbox 736 3380 888 3431; x_wconf 85' lang='lat' dir='ltr'><strong>tunc</strong></span> <span class='ocrx_word' id='word_1_169' title='bbox 935 3372 1140 3431; x_wconf 89' lang='lat' dir='ltr'><strong>eciam</strong></span> <span class='ocrx_word' id='word_1_170' title='bbox 1205 3370 1390 3431; x_wconf 91' lang='lat' dir='ltr'><strong>nobis</strong></span> <span class='ocrx_word' id='word_1_171' title='bbox 1454 3371 1651 3431; x_wconf 87' lang='lat' dir='ltr'><strong>multa</strong></span> <span class='ocrx_word' id='word_1_172' title='bbox 1699 3384 1762 3431; x_wconf 93' lang='lat' dir='ltr'><strong>et</strong></span> <span class='ocrx_word' id='word_1_173' title='bbox 1810 3371 2060 3433; x_wconf 91' lang='lat' dir='ltr'><strong>diuersa</strong></span> <span class='ocrx_word' id='word_1_174' title='bbox 2123 3370 2442 3432; x_wconf 87' lang='lat' dir='ltr'><strong>fidelitatis</strong></span> <span class='ocrx_word' id='word_1_175' title='bbox 2508 3390 2705 3450; x_wconf 90' lang='lat' dir='ltr'><strong>opera</strong></span> <span class='ocrx_word' id='word_1_176' title='bbox 2765 3380 2829 3430; x_wconf 90' lang='lat' dir='ltr'><strong>et</strong></span> <span class='ocrx_word' id='word_1_177' title='bbox 2879 3370 3314 3449; x_wconf 80' lang='lat' dir='ltr'><strong>postmodum</strong></span> <span class='ocrx_word' id='word_1_178' title='bbox 3385 3371 3448 3428; x_wconf 93' lang='lat' dir='ltr'><strong>in</strong></span> 
     </span>
     <span class='ocr_line' id='line_1_23' title="bbox 734 3483 3446 3563; baseline 0 -22"><span class='ocrx_word' id='word_1_179' title='bbox 734 3483 871 3544; x_wconf 91' lang='lat' dir='ltr'><strong>aliis</strong></span> <span class='ocrx_word' id='word_1_180' title='bbox 931 3484 1219 3563; x_wconf 92' lang='lat' dir='ltr'><strong>pluribus</strong></span> <span class='ocrx_word' id='word_1_181' title='bbox 1280 3484 1810 3562; x_wconf 82' lang='lat' dir='ltr'><strong>expedicionibus</strong></span> <span class='ocrx_word' id='word_1_182' title='bbox 1872 3487 2103 3545; x_wconf 89' lang='lat' dir='ltr'><strong>nostris</strong></span> <span class='ocrx_word' id='word_1_183' title='bbox 2165 3484 2378 3545; x_wconf 89' lang='lat' dir='ltr'><strong>multis</strong></span> <span class='ocrx_word' id='word_1_184' title='bbox 2432 3497 2494 3544; x_wconf 90' lang='lat' dir='ltr'><strong>et</strong></span> <span class='ocrx_word' id='word_1_185' title='bbox 2550 3483 2972 3544; x_wconf 87' lang='lat' dir='ltr'><strong>laudabilibus</strong></span> <span class='ocrx_word' id='word_1_186' title='bbox 3031 3485 3446 3544; x_wconf 89' lang='lat' dir='ltr'><strong>seruiciorum</strong></span> 
     </span>
     <span class='ocr_line' id='line_1_24' title="bbox 738 3597 3446 3676; baseline -0.001 -20"><span class='ocrx_word' id='word_1_187' title='bbox 738 3598 976 3657; x_wconf 88' lang='lat' dir='ltr'><strong>meritis</strong></span> <span class='ocrx_word' id='word_1_188' title='bbox 1034 3615 1253 3656; x_wconf 90' lang='lat' dir='ltr'><strong>coram</strong></span> <span class='ocrx_word' id='word_1_189' title='bbox 1316 3606 1531 3658; x_wconf 91' lang='lat' dir='ltr'><strong>nostre</strong></span> <span class='ocrx_word' id='word_1_190' title='bbox 1595 3599 1939 3657; x_wconf 88' lang='lat' dir='ltr'><strong>maiestatis</strong></span> <span class='ocrx_word' id='word_1_191' title='bbox 2007 3598 2244 3658; x_wconf 89' lang='lat' dir='ltr'><strong>occulis</strong></span> <span class='ocrx_word' id='word_1_192' title='bbox 2289 3608 2595 3676; x_wconf 88' lang='lat' dir='ltr'><strong>tanquam</strong></span> <span class='ocrx_word' id='word_1_193' title='bbox 2661 3598 2843 3658; x_wconf 89' lang='lat' dir='ltr'><strong>miles</strong></span> <span class='ocrx_word' id='word_1_194' title='bbox 2887 3609 3181 3658; x_wconf 91' lang='lat' dir='ltr'><strong>strenuus</strong></span> <span class='ocrx_word' id='word_1_195' title='bbox 3223 3597 3446 3656; x_wconf 90' lang='lat' dir='ltr'><strong>claruit</strong></span> 
     </span>
     <span class='ocr_line' id='line_1_25' title="bbox 734 3709 3448 3789; baseline 0 -22"><span class='ocrx_word' id='word_1_196' title='bbox 734 3723 799 3768; x_wconf 89' lang='lat' dir='ltr'><strong>et</strong></span> <span class='ocrx_word' id='word_1_197' title='bbox 847 3709 1113 3784; x_wconf 68' lang='lat' dir='ltr'><strong>refulsit,</strong></span> <span class='ocrx_word' id='word_1_198' title='bbox 1163 3711 1270 3789; x_wconf 94' lang='lat' dir='ltr'><strong>qui</strong></span> <span class='ocrx_word' id='word_1_199' title='bbox 1318 3709 1464 3770; x_wconf 89' lang='lat' dir='ltr'><strong>licet</strong></span> <span class='ocrx_word' id='word_1_200' title='bbox 1508 3721 1657 3789; x_wconf 88' lang='lat' dir='ltr'><strong>post</strong></span> <span class='ocrx_word' id='word_1_201' title='bbox 1702 3722 1797 3770; x_wconf 90' lang='lat' dir='ltr'><strong>tot</strong></span> <span class='ocrx_word' id='word_1_202' title='bbox 1845 3709 2182 3772; x_wconf 88' lang='lat' dir='ltr'><strong>fidelitates</strong></span> <span class='ocrx_word' id='word_1_203' title='bbox 2226 3723 2288 3771; x_wconf 93' lang='lat' dir='ltr'><strong>et</strong></span> <span class='ocrx_word' id='word_1_204' title='bbox 2335 3712 2743 3771; x_wconf 90' lang='lat' dir='ltr'><strong>seruiciorum</strong></span> <span class='ocrx_word' id='word_1_205' title='bbox 2805 3713 3028 3770; x_wconf 89' lang='lat' dir='ltr'><strong>merita</strong></span> <span class='ocrx_word' id='word_1_206' title='bbox 3094 3711 3336 3769; x_wconf 87' lang='lat' dir='ltr'><strong>maiora</strong></span> <span class='ocrx_word' id='word_1_207' title='bbox 3381 3719 3448 3769; x_wconf 89' lang='lat' dir='ltr'><strong>et</strong></span> 
     </span>
     <span class='ocr_line' id='line_1_26' title="bbox 734 3819 3454 3903; baseline 0.001 -23"><span class='ocrx_word' id='word_1_208' title='bbox 734 3823 1051 3900; x_wconf 88' lang='lat' dir='ltr'><strong>ampliora</strong></span> <span class='ocrx_word' id='word_1_209' title='bbox 1128 3822 1210 3882; x_wconf 92' lang='lat' dir='ltr'><strong>de</strong></span> <span class='ocrx_word' id='word_1_210' title='bbox 1279 3819 1761 3903; x_wconf 86' lang='lat' dir='ltr'><strong>magnificencia</strong></span> <span class='ocrx_word' id='word_1_211' title='bbox 1828 3824 1999 3902; x_wconf 88' lang='lat' dir='ltr'><strong>regia</strong></span> <span class='ocrx_word' id='word_1_212' title='bbox 2070 3825 2131 3882; x_wconf 93' lang='lat' dir='ltr'><strong>in</strong></span> <span class='ocrx_word' id='word_1_213' title='bbox 2201 3824 2728 3903; x_wconf 87' lang='lat' dir='ltr'><strong>perpetuitatibus</strong></span> <span class='ocrx_word' id='word_1_214' title='bbox 2795 3841 2901 3884; x_wconf 89' lang='lat' dir='ltr'><strong>seu</strong></span> <span class='ocrx_word' id='word_1_215' title='bbox 2983 3821 3454 3883; x_wconf 87' lang='lat' dir='ltr'><strong>donacionibus</strong></span> 
     </span>
     <span class='ocr_line' id='line_1_27' title="bbox 734 3934 3446 4014; baseline -0 -20"><span class='ocrx_word' id='word_1_216' title='bbox 734 3937 1061 4014; x_wconf 87' lang='lat' dir='ltr'><strong>perpetuis</strong></span> <span class='ocrx_word' id='word_1_217' title='bbox 1132 3937 1477 4013; x_wconf 87' lang='lat' dir='ltr'><strong>promereri</strong></span> <span class='ocrx_word' id='word_1_218' title='bbox 1548 3934 1890 4005; x_wconf 81' lang='lat' dir='ltr'><strong>debuisset,</strong></span> <span class='ocrx_word' id='word_1_219' title='bbox 1960 3938 2020 3995; x_wconf 94' lang='lat' dir='ltr'><strong>in</strong></span> <span class='ocrx_word' id='word_1_220' title='bbox 2070 3939 2718 4014; x_wconf 91' lang='lat' dir='ltr'><strong>reconpensacionem</strong></span> <span class='ocrx_word' id='word_1_221' title='bbox 2767 3949 2984 3997; x_wconf 89' lang='lat' dir='ltr'><strong>tamen</strong></span> <span class='ocrx_word' id='word_1_222' title='bbox 3033 3937 3446 3996; x_wconf 84' lang='lat' dir='ltr'><strong>seruiciorum</strong></span> 
     </span>
     <span class='ocr_line' id='line_1_28' title="bbox 730 4047 3446 4127; baseline 0.002 -25"><span class='ocrx_word' id='word_1_223' title='bbox 730 4063 999 4108; x_wconf 89' lang='lat' dir='ltr'><strong>suorum</strong></span> <span class='ocrx_word' id='word_1_224' title='bbox 1046 4047 1406 4125; x_wconf 84' lang='lat' dir='ltr'><strong>aliqualem,</strong></span> <span class='ocrx_word' id='word_1_225' title='bbox 1468 4047 1779 4125; x_wconf 87' lang='lat' dir='ltr'><strong>quasdam</strong></span> <span class='ocrx_word' id='word_1_226' title='bbox 1844 4050 2295 4127; x_wconf 61' lang='lat' dir='ltr'><strong>possessiones</strong></span> <span class='ocrx_word' id='word_1_227' title='bbox 2357 4050 2644 4111; x_wconf 89' lang='lat' dir='ltr'><strong>videlicet</strong></span> <span class='ocrx_word' id='word_1_228' title='bbox 2707 4049 2761 4111; x_wconf 94' lang='lat' dir='ltr'>F</span> <span class='ocrx_word' id='word_1_229' title='bbox 2763 4070 2908 4111; x_wconf 90' lang='lat' dir='ltr'><strong>urro</strong></span> <span class='ocrx_word' id='word_1_230' title='bbox 2973 4053 3149 4111; x_wconf 79' lang='lat' dir='ltr'><strong>iuxta</strong></span> <span class='ocrx_word' id='word_1_231' title='bbox 3209 4067 3446 4126; x_wconf 86' lang='lat' dir='ltr'><strong>aquam</strong></span> 
     </span>
     <span class='ocr_line' id='line_1_29' title="bbox 736 4156 3450 4241; baseline 0 -22"><span class='ocrx_word' id='word_1_232' title='bbox 736 4156 1012 4233; x_wconf 88' lang='lat' dir='ltr'><strong>Herrad,</strong></span> <span class='ocrx_word' id='word_1_233' title='bbox 1058 4160 1315 4232; x_wconf 91' lang='lat' dir='ltr'><strong>Inanch,</strong></span> <span class='ocrx_word' id='word_1_234' title='bbox 1362 4179 1507 4220; x_wconf 91' lang='lat' dir='ltr'><strong>cum</strong></span> <span class='ocrx_word' id='word_1_235' title='bbox 1545 4161 1703 4221; x_wconf 81' lang='lat' dir='ltr'><strong>villis</strong></span> <span class='ocrx_word' id='word_1_236' title='bbox 1747 4161 1831 4221; x_wconf 90' lang='lat' dir='ltr'><strong>ad</strong></span> <span class='ocrx_word' id='word_1_237' title='bbox 1876 4161 2140 4222; x_wconf 89' lang='lat' dir='ltr'><strong>easdem</strong></span> <span class='ocrx_word' id='word_1_238' title='bbox 2186 4164 2640 4241; x_wconf 79' lang='lat' dir='ltr'><strong>spectantibus.</strong></span> <span class='ocrx_word' id='word_1_239' title='bbox 2692 4164 2924 4224; x_wconf 86' lang='lat' dir='ltr'><strong>Hewes</strong></span> <span class='ocrx_word' id='word_1_240' title='bbox 2969 4162 3253 4224; x_wconf 90' lang='lat' dir='ltr'><strong>similiter</strong></span> <span class='ocrx_word' id='word_1_241' title='bbox 3297 4180 3450 4222; x_wconf 89' lang='lat' dir='ltr'><strong>cum</strong></span> 
     </span>
     <span class='ocr_line' id='line_1_30' title="bbox 733 4272 3450 4353; baseline 0.002 -24"><span class='ocrx_word' id='word_1_242' title='bbox 733 4272 903 4333; x_wconf 90' lang='lat' dir='ltr'><strong>uillis</strong></span> <span class='ocrx_word' id='word_1_243' title='bbox 948 4273 1033 4333; x_wconf 92' lang='lat' dir='ltr'><strong>ad</strong></span> <span class='ocrx_word' id='word_1_244' title='bbox 1080 4273 1284 4352; x_wconf 87' lang='lat' dir='ltr'><strong>ipsam</strong></span> <span class='ocrx_word' id='word_1_245' title='bbox 1346 4274 1811 4352; x_wconf 89' lang='lat' dir='ltr'><strong>pertinentibus</strong></span> <span class='ocrx_word' id='word_1_246' title='bbox 1856 4293 1933 4334; x_wconf 93' lang='lat' dir='ltr'><strong>ac</strong></span> <span class='ocrx_word' id='word_1_247' title='bbox 1977 4277 2446 4353; x_wconf 89' lang='lat' dir='ltr'><strong>possessionem</strong></span> <span class='ocrx_word' id='word_1_248' title='bbox 2511 4277 2719 4351; x_wconf 86' lang='lat' dir='ltr'><strong>Elsua,</strong></span> <span class='ocrx_word' id='word_1_249' title='bbox 2777 4277 2963 4337; x_wconf 88' lang='lat' dir='ltr'><strong>simul</strong></span> <span class='ocrx_word' id='word_1_250' title='bbox 3025 4295 3171 4336; x_wconf 89' lang='lat' dir='ltr'><strong>cum</strong></span> <span class='ocrx_word' id='word_1_251' title='bbox 3235 4289 3450 4334; x_wconf 85' lang='lat' dir='ltr'><strong>castro</strong></span> 
     </span>
     <span class='ocr_line' id='line_1_31' title="bbox 732 4379 3451 4469; baseline 0.002 -27"><span class='ocrx_word' id='word_1_252' title='bbox 732 4379 989 4458; x_wconf 84' lang='lat' dir='ltr'><strong>Muran,</strong></span> <span class='ocrx_word' id='word_1_253' title='bbox 1034 4385 1347 4464; x_wconf 87' lang='lat' dir='ltr'><strong>quaslibet</strong></span> <span class='ocrx_word' id='word_1_254' title='bbox 1395 4388 1672 4464; x_wconf 89' lang='lat' dir='ltr'><strong>ipsarum</strong></span> <span class='ocrx_word' id='word_1_255' title='bbox 1720 4405 1867 4448; x_wconf 90' lang='lat' dir='ltr'><strong>cum</strong></span> <span class='ocrx_word' id='word_1_256' title='bbox 1915 4387 2214 4450; x_wconf 90' lang='lat' dir='ltr'><strong>omnibus</strong></span> <span class='ocrx_word' id='word_1_257' title='bbox 2259 4391 2681 4469; x_wconf 83' lang='lat' dir='ltr'><strong>pertinenciis,</strong></span> <span class='ocrx_word' id='word_1_258' title='bbox 2723 4390 3136 4468; x_wconf 79' lang='lat' dir='ltr'><strong>appendiciiS,</strong></span> <span class='ocrx_word' id='word_1_259' title='bbox 3179 4391 3451 4448; x_wconf 89' lang='lat' dir='ltr'><strong>circum-</strong></span> 
     </span>
     <span class='ocr_line' id='line_1_32' title="bbox 732 4499 3454 4576; baseline 0.004 -24"><span class='ocrx_word' id='word_1_260' title='bbox 732 4500 1001 4559; x_wconf 85' lang='lat' dir='ltr'><strong>stanciis</strong></span> <span class='ocrx_word' id='word_1_261' title='bbox 1046 4509 1109 4560; x_wconf 90' lang='lat' dir='ltr'><strong>et</strong></span> <span class='ocrx_word' id='word_1_262' title='bbox 1156 4499 1533 4561; x_wconf 89' lang='lat' dir='ltr'><strong>utilitatibus</strong></span> <span class='ocrx_word' id='word_1_263' title='bbox 1578 4503 1707 4560; x_wconf 88' lang='lat' dir='ltr'><strong>suis</strong></span> <span class='ocrx_word' id='word_1_264' title='bbox 1766 4503 2089 4573; x_wconf 83' lang='lat' dir='ltr'><strong>vniuersiS,</strong></span> <span class='ocrx_word' id='word_1_265' title='bbox 2148 4503 2552 4576; x_wconf 77' lang='lat' dir='ltr'><strong>contulimuS,</strong></span> <span class='ocrx_word' id='word_1_266' title='bbox 2611 4502 2911 4564; x_wconf 91' lang='lat' dir='ltr'><strong>dedimus</strong></span> <span class='ocrx_word' id='word_1_267' title='bbox 2955 4512 3020 4562; x_wconf 88' lang='lat' dir='ltr'><strong>et</strong></span> <span class='ocrx_word' id='word_1_268' title='bbox 3065 4503 3454 4563; x_wconf 89' lang='lat' dir='ltr'><strong>donauimus</strong></span> 
     </span>
     <span class='ocr_line' id='line_1_33' title="bbox 730 4609 3454 4694; baseline 0.004 -28"><span class='ocrx_word' id='word_1_269' title='bbox 730 4609 950 4671; x_wconf 85' lang='lat' dir='ltr'><strong>eidem</strong></span> <span class='ocrx_word' id='word_1_270' title='bbox 1000 4614 1217 4672; x_wconf 92' lang='lat' dir='ltr'><strong>comiti</strong></span> <span class='ocrx_word' id='word_1_271' title='bbox 1252 4611 1549 4692; x_wconf 79' lang='lat' dir='ltr'><strong>Nycolao</strong></span> <span class='ocrx_word' id='word_1_272' title='bbox 1582 4625 1645 4673; x_wconf 91' lang='lat' dir='ltr'><strong>et</strong></span> <span class='ocrx_word' id='word_1_273' title='bbox 1677 4614 1805 4674; x_wconf 90' lang='lat' dir='ltr'><strong>suis</strong></span> <span class='ocrx_word' id='word_1_274' title='bbox 1838 4612 2179 4675; x_wconf 90' lang='lat' dir='ltr'><strong>heredibus</strong></span> <span class='ocrx_word' id='word_1_275' title='bbox 2225 4615 2660 4694; x_wconf 87' lang='lat' dir='ltr'><strong>heredumque</strong></span> <span class='ocrx_word' id='word_1_276' title='bbox 2707 4634 2966 4676; x_wconf 88' lang='lat' dir='ltr'><strong>suorum</strong></span> <span class='ocrx_word' id='word_1_277' title='bbox 3015 4617 3454 4677; x_wconf 84' lang='lat' dir='ltr'><strong>succesoribus</strong></span> 
     </span>
     <span class='ocr_line' id='line_1_34' title="bbox 734 4725 3453 4810; baseline 0.003 -31"><span class='ocrx_word' id='word_1_278' title='bbox 734 4734 1051 4804; x_wconf 89' lang='lat' dir='ltr'><strong>perpetuo</strong></span> <span class='ocrx_word' id='word_1_279' title='bbox 1097 4737 1160 4785; x_wconf 90' lang='lat' dir='ltr'><strong>et</strong></span> <span class='ocrx_word' id='word_1_280' title='bbox 1212 4725 1705 4786; x_wconf 87' lang='lat' dir='ltr'><strong>irreuocabiliter</strong></span> <span class='ocrx_word' id='word_1_281' title='bbox 1748 4727 2186 4804; x_wconf 89' lang='lat' dir='ltr'><strong>possidendas.</strong></span> <span class='ocrx_word' id='word_1_282' title='bbox 2236 4728 2325 4789; x_wconf 90' lang='lat' dir='ltr'><strong>Vt</strong></span> <span class='ocrx_word' id='word_1_283' title='bbox 2371 4731 2556 4810; x_wconf 89' lang='lat' dir='ltr'><strong>igitur</strong></span> <span class='ocrx_word' id='word_1_284' title='bbox 2587 4729 2770 4790; x_wconf 89' lang='lat' dir='ltr'><strong>huius</strong></span> <span class='ocrx_word' id='word_1_285' title='bbox 2815 4740 3030 4790; x_wconf 86' lang='lat' dir='ltr'><strong>nostre</strong></span> <span class='ocrx_word' id='word_1_286' title='bbox 3074 4728 3453 4790; x_wconf 87' lang='lat' dir='ltr'><strong>donacionis</strong></span> 
     </span>
     <span class='ocr_line' id='line_1_35' title="bbox 736 4837 3451 4922; baseline 0.004 -30"><span class='ocrx_word' id='word_1_287' title='bbox 736 4849 853 4895; x_wconf 84' lang='lat' dir='ltr'><strong>seu</strong></span> <span class='ocrx_word' id='word_1_288' title='bbox 899 4837 1266 4900; x_wconf 90' lang='lat' dir='ltr'><strong>collacionis</strong></span> <span class='ocrx_word' id='word_1_289' title='bbox 1326 4841 1517 4900; x_wconf 87' lang='lat' dir='ltr'><strong>series</strong></span> <span class='ocrx_word' id='word_1_290' title='bbox 1563 4839 1757 4900; x_wconf 90' lang='lat' dir='ltr'><strong>robur</strong></span> <span class='ocrx_word' id='word_1_291' title='bbox 1804 4839 2090 4900; x_wconf 85' lang='lat' dir='ltr'><strong>obtineat</strong></span> <span class='ocrx_word' id='word_1_292' title='bbox 2137 4854 2444 4920; x_wconf 89' lang='lat' dir='ltr'><strong>perpetue</strong></span> <span class='ocrx_word' id='word_1_293' title='bbox 2490 4841 2824 4916; x_wconf 78' lang='lat' dir='ltr'><strong>firmitatiS,</strong></span> <span class='ocrx_word' id='word_1_294' title='bbox 2865 4855 3194 4922; x_wconf 88' lang='lat' dir='ltr'><strong>presentes</strong></span> <span class='ocrx_word' id='word_1_295' title='bbox 3239 4841 3451 4903; x_wconf 89' lang='lat' dir='ltr'><strong>eidem</strong></span> 
     </span>
     <span class='ocr_line' id='line_1_36' title="bbox 739 4951 3455 5053; baseline 0.003 -47"><span class='ocrx_word' id='word_1_296' title='bbox 739 4953 964 5010; x_wconf 80' lang='lat' dir='ltr'><strong>comiti</strong></span> <span class='ocrx_word' id='word_1_297' title='bbox 1010 4951 1304 5030; x_wconf 75' lang='lat' dir='ltr'><strong>Nycolao</strong></span> <span class='ocrx_word' id='word_1_298' title='bbox 1353 4952 1650 5053; x_wconf 84' lang='lat' dir='ltr'><strong>dedimus</strong></span> <span class='ocrx_word' id='word_1_299' title='bbox 1683 4952 1923 5012; x_wconf 87' lang='lat' dir='ltr'><strong>litteras</strong></span> <span class='ocrx_word' id='word_1_300' title='bbox 1956 4954 2226 5032; x_wconf 90' lang='lat' dir='ltr'><strong>duplicis</strong></span> <span class='ocrx_word' id='word_1_301' title='bbox 2257 4955 2438 5036; x_wconf 87' lang='lat' dir='ltr'><strong>sigilli</strong></span> <span class='ocrx_word' id='word_1_302' title='bbox 2473 4959 2669 5016; x_wconf 90' lang='lat' dir='ltr'><strong>nostri</strong></span> <span class='ocrx_word' id='word_1_303' title='bbox 2705 4957 3060 5018; x_wconf 89' lang='lat' dir='ltr'><strong>munimine</strong></span> <span class='ocrx_word' id='word_1_304' title='bbox 3103 4956 3455 5016; x_wconf 89' lang='lat' dir='ltr'><strong>roboratas.</strong></span> 
     </span>
     <span class='ocr_line' id='line_1_37' title="bbox 744 5054 3452 5146; baseline 0.005 -27"><span class='ocrx_word' id='word_1_305' title='bbox 744 5054 983 5122; x_wconf 88' lang='lat' dir='ltr'><strong>Datum</strong></span> <span class='ocrx_word' id='word_1_306' title='bbox 1032 5084 1145 5142; x_wconf 90' lang='lat' dir='ltr'><strong>per</strong></span> <span class='ocrx_word' id='word_1_307' title='bbox 1194 5085 1421 5126; x_wconf 88' lang='lat' dir='ltr'><strong>manus</strong></span> <span class='ocrx_word' id='word_1_308' title='bbox 1484 5067 1760 5146; x_wconf 86' lang='lat' dir='ltr'><strong>magistri</strong></span> <span class='ocrx_word' id='word_1_309' title='bbox 1828 5065 2158 5126; x_wconf 81' lang='lat' dir='ltr'><strong>Benedicti</strong></span> <span class='ocrx_word' id='word_1_310' title='bbox 2217 5071 2520 5145; x_wconf 91' lang='lat' dir='ltr'><strong>prepositi</strong></span> <span class='ocrx_word' id='word_1_311' title='bbox 2582 5069 2972 5134; x_wconf 87' lang='lat' dir='ltr'><strong>Orodiensis</strong></span> <span class='ocrx_word' id='word_1_312' title='bbox 3031 5071 3174 5131; x_wconf 90' lang='lat' dir='ltr'><strong>aule</strong></span> <span class='ocrx_word' id='word_1_313' title='bbox 3235 5087 3452 5132; x_wconf 89' lang='lat' dir='ltr'><strong>nostre</strong></span> 
     </span>
    </p>
   </div>
  </div>
 </body>
</html>
