3797 5795
1510 386 1773 452 -209
1835 424 1914 432 -

362 576 508 637 dicti
556 577 796 638 ordinis
841 580 1037 639 sancti
1072 576 1371 640 Damiani
1420 577 1907 638 misericorditer
1937 578 2292 658 prouidere,
2339 578 2832 641 disserecionem
2881 591 3063 640 tuam

361 689 445 750 fili
500 691 809 772 generalis
877 693 1163 753 minister
1224 709 1527 772 rogamus
1572 700 1634 751 et
1682 691 2012 753 hortamur
2071 702 2334 766 attente,
2379 711 2493 771 per
2552 693 2904 772 apostolica
2951 693 3064 754 tibi

363 805 593 882 scripta
641 803 1038 878 mandantes,
1080 807 1377 882 quatinus
1417 822 1617 884 usque
1648 804 1733 866 ad
1771 807 2070 885 generale
2115 806 2466 884 capitulum
2498 807 2589 866 tui
2637 805 2876 867 ordinis
2920 826 3066 886 pro-

366 919 547 977 ximo
592 916 1049 979 celebrandum
1086 916 1335 996 aliquos
1366 917 1449 978 de
1480 917 1773 979 fratribus
1818 919 1941 979 tuis
1985 921 2207 997 reponi
2256 918 2492 980 faciens
2537 921 2600 979 in
2653 921 3072 993 monasteriiS,

364 1032 429 1090 in
494 1031 727 1108 quibus
796 1041 1087 1110 tempore
1147 1031 1509 1110 supradicte
1554 1033 2026 1093 commissionis
2072 1032 2237 1093 facte
2284 1032 2458 1093 dicto
2505 1035 2812 1112 episcopo
2862 1051 3072 1093 mora-

367 1142 613 1218 bantur,
676 1143 815 1204 illos
860 1147 965 1224 qui
1015 1144 1226 1206 adhuc
1274 1154 1604 1205 morantur
1650 1148 1714 1205 in
1760 1147 1912 1224 ipsis
1957 1146 2356 1206 monasteriis
2418 1164 2618 1224 usque
2676 1157 2829 1207 tunc
2875 1147 3073 1208 libere

368 1257 648 1318 dimittas
678 1256 919 1318 ibidem
952 1257 1053 1318 uel
1085 1257 1243 1318 alios
1275 1257 1423 1318 loco
1456 1260 1739 1336 ipsorum
1785 1257 2078 1318 substitui
2125 1258 2338 1332 faciaS,
2367 1266 2556 1336 prout
2591 1258 2823 1320 uideris
2870 1279 3068 1338 expe—

368 1369 525 1443 dire;
548 1369 798 1449 aliquos
821 1389 975 1431 uero
1002 1369 1193 1431 facias
1218 1369 1509 1449 deputari
1532 1370 1618 1432 ad
1643 1370 2132 1431 ministrandum
2163 1367 2528 1453 prefactis(l)
2561 1375 2850 1450 personis
2882 1372 3067 1433 huius

371 1481 787 1562 (monasterii)
820 1493 1235 1557 sacramenta,
1268 1484 1501 1563 quibus
1547 1483 1830 1545 eiusdem
1880 1483 2120 1545 ordinis
2165 1483 2385 1544 fratres
2431 1482 2534 1545 illa
2565 1485 2700 1545 sine
2745 1484 3072 1546 cohabita-

368 1599 543 1657 tione
576 1606 930 1658 memorate
962 1598 1431 1658 commissionis
1468 1607 1761 1675 tempore
1788 1597 2250 1670 ministrabant,
2281 1598 2368 1657 ita
2399 1607 2635 1670 tamen,
2667 1599 2718 1658 si
2749 1598 3072 1658 abbatisse

370 1722 432 1771 et
487 1721 843 1771 conuentus
892 1711 1424 1770 monasteriorum
1487 1710 1865 1771 eorumdem
1917 1711 1980 1770 in
2035 1709 2267 1789 quibus
2315 1709 2508 1770 iidem
2555 1710 2778 1771 fratres
2824 1713 2986 1772 iusta
3007 1708 3072 1793 (l)

374 1823 557 1884 huius
588 1822 869 1884 mandati
919 1825 1113 1884 nostri
1160 1833 1449 1884 tenorem
1498 1823 1582 1884 ad
1614 1822 2004 1884 morandum
2036 1822 2140 1883 uel
2171 1822 2662 1884 ministrandum
2696 1823 3073 1902 reponendi,

376 1935 709 1997 dimitendi
769 1935 869 1997 uel
915 1935 1265 2015 deputandi
1313 1936 1560 2010 fuerint,
1606 1938 1777 2014 prius
1816 1935 2111 1996 dederint
2157 1935 2398 1997 litteras
2440 1955 2586 1998 suas
2630 1948 2926 2016 patentes
2973 1939 3078 2000 uel

374 2049 627 2128 publica
694 2051 1131 2122 instrumenta,
1199 2051 1261 2109 in
1333 2048 1565 2128 quibus
1630 2059 1879 2130 gratam
1942 2058 2006 2110 et
2068 2059 2272 2110 ratam
2337 2068 2406 2110 se
2466 2050 2784 2112 fateantur
2843 2051 3078 2112 habere

374 2163 646 2224 formam
713 2162 1146 2234 ordinationiS,
1214 2163 1611 2240 prouisioniS,
1677 2161 1914 2223 decreti
1983 2171 2046 2222 et
2108 2163 2342 2236 statuti,
2388 2181 2516 2241 que
2561 2164 2624 2222 in
2673 2164 3075 2242 presentibus

372 2278 733 2338 continetur
778 2287 842 2336 et
896 2287 1209 2355 quantum
1270 2277 1333 2335 in
1396 2277 1485 2336 eis
1544 2285 1641 2336 est
1706 2278 1908 2353 ipsam
1969 2273 2302 2348 ratificent',
2369 2286 2704 2354 acceptent
2767 2285 2829 2337 et
2876 2277 3079 2337 eciam

373 2390 733 2468 approbent
796 2391 1127 2467 ipsamque
1188 2406 1443 2448 suarum
1506 2388 1853 2449 litterarum
1903 2387 2006 2448 uel
2049 2387 2452 2468 publicorum
2516 2391 3079 2450 instrumentorum

375 2515 597 2563 tenore
642 2504 993 2580 promitant
1052 2503 1375 2580 perpetuis
1440 2502 1835 2580 temporibus
1883 2501 2243 2575 obseruare,
2290 2519 2410 2562 nec
2456 2519 2784 2580 nunquam
2831 2513 3082 2563 contra-

377 2617 607 2690 uenire‚
653 2617 1051 2694 presencium
1099 2615 1257 2676 serie
1304 2614 1387 2674 de
1434 2615 1633 2676 uerbo
1678 2614 1761 2674 ad
1807 2614 2078 2674 uerbum
2125 2616 2275 2693 ipsis
2315 2614 2684 2693 patentibus
2730 2614 2950 2676 litteris
2981 2616 3083 2676 uel

378 2731 811 2790 instrumentis
840 2728 1109 2807 publicis
1141 2731 1507 2800 inserenteS,
1525 2727 1608 2788 ad
1632 2724 1885 2809 huius(!)
1905 2739 2120 2788 autem
2149 2729 2535 2787 monasteria
2569 2746 2695 2805 que
2727 2730 2816 2788 sic
2847 2728 3086 2788 litteras

376 2844 475 2905 uel
525 2845 944 2905 instrumenta
992 2840 1283 2902 dederint
1332 2841 1640 2915 visitandi,
1703 2840 1974 2921 deputes
2021 2860 2104 2901 ex
2153 2840 2450 2902 fratribus
2496 2843 2585 2901 tui
2633 2840 2871 2902 ordinis
2919 2843 3086 2903 viros

375 2956 687 3035 ydoneOS,
735 2958 842 3035 qui
888 2950 1311 3035 prefactum(!)
1347 2954 1637 3014 ordinem
1686 2955 1889 3015 sancti
1913 2953 2211 3015 Damiani
2246 2973 2446 3035 usque
2477 2953 2562 3015 ad
2594 2954 2835 3015 dictum
2868 2956 3087 3034 proxi-

377 3088 556 3132 mum
602 3069 949 3149 capitulum
981 3069 1232 3128 visitent
1264 3070 1638 3129 auctoritate
1684 3069 1967 3147 episcopi
2013 3068 2355 3147 supradicti
2388 3068 2743 3128 secundum
2789 3067 3088 3142 formam,

376 3200 575 3261 quam
620 3183 769 3259 ipsis
816 3182 1244 3243 uisitatoribus
1290 3184 1672 3263 contingerit
1702 3200 1817 3260 per
1847 3181 2133 3242 eiusdem
2181 3183 2462 3260 episcopi
2521 3180 2758 3241 litteras
2801 3179 3087 3241 exhiberi

377 3298 703 3374 utriusque
749 3294 988 3356 ordinis
1019 3293 1325 3355 decencia
1356 3305 1420 3354 et
1453 3294 1785 3356 honestate
1817 3305 2086 3367 seruata,
2117 3297 2202 3354 ita
2227 3304 2463 3367 tamen,
2487 3291 2665 3371 quod
2697 3290 3082 3375 prefactus(!)

377 3411 717 3487 episcopus
786 3406 1026 3467 nullam
1090 3427 1173 3468 ex
1220 3410 1445 3487 quauis
1490 3426 1679 3468 causa
1726 3406 2197 3468 iurisdicionem
2225 3403 2289 3488 (1)
2339 3405 2571 3466 habeat
2619 3408 2682 3466 in
2731 3405 3086 3465 uisitatores

380 3521 668 3596 eosdem,
708 3539 921 3599 neque
952 3523 1013 3580 in
1048 3522 1205 3581 alios
1238 3520 1459 3581 fratres
1505 3523 1609 3599 qui
1660 3522 1723 3580 in
1756 3522 1906 3599 ipsis
1952 3520 2351 3579 monasteriis
2399 3518 2830 3593 morabantur,
2881 3537 3092 3597 neque

386 3639 450 3695 in
515 3634 653 3695 illos
721 3635 823 3711 qui
901 3634 1129 3694 eadem
1208 3644 1607 3695 sacramenta
1683 3634 2082 3693 monasteriis
2146 3632 2444 3711 prefactis
2519 3632 2718 3691 sancti
2794 3630 3094 3692 Damiani

382 3748 623 3809 ordinis
671 3748 1135 3807 ministrabunt.
1184 3746 1323 3807 Nos
1353 3756 1570 3807 autem
1604 3745 1686 3806 de
1718 3745 1981 3807 fratrum
2016 3754 2380 3806 nostrorum
2415 3742 2705 3827 cosilio(!)
2741 3754 2802 3804 et
2835 3763 3096 3805 assensu

382 3861 771 3934 ordinamus
819 3860 1160 3934 difinimuS,
1206 3879 1281 3920 ac
1328 3862 1528 3920 eciam
1579 3860 1981 3921 decernimus
2025 3867 2395 3931 statuenteS,
2434 3856 2612 3937 quod
2658 3859 2707 3918 si
2755 3876 2957 3937 usque
3012 3857 3095 3917 ad

385 3975 629 4035 dictum
676 3973 1025 4053 capitulum
1085 3972 1381 4055 generale
1428 3973 1530 4033 uel
1578 3975 1639 4032 in
1688 3974 1827 4051 ipso
1874 3970 2154 4051 capitulo
2215 3970 2560 4031 concordia
2621 3988 2810 4048 super
2875 3988 3094 4030 mona-

384 4091 589 4149 steriis
637 4083 884 4167 huius(!)
948 4086 1372 4165 inpendendis
1418 4086 1499 4147 de
1546 4086 1875 4146 communi
1923 4102 2184 4145 assensu
2228 4085 2514 4162 parcium
2563 4100 2694 4142 non
2727 4085 3094 4161 prouenerit

384 4206 552 4263 inter
606 4201 863 4262 ordines
922 4198 1337 4279 supradictos,
1392 4219 1476 4259 ex
1521 4210 1674 4259 tunc
1735 4197 1900 4258 ordo
1961 4197 2280 4257 dictorum
2341 4196 2602 4257 fratrum
2667 4195 2985 4255 minorum
3035 4206 3099 4254 et

384 4318 504 4395 ipsi
561 4313 779 4375 fratres
838 4315 888 4373 si
950 4313 1281 4383 uoluerint,
1342 4314 1547 4391 ipsum
1611 4311 1960 4389 capitulum
2021 4309 2318 4391 generale
2378 4328 2456 4369 eo
2505 4311 2662 4387 ipSO,
2729 4306 2906 4387 quod
2975 4307 3099 4367 hoc

386 4429 659 4489 uoluerit
704 4446 816 4488 seu
863 4444 1042 4487 suam
1088 4442 1282 4503 super
1323 4425 1446 4484 hoc
1490 4426 1868 4502 expresserit
1917 4422 2335 4495 uoluntatem,
2377 4441 2412 4481 a
2446 4420 2744 4499 predictis
2775 4419 3102 4480 cohabita-

388 4545 583 4615 tione,
644 4542 1016 4613 visitatione,
1078 4540 1427 4601 ministerio
1496 4539 1803 4614 omnique
1850 4555 2044 4597 onere
2091 4535 2232 4608 ali0,
2279 4533 2494 4614 quoad
2541 4532 2829 4612 predicta
2876 4550 3102 4593 mona—

386 4657 579 4716 steria
625 4664 689 4715 et
735 4671 1040 4732 personas
1085 4652 1394 4733 degentes
1441 4652 1504 4711 in
1551 4654 1639 4710 eis
1670 4652 1792 4711 sint
1839 4649 2013 4710 liberi
2062 4648 2318 4727 penitus
2362 4658 2426 4707 et
2473 4648 2788 4708 immunes
2820 4657 2882 4706 et
2917 4645 3096 4726 quod

387 4788 504 4849 per
550 4767 779 4829 eadem
828 4766 1210 4827 monasteria
1242 4763 1343 4825 uel
1376 4782 1682 4843 personas
1727 4766 2031 4841 ipsorum,
2061 4760 2166 4822 uel
2197 4777 2640 4839 quoscumque
2685 4758 2845 4818 alios
2879 4776 3104 4819 eorum

391 4883 657 4942 nomine
724 4882 859 4941 siue
924 4899 1043 4958 pro
1113 4880 1201 4939 eis
1270 4872 1621 4957 pretestuo)
1682 4876 2136 4954 obsequiorum
2185 4872 2618 4935 exhibitorum
2665 4871 2908 4933 eisdem
2985 4883 3095 4932 aut

389 4996 759 5067 litterarum,
826 4992 1374 5074 indulgenciarum
1436 4990 1537 5051 uel
1599 4988 2070 5069 priuilegiorum
2141 4989 2289 5065 ipsis
2350 4986 2750 5046 monasteriis
2817 4984 2919 5045 uel
2967 4983 3106 5044 aliis

388 5107 903 5187 quibuscumque
971 5107 1259 5183 personis
1318 5104 1437 5165 sub
1499 5122 1883 5181 quacunque
1950 5101 2156 5162 forma
2217 5120 2256 5161 a
2319 5099 2473 5160 sede
2543 5097 2895 5177 apostolica
2959 5115 3110 5157 con—

485 5240 630 5282 con.
666 5238 830 5279 nn’L.
864 5238 923 5280 v.
2940 5211 3024 5275 14
