3797 5795
1870 369 1949 378 ·—
2003 333 2131 397 248
2193 369 2276 377 -—

718 519 1225 584 Sibenicensium
1269 526 1469 602 possit
1499 542 1649 584 cum
1696 523 1951 586 duobus
1984 524 2081 586 vel
2115 525 2311 586 tribus
2356 526 2540 586 sociis
2584 527 2672 586 ire
2718 536 2782 585 et
2825 526 3118 604 accipere
3163 534 3420 585 tantum

718 634 801 694 de
847 634 1063 696 bestiis
1108 635 1395 718 Tragurii
1442 647 1507 697 et
1553 656 1590 697 e
1634 656 1944 698 converso
2005 637 2458 720 Tragurienses
2502 637 2737 699 faciant
2782 637 2866 697 de
2910 636 3128 699 bestiis
3174 634 3421 699 Sibeni-

719 747 1015 809 censibus
1061 759 1124 809 et
1180 748 1426 811 illorum
1493 753 1924 812 communitas
1971 753 2076 830 qui
2138 761 2524 830 acceperunt
2582 750 2862 830 prefatas
2907 750 3161 824 bestias,
3221 748 3424 810 solvet

720 858 838 920 illis
883 879 1158 939 quorum
1219 862 1448 922 suerint
1510 863 1710 924 bestie
1764 883 1882 943 pro
1931 864 2192 946 singulis
2253 863 2452 924 tribus
2513 864 2813 924 arietibus
2871 861 3114 924 solidos
3157 861 3262 936 40,
3305 881 3423 942 pro

717 990 908 1050 capra
963 973 1048 1038 20
1106 974 1364 1050 solidOS,
1427 995 1544 1054 pro
1604 995 1757 1054 yrco
1819 977 1904 1040 30
1964 976 2218 1038 solidos.
2265 977 2348 1038 Et
2409 980 2455 1038 si
2505 979 2755 1056 questio
2800 976 3010 1057 aliqua
3075 979 3415 1036 occasione

719 1086 1032 1146 dictarum
1092 1087 1435 1149 bestiarum
1500 1100 1678 1151 mota
1723 1089 1928 1164 suerit,
1971 1090 2131 1151 fides
2177 1090 2362 1151 detur
2407 1093 2746 1168 capitaneo
2791 1108 2940 1150 cum
2985 1090 3173 1149 sociis
3219 1087 3416 1148 dictis.

720 1197 786 1259 Si
837 1217 985 1259 vero
1031 1200 1243 1278 aliqua
1269 1201 1559 1280 specialis
1586 1221 1863 1281 persona
1909 1205 2226 1282 acceperit
2256 1203 2538 1283 aliquam
2588 1203 2880 1280 bestiam,
2923 1221 3041 1281 pro
3085 1203 3280 1262 ariete
3323 1201 3418 1261 vel

721 1313 821 1372 ovi
868 1312 1072 1373 solvat
1118 1313 1201 1376 20
1232 1315 1487 1388 solidos,
1518 1334 1635 1394 pro
1682 1335 1873 1394 capra
1906 1315 1991 1379 30
2021 1316 2276 1390 solidos,
2319 1336 2436 1395 pro
2467 1335 2624 1394 yrco
2669 1315 2756 1379 40
2787 1315 3044 1389 solidos,
3080 1334 3201 1394 pro
3245 1333 3410 1396 agno

722 1424 819 1484 vel
869 1436 1157 1503 capt-etto
1204 1425 1283 1489 10
1328 1428 1583 1490 solidos,
1630 1428 1714 1490 Et
1760 1448 1878 1507 pro
1925 1447 2055 1492 uno
2102 1428 2185 1490 de
2229 1430 2519 1490 ultraneo
2565 1430 2732 1490 casei
2777 1429 2819 1492 5
2865 1428 3108 1490 solidos
3154 1437 3218 1488 et
3263 1427 3416 1489 fides

722 1539 785 1596 in
820 1537 941 1598 hoc
970 1537 1345 1600 adhibeatur
1367 1544 1625 1619 pastori,
1649 1543 1700 1602 si
1734 1545 1984 1620 questio
2016 1543 2200 1604 fuerit
2231 1543 2397 1604 inde.
2435 1543 2596 1603 Item
2628 1545 2678 1602 si
2711 1542 2934 1618 aliquis
2959 1541 3044 1602 de
3068 1539 3416 1614 Sclavonia‚

722 1649 957 1712 scilicet
1002 1651 1087 1714 de
1131 1671 1331 1734 regno
1367 1654 1664 1735 Ungarie,
1708 1655 1893 1715 fuerit
1941 1657 2232 1716 inimicus
2276 1655 2583 1737 Tragurii,
2629 1674 2743 1733 per
2775 1664 3248 1716 sacramentum
3295 1672 3416 1731 quo

722 1772 1016 1825 tenemur
1076 1784 1216 1826 esse
1277 1777 1339 1827 et
1404 1785 1523 1828 nos
1583 1766 2028 1829 Sibenicenses
2090 1769 2470 1829 habebimus
2538 1769 2863 1828 inimicum
2923 1776 2988 1828 et
3033 1785 3070 1826 e
3115 1784 3418 1827 converso

725 1875 1107 1958 Tragurium
1142 1879 1467 1941 tenebunt.
1500 1879 1583 1942 Et
1614 1883 1665 1940 si
1696 1879 1962 1959 aliquod
1995 1880 2306 1942 damnum
2337 1881 2521 1942 vobis
2567 1880 2842 1942 intulerit
2875 1889 2938 1940 et
2969 1880 3157 1940 nobis
3201 1888 3416 1939 notum

722 2009 835 2068 per
893 1993 1195 2052 nuncium
1258 1995 1355 2054 vel
1417 1996 1695 2055 extiterit
1756 1993 1840 2055 ad
1898 1997 2448 2074 recuperationem
2521 1995 2738 2054 damni
2801 1994 2969 2068 dicti,
3014 1993 3317 2054 auxilium
3361 2002 3420 2052 et

722 2104 1055 2166 consilium
1103 2107 1255 2166 totis
1302 2106 1535 2168 viribus
1582 2107 1751 2167 velut
1796 2108 2068 2186 propriis
2113 2109 2385 2190 negotiis
2431 2110 2662 2168 nostris
2719 2108 3080 2168 tenebimur
3123 2105 3420 2166 exhibere

723 2225 784 2276 et
832 2215 1087 2290 litteras,
1154 2218 1252 2278 vel
1315 2212 1608 2280 n'untium
1678 2221 1763 2282 ad
1830 2221 2169 2281 dominum
2241 2231 2532 2282 nostrum
2599 2237 2836 2302 regem,
2881 2220 2984 2281 vel
3041 2219 3125 2279 ad
3187 2219 3418 2278 banum

722 2328 1041 2391 destinare
1088 2343 1151 2391 et
1196 2351 1233 2392 e
1280 2350 1589 2394 converso
1650 2332 2105 2416 Tragurienses
2162 2343 2502 2394 teneantur
2561 2333 2768 2394 facere
2811 2333 2966 2394 illud
3013 2333 3204 2394 idem.
3265 2331 3418 2392 Item

724 2446 775 2502 si
824 2446 965 2522 quis
1010 2455 1228 2523 pastor
1272 2444 1697 2508 Sibenicensis
1750 2466 1901 2508 cum
1963 2449 2188 2509 ovibus
2248 2447 2601 2508 destrueret
2669 2447 2938 2508 bladum
3000 2465 3116 2507 seu
3175 2447 3420 2504 vineam

726 2555 1261 2638 Traguriensium‚
1308 2560 1517 2620 veniat
1586 2560 1887 2621 dominus
1954 2560 2128 2622 bladi
2197 2579 2310 2621 seu
2369 2562 2554 2621 vinee
2615 2559 2982 2622 Sibenicum
3047 2570 3114 2620 et
3157 2559 3416 2637 accipiat

727 2668 1019 2731 homines
1064 2670 1147 2732 de
1192 2675 1361 2732 curia
1423 2673 1557 2750 ipsa
1605 2683 1667 2733 et
1718 2674 1946 2747 videat,
2008 2684 2320 2752 quantum
2367 2674 2674 2734 damnum
2745 2674 2984 2734 sactum
3032 2682 3160 2746 est;
3203 2683 3420 2750 postea

725 2781 929 2843 solvat
976 2783 1284 2846 damnum
1354 2789 1596 2867 integre
1654 2786 1923 2847 domino
1969 2799 2034 2847 et
2081 2786 2320 2866 reliqua
2365 2806 2482 2865 pro
2530 2788 2746 2847 banno
2809 2786 3014 2846 solvat
3059 2783 3146 2847 20
3190 2784 3420 2845 solidos

727 2897 841 2974 ipsi
889 2899 1155 2959 domino
1201 2902 1302 2960 cui
1347 2900 1531 2961 fuerit
1579 2900 1887 2960 damnum
1936 2900 2159 2960 datum
2207 2911 2268 2960 et
2316 2920 2353 2961 e
2398 2919 2708 2961 converso
2756 2897 2838 2961 de
2883 2910 3140 2977 pastore
3185 2897 3420 2979 Tragu-

725 3012 910 3072 riensi
945 3011 1314 3072 observetur
1344 3014 1391 3073 si
1426 3013 1739 3073 damnum
1772 3012 1957 3074 fuerit
1989 3016 2052 3073 in
2084 3013 2299 3087 blado,
2335 3014 2429 3074 vel
2463 3015 2642 3073 vinea
2676 3011 3204 3083 Sibenicensium‚
3233 3022 3416 3089 prout

726 3124 968 3184 dictum
1015 3136 1127 3185 est.
1190 3127 1480 3187 Preterea
1526 3128 1575 3186 si
1622 3127 1832 3201 alique
1898 3128 2376 3207 pignorationes
2437 3125 2584 3185 hinc
2629 3125 2779 3186 inde
2826 3125 2951 3185 huc
3011 3142 3214 3202 usque
3261 3123 3418 3183 facte

726 3236 957 3297 fuerint
1002 3246 1066 3297 et
1111 3238 1368 3317 probari
1435 3249 1753 3317 poterunt,
1822 3242 2245 3311 restituantur,
2306 3239 2478 3299 salva
2524 3248 2740 3298 tamen
2806 3240 3053 3297 ratione
3098 3236 3260 3297 illius
3317 3238 3415 3315 qui

727 3352 992 3430 pignora
1042 3350 1348 3423 babebat;
1394 3370 1519 3430 que
1567 3352 1827 3429 quidem
1875 3353 2092 3411 omnia
2139 3360 2202 3411 et
2249 3351 2494 3432 singula
2542 3352 2983 3429 suprascripta,
3028 3359 3100 3411 ut
3145 3350 3422 3427 superius

728 3465 1104 3536 continetur,
1152 3482 1269 3524 nos
1314 3475 1613 3542 potesta5‚
1662 3465 1898 3525 iudices
1945 3476 2008 3524 et
2055 3465 2389 3525 consiliarii
2433 3463 2655 3542 prefati
2690 3462 3118 3525 Sibenicensis
3163 3463 3420 3521 civitatis

730 3594 856 3636 una
902 3595 1048 3636 cum
1097 3576 1378 3655 pluribus
1424 3578 1506 3637 de
1552 3576 1724 3638 dicto
1785 3577 2187 3656 parlamento
2233 3580 2509 3637 iurantes
2571 3579 3002 3655 promittimus
3049 3594 3167 3654 pro
3212 3585 3420 3636 nostra

626 3702 629 3705 ’
725 3692 1188 3751 communitate
1234 3700 1297 3750 et
1342 3691 1655 3768 corporali
1719 3704 2120 3751 sacramento
2167 3689 2249 3750 ad
2297 3699 2514 3751 sancta
2561 3689 2660 3750 dei
2710 3689 3037 3771 evangelia
3085 3690 3422 3749 iuravimus

725 3802 909 3862 dictis
954 3803 1460 3865 ambasatoribus
1505 3824 1622 3882 pro
1670 3806 2062 3864 comunitate
2132 3804 2418 3884 Tragurii
2481 3804 2760 3881 recipere
2802 3821 2918 3882 per
2963 3820 3030 3862 se
3077 3812 3140 3861 et
3188 3803 3422 3879 integre

723 3916 1063 3976 observare
1131 3928 1324 3997 atque
1370 3916 1551 3977 firma
1598 3928 1833 3978 tenere.
1884 3917 1966 3977 Et
2015 3918 2099 3976 ita
2147 3919 2341 3977 etiam
2403 3918 2586 3977 iurari
2648 3915 2914 3975 fecimus
2970 3933 3160 3993 super
3219 3914 3426 3973 anima

724 4030 919 4087 totius
966 4040 1181 4090 nostre
1243 4030 1410 4090 dicte
1473 4032 1879 4091 comunitatis
1945 4049 2290 4108 preconem
2354 4042 2661 4089 nostrum.
2721 4026 2962 4088 Actum
3027 4038 3120 4087 est
3185 4026 3309 4086 hoc
3365 4038 3424 4085 et

726 4140 1047 4201 firmatum
1116 4152 1264 4203 ante
1332 4143 1666 4203 ecclesiam
1735 4144 1933 4203 sancti
1997 4142 2218 4222 Jacobi
2285 4162 2323 4202 a
2391 4141 2648 4220 publico
2717 4140 3118 4220 parlamento
3187 4139 3426 4218 prefate

725 4255 991 4315 civitatis
1066 4256 1429 4316 coadunato
1490 4275 1709 4317 coram
1772 4255 1887 4315 hiis
1956 4256 2222 4316 testibus
2296 4254 2796 4316 subscribendis:
2859 4272 2958 4313 ser
3004 4251 3290 4334 Dragoio
3335 4250 3426 4313 Si-

728 4370 915 4436 naita,
965 4366 1202 4450 Nigero
1249 4369 1520 4443 Bastine‚
1589 4369 1978 4450 Dragovano
2027 4368 2356 4440 Bobori20‚
2418 4367 2610 4429 Mirsa
2656 4367 2738 4428 de
2783 4365 3065 4440 Auzana,
3115 4362 3426 4447 Gregorio

725 4480 808 4540 de
858 4478 1126 4543 Curtisia
1172 4492 1233 4542 et
1280 4482 1413 4542 aliis
1459 4482 1759 4562 pluribus
1808 4482 1950 4563 Ego
1997 4480 2262 4542 Dobren
2323 4483 2605 4541 examini
2653 4482 2838 4541 mitto
2887 4498 3156 4541 manum
3221 4496 3426 4539 meam

727 4605 789 4653 et
836 4614 959 4676 ego
1006 4598 1305 4676 magister
1352 4596 1573 4656 Petrus
1618 4594 1880 4655 clericus
1927 4594 2354 4657 Sibenicensis
2413 4596 2822 4654 comunitatis
2867 4594 3104 4653 iuratus
3151 4594 3428 4652 notarius

727 4708 845 4768 hiis
890 4707 1141 4769 interfui
1188 4718 1251 4768 et
1298 4708 1380 4767 de
1426 4708 1755 4768 voluntate
1815 4706 1962 4767 dicti
2027 4708 2378 4786 potestatiS,
2428 4706 2665 4780 iudiciS,
2710 4705 2969 4777 consilii,
3027 4723 3145 4765 nec
3192 4723 3322 4765 non
3367 4713 3427 4763 et

726 4821 921 4881 totius
965 4821 1231 4881 civitatis
1276 4820 1520 4899 prefate
1564 4830 1824 4901 rogatus
1868 4824 2084 4899 scripsi
2132 4834 2195 4880 et
2243 4822 2367 4880 mei
2415 4822 2574 4900 signi
2621 4819 2990 4879 muniminis
3008 4815 3072 4899 (ἔ)
3121 4818 3426 4878 roboravi.

902 4944 1137 5002 Lucius
1180 4946 1481 5003 Memorie
1526 4946 1597 5002 di
1645 4946 1701 5002 Τ
1692 4946 1811 5002 ναὴ
1854 4948 2114 5001 78—79.
2171 4946 2518 5017 Fragment
2546 4943 2824 5019 priopc‘io
2871 4942 3062 5017 Feje‘r
3114 4940 3254 4999 cod.
3286 4940 3426 5017 dtpl.

730 5051 941 5121 llung.
1008 5050 1137 5108 VII.
1200 5047 1317 5108 vol.
1371 5054 1425 5104 4.
1476 5052 1734 5106 127—4.
1782 5083 1865 5091 -—-
1929 5050 2172 5107 Wenzel
2235 5050 2375 5107 cod.
2440 5048 2591 5124 dipl.
2650 5048 2793 5123 Arp.
2855 5055 3008 5105 cont.
3069 5047 3185 5103 vol.
3267 5046 3425 5105 VIII.

736 5156 953 5209 δι’-Γ).
1006 5151 1110 5232 (po
1156 5153 1427 5229 Luciju).
1480 5188 1564 5195 -—
1610 5153 1987 5228 Kukuljevic'
2023 5155 2175 5227 leeg.
2225 5174 2317 5210 no.
2375 5156 2510 5211 337.
