3797 5795
1811 418 1900 428 -—
1957 384 2226 446 432—

663 597 905 659 Datum
973 597 1317 680 Zagrabiae
1385 598 1537 660 feria
1604 602 1826 678 quinta
1886 613 2038 661 ante
2107 600 2338 662 festum
2400 611 2828 679 pentecosteS,
2888 619 3062 660 anno
3128 599 3381 658 domini

666 707 992 774 MCCLX.
1026 710 1174 772 VII.

852 904 1149 979 Ortgt'nal
1172 924 1213 961 u
1242 925 1391 962 zem.
1439 908 1678 980 muzeju
1712 925 1752 964 u
1793 906 2068 965 Celovcu.
2128 891 2325 966 Cetiri
2347 911 2570 982 pec'ata
2603 906 2735 962 vise
2765 925 2849 963 na
2875 904 3378 981 pergamenskim

664 1028 979 1067 vrvcama.

841 1113 1079 1180 Jaksclz
1138 1115 1304 1172 Mon.
1363 1114 1503 1170 hist.
1570 1115 1836 1172 ducatus
1905 1114 2270 1172 Cart‘nthiae
2340 1117 2541 1170 126—
2551 1117 2603 1171 7.
2655 1145 2736 1156 -
2783 1112 3160 1190 Kukub'evic‘
3214 1113 3376 1186 Reg.

668 1237 763 1274 na.
817 1220 956 1273 932.

1924 1509 2117 1588 903.

665 1702 865 1781 1267,
912 1701 976 1766 9.
1013 1649 1228 1783 junass
1267 1701 1326 1766 U
1371 1700 1668 1768 Viterbi.

666 1890 991 1952 Klement
1032 1889 1161 1952 IV.
1205 1898 1386 1975 papa
1416 1891 1652 1953 nalaie
1696 1889 2134 1974 nadbt‘skupu
2179 1890 2596 1962 zadarskom,
2647 1892 2736 1953 da
2785 1911 2968 1952 uzme
3019 1911 3067 1952 u
3114 1889 3373 1953 zas‘tilu

1536 2010 1887 2066 samostan
1933 2025 2032 2069 sv.
2079 2001 2486 2066 Domz'm'ka.

838 2193 1137 2258 Clemens
1182 2197 1520 2274 episcopus
1565 2215 1782 2257 seruus
1842 2214 2173 2257 seruorum
2222 2195 2325 2255 dei
2370 2195 2716 2256 venerabili
2765 2195 2928 2256 fratri
2959 2193 3372 2276 (Laurentio)

663 2307 1140 2387 archiepiscopo
1180 2307 1463 2387 Jadrensi
1518 2309 1789 2369 salutem
1846 2318 1908 2369 et
1964 2307 2384 2386 apostolicam
2432 2307 2965 2370 benedictionem.
3039 2307 3177 2370 Sub
3233 2308 3373 2368 reli-

662 2422 866 2500 gionis
911 2419 1132 2481 habitu
1176 2421 1550 2482 uacantibus
1596 2422 1807 2482 studio
1863 2425 1965 2500 pie
2017 2423 2145 2481 uite
2192 2423 2277 2480 ita
2323 2420 2636 2481 debemus
2683 2439 2820 2480 esse
2865 2422 3141 2500 propitii,
3187 2431 3262 2482 ut
3309 2421 3371 2480 in

663 2532 893 2593 diuinis
916 2533 1329 2612 beneplacitis
1358 2534 1755 2614 exequendis
1786 2533 2216 2615 malignorum
2249 2551 2379 2592 non
2403 2535 2649 2611 possint
2676 2533 3023 2594 obstaculis
3049 2533 3367 2613 impediri.

664 2642 826 2707 Cum
873 2649 1085 2726 itaque
1132 2646 1343 2707 dilecti
1389 2646 1496 2707 filii
1546 2695 1556 2706 .
1606 2699 1619 2710 .
1670 2695 1681 2706 .
1729 2649 1901 2725 prior
1931 2657 1995 2707 et
2029 2645 2249 2707 fratres
2295 2645 2534 2706 ordinis
2584 2646 3060 2706 Predicatorum
3101 2645 3370 2725 Jadren-

663 2760 843 2832 sium,
888 2778 925 2818 a
966 2758 1287 2820 nonnullis
1334 2762 1437 2838 qui
1489 2778 1727 2820 nomen
1773 2759 2020 2820 domini
2068 2762 2130 2819 in
2179 2777 2454 2827 uacuum
2501 2761 2782 2837 recipere
2829 2778 2958 2818 non
3006 2760 3379 2832 formidant,

660 2889 887 2951 graues
929 2873 1089 2933 sicut
1134 2875 1499 2951 accepimus
1544 2873 1862 2952 patiantur
1913 2871 2237 2933 molestias
2269 2882 2332 2932 et
2364 2889 2705 2951 pressuras,
2737 2889 2856 2931 nos
2887 2890 3112 2932 eorum
3159 2875 3376 2951 proui-

662 2984 815 3045 dere
861 2988 1053 3065 quieti
1103 2996 1167 3045 et
1216 2985 1702 3067 malignantium
1750 2986 2004 3046 malitiis
2036 2986 2297 3046 obuiare
2345 2984 2652 3059 uolentes,
2699 2985 3070 3045 fraternitati
3104 2996 3212 3046 tue
3263 3006 3378 3065 per

658 3098 1010 3175 apostolica
1079 3098 1312 3176 scripta
1382 3098 1779 3171 mandamuS,
1826 3100 2128 3177 quatinus
2190 3097 2452 3159 eosdem
2515 3100 2794 3176 priorem
2857 3108 2920 3158 et
2982 3097 3204 3157 fratres
3254 3118 3372 3177 pro

664 3210 880 3271 diuina
925 3220 989 3271 et
1036 3220 1251 3270 nostra
1310 3213 1662 3271 reuerentia
1724 3200 1958 3272 fauoris
2019 3212 2317 3290 oportuni
2380 3210 2658 3288 presidio
2721 3210 3175 3289 prosequendo
3242 3230 3372 3271 non

663 3326 997 3400 permittas
1059 3326 1231 3401 ipsos
1299 3333 1520 3383 contra
1585 3324 1827 3384 indulta
1890 3323 2360 3405 priuilegiorum
2411 3324 2578 3383 sedis
2625 3322 2978 3401 apostolice
3024 3324 3107 3382 ab
3153 3323 3373 3402 aliquo

662 3434 948 3496 indebite
996 3436 1336 3509 molestari,
1399 3436 1842 3497 molestatores
1905 3436 2265 3497 huiusmodi
2316 3455 2428 3514 per
2475 3454 2810 3496 censuram
2874 3436 3370 3497 ecclesiasticam

661 3548 1095 3626 appellatione
1140 3550 1497 3627 postposita
1544 3549 2021 3628 compescendo
2069 3552 2370 3610 attentius
2418 3550 2801 3627 prouisurUS,
2835 3566 2916 3607 ne
2957 3548 3038 3609 de
3085 3547 3202 3609 hiis
3250 3568 3374 3626 que

662 3687 857 3731 cause
916 3672 1350 3752 cognitionem
1420 3674 1703 3753 exigunt,
1764 3670 1865 3732 uel
1917 3690 2042 3749 que
2104 3670 2348 3732 indulta
2403 3670 2764 3732 huiusmodi
2812 3690 2944 3731 non
2992 3673 3372 3753 contingunt

662 3794 731 3842 tc
776 3782 1091 3844 ullatenus
1136 3785 1535 3843 intromittas
1600 3784 1735 3844 Nos
1777 3785 1948 3844 enim
2004 3786 2052 3843 si
2115 3802 2297 3844 secus
2357 3786 2816 3863 presumpseris
2862 3794 2994 3844 tam
3043 3795 3372 3863 presentes

664 3894 923 3969 litteraS,
967 3914 1164 3975 quam
1224 3896 1417 3955 etiam
1478 3915 1868 3974 processum,
1931 3916 2122 3972 quem
2172 3916 2284 3976 per
2329 3907 2393 3958 te
2438 3896 2684 3957 illarum
2732 3899 3110 3957 auctoritate
3155 3896 3368 3955 haberi

663 4010 1021 4091 contigerit,
1068 4010 1335 4068 omnino
1405 4028 1616 4069 carere
1678 4010 1914 4070 uiribus
1974 4029 2048 4070 ac
2111 4008 2338 4070 nullius
2400 4010 2534 4070 fore
2595 4008 2997 4070 decernimus
3043 4008 3372 4080 firmitatiS,

664 4120 1029 4181 huiusmodi
1100 4139 1253 4201 ergo
1318 4121 1693 4183 mandatum
1742 4134 2030 4183 nostrum
2077 4125 2166 4182 sic
2211 4125 2528 4200 sapienter
2573 4131 2636 4182 et
2682 4120 2954 4181 fideliter
3017 4123 3368 4199 exequaris,

662 4244 735 4291 ut
768 4236 903 4294 eius
936 4232 1094 4295 fines
1118 4233 1607 4312 quomodolibet
1642 4253 1770 4294 non
1804 4234 2101 4307 excedaS,
2131 4235 2529 4312 presentibus
2559 4244 2704 4313 post
2737 4236 3074 4294 triennium
3109 4234 3371 4295 minime

660 4346 966 4408 ualituris.
1012 4346 1253 4407 Datum
1302 4346 1569 4407 Viterbii
1605 4348 1684 4409 V.
1733 4347 1872 4407 idus
1919 4348 2085 4419 iunii,
2131 4346 2538 4424 pontificatus
2584 4348 2784 4406 nostri
2829 4365 3000 4407 anno
3047 4350 3249 4408 tertio.

857 4568 1155 4643 Ortjginal
1196 4587 1234 4624 u
1271 4566 1534 4640 gubern.
1584 4566 1716 4623 ark.
1764 4586 1804 4621 u
1850 4567 2064 4623 Zadru
2111 4561 2280 4643 (odio
2347 4574 2704 4623 samostana
2751 4586 2840 4624 η’.
2893 4564 3230 4622 Domim'ka
3275 4584 3368 4620 no,

662 4672 874 4735 2153.)
920 4673 1029 4731 Na
1074 4672 1279 4728 listim'
1326 4672 1540 4729 nalazi
1581 4691 1645 4727 se
1689 4668 1972 4726 konc'ana
2019 4688 2249 4733 z·rvca,·
2287 4674 2472 4745 pedat
2494 4672 2569 4745 je
2614 4678 2808 4745 otpao.
