3797 5795
772 798 978 877 1258,
1026 797 1089 861 5.
1129 795 1313 880 jula.

778 988 953 1051 Bela
1013 986 1202 1071 kralj
1256 982 1549 1071 ugarski
1602 983 1635 1046 z·
1688 980 2009 1047 larvatski
2061 981 2441 1067 odredjuje,
2505 982 2595 1045 da
2646 981 2984 1067 graasjant
3049 1002 3147 1043 na
3211 979 3489 1042 Gradcu

780 1100 941 1184 kraj
994 1099 1295 1185 Zagreba
1366 1100 1547 1160 banu
1602 1096 1887 1182 pladaju
1954 1118 2046 1159 na
2091 1094 2363 1182 godinu
2409 1117 2597 1158 samo
2641 1092 2827 1179 οἶοι-’φὶ
2869 1092 3124 1157 stotine
3173 1100 3398 1164 hensa,
3445 1115 3490 1153 a

1625 1208 1784 1293 daje
1832 1209 1925 1272 im
1972 1206 2008 1271 i
2045 1209 2290 1294 zemlju
2341 1207 2643 1273 Sm‘blan.

959 1404 1110 1465 'Bela
1157 1404 1257 1464 dei
1306 1406 1512 1484 gracia
1580 1402 1925 1483 Hungarie,
1987 1401 2337 1475 Dalmacie‚
2398 1398 2726 1474 Crohacie,
2789 1399 3012 1474 Rame,
3059 1398 3295 1475 Seruie,
3339 1397 3493 1462 Gal-

788 1515 944 1591 licie,
1029 1516 1434 1589 Lodomerie‚
1498 1513 1939 1594 Cumanieque
2000 1534 2114 1575 rex
2161 1515 2474 1581 omnibus
2541 1523 2868 1594 presentes
2936 1513 3177 1574 litteras
3243 1516 3490 1593 inspec-

786 1631 939 1689 turis
970 1629 1237 1691 salutem
1272 1632 1335 1690 in
1368 1630 1660 1689 omnium
1706 1628 2036 1688 salvatore.
2069 1624 2278 1689 Officii
2315 1628 2512 1687 nostri
2545 1625 2834 1688 debitum
2881 1626 3182 1687 remediis
3210 1626 3491 1707 invigilat

782 1742 1231 1817 subiectorum,
1264 1760 1415 1803 nam
1446 1741 1602 1802 dum
1634 1759 1858 1802 eorum
1907 1740 2152 1802 utilitati
2199 1742 2636 1819 prospicimuS,
2683 1739 2840 1800 dum
2886 1739 3299 1800 concedimus
3337 1758 3490 1818 pro-

780 1854 1009 1928 futura,
1053 1854 1338 1935 plebium
1400 1872 1699 1914 numerus
1760 1856 1983 1915 crescit
2046 1854 2270 1934 iugiter
2314 1866 2378 1914 et
2423 1862 2708 1935 augetur,
2752 1854 2816 1912 in
2863 1871 2996 1931 quo
3055 1853 3222 1934 regis
3287 1852 3492 1933 gloria

779 1967 1139 2047 specialiter
1184 1967 1541 2029 denotatur.
1594 1966 1865 2028 Proinde
1912 1967 1995 2027 ad
2043 1968 2476 2027 universorum
2542 1966 2844 2026 noticiam
2908 1964 3131 2026 harum
3177 1967 3334 2026 serie
3377 1984 3494 2025 vo-

778 2080 997 2142 lumus
1059 2082 1405 2159 pervenire,
1450 2079 1629 2157 quod
1689 2098 1836 2141 cum
1900 2079 2180 2158 hospites
2242 2081 2438 2139 nostri
2487 2077 2570 2139 de
2617 2088 2839 2139 monte
2907 2076 3139 2153 Grech,
3185 2078 3494 2160 Zagrabie

782 2194 1137 2268 constituti,
1184 2212 1415 2275 magna
1477 2211 1545 2253 se
1608 2203 2020 2271 quererentur
2081 2192 2408 2253 solucione
2454 2209 2764 2252 censuum
2808 2194 3157 2273 aggravari,
3203 2209 3322 2253 nec
3379 2190 3496 2252 ha-

785 2307 1019 2367 berent
1066 2306 1286 2366 silvam
1334 2325 1453 2385 pro
1501 2324 1618 2367 usu
1663 2305 2037 2379 eorundem,
2068 2304 2303 2365 dilecto
2351 2314 2414 2364 et
2460 2303 2631 2365 fideli
2678 2313 2899 2364 nostro
2945 2302 3278 2383 Stephano
3321 2304 3504 2365 bano

787 2420 999 2480 tocius
1030 2416 1369 2481 Sclauonie
1400 2428 1463 2479 et
1494 2421 1829 2497 capitaneo
1864 2415 2197 2500 Styrum(!)
2232 2416 2530 2478 dedimus
2561 2418 2622 2477 in
2659 2415 2996 2490 mandatiS,
3012 2428 3083 2477 ut
3113 2426 3177 2478 et
3209 2416 3502 2477 debitum

790 2532 1080 2610 ipsorum
1144 2532 1525 2593 diminueret
1570 2541 1632 2591 et
1679 2532 1902 2591 silvam
1967 2531 2101 2591 usui
2165 2549 2386 2590 eorum
2458 2539 2912 2608 conpetentem
2959 2532 3324 2612 assignaret.
3373 2528 3504 2607 Qui

792 2644 1079 2719 tandem,
1124 2647 1281 2705 sicut
1343 2644 1528 2704 nobis
1572 2664 1687 2723 per
1731 2662 1875 2704 suas
1922 2642 2159 2704 litteras
2221 2644 2530 2704 intimavit
2575 2654 2638 2703 et
2683 2644 2824 2704 viva
2868 2661 3030 2703 voce
3073 2643 3303 2717 retulit,
3349 2661 3508 2703 con-

794 2756 1069 2818 sidendo
1116 2776 1262 2817 cum
1311 2756 1573 2831 eisdem,
1606 2758 1887 2817 maxima
1935 2755 2336 2817 considerata
2382 2758 2663 2835 ipsorum
2713 2756 3246 2817 incommoditate
3289 2755 3506 2818 multi-

796 2867 959 2949 plici,
991 2888 1185 2951 quam
1221 2869 1408 2931 iidem
1444 2871 1508 2930 in
1540 2878 1764 2930 monte
1794 2866 2008 2931 Grech
2040 2868 2509 2930 commorando
2555 2868 2808 2931 assidue
2851 2869 3255 2944 tollerabant,
3295 2870 3510 2932 taliter

797 2982 1129 3058 ordinavit,
1189 2994 1258 3044 ut
1319 2983 1401 3045 de
1462 2995 1675 3043 cetero
1738 2983 2048 3044 ducentas
2108 2981 2562 3043 tantummodo
2625 3001 2861 3061 pensas
2938 2992 3202 3043 monete
3273 2984 3509 3045 usualis

798 3114 917 3175 pro
962 3113 1179 3157 annuo
1224 3107 1417 3156 censu
1464 3097 1527 3156 in
1573 3096 1738 3156 festo
1783 3098 1985 3157 sancti
2035 3095 2287 3156 Martini
2335 3098 2470 3156 sine
2516 3095 2951 3156 diminucione
2998 3095 3284 3175 qualibet
3332 3097 3508 3157 bano

800 3228 918 3288 pro
965 3219 1256 3288 tempore
1302 3211 1649 3270 constituto
1696 3211 1956 3270 nomine
2003 3219 2222 3269 nostro
2267 3208 2514 3269 solvere
2561 3217 2916 3269 teneantur.
2982 3209 3248 3270 Inseruit
3281 3211 3504 3283 eciam,

802 3322 979 3400 quod
1043 3331 1276 3382 terram
1342 3332 1623 3383 nostram
1691 3318 1940 3400 Cyblan
1991 3325 2390 3382 nominatam
2437 3339 2585 3382 cum
2633 3321 2799 3382 silvis
2845 3331 2910 3383 et
2954 3321 3089 3382 aliis
3133 3321 3512 3383 utilitatibus

802 3453 877 3495 ac
935 3435 1339 3513 pertinenciis
1400 3436 1527 3495 suis
1586 3435 1984 3513 presentibus
2044 3444 2110 3495 et
2168 3435 2483 3513 requisitis
2542 3434 2990 3518 iobagionibus
3048 3436 3236 3496 castri
3283 3435 3510 3517 Zagra-

802 3545 1036 3607 biensis
1081 3547 1322 3608 eisdem
1388 3549 1784 3629 assignasset.
1847 3547 1986 3609 Nos
2034 3550 2216 3629 igitur
2261 3558 2324 3609 et
2369 3546 2805 3626 predictorum
2863 3549 3095 3609 civium
3143 3559 3502 3609 nostrorum

803 3659 981 3720 iustis
1041 3670 1105 3720 et
1166 3660 1448 3721 honestis
1508 3660 1804 3739 precibus
1862 3661 2162 3734 inclinati,
2225 3661 2287 3721 id
2335 3659 2512 3740 quod
2575 3680 2688 3742 per
2749 3663 2876 3722 iam
2936 3660 3184 3722 dictum
3251 3661 3506 3724 fidelem

803 3783 1093 3834 nostrum
1153 3769 1608 3856 S(tephanum)
1674 3773 1913 3833 banum
1974 3772 2239 3852 provide
2300 3773 2542 3834 factum
2588 3785 2701 3843 est,
2745 3773 3147 3853 presentibus
3206 3773 3508 3835 duximus

803 3883 1339 3946 confirmandum.
1374 3886 1441 3946 In
1484 3888 1662 3946 cuius
1705 3887 1789 3946 rei
1840 3887 2218 3976 memoriam
2251 3896 2315 3947 et
2345 3897 2724 3966 perpetuam
2770 3886 3134 3948 firmitatem
3185 3896 3507 3966 presentes

804 3999 1237 4059 concessimus
1299 3999 1535 4059 litteras
1597 3997 1911 4078 dupplicis
1971 3997 2149 4080 sigilli
2215 4003 2409 4060 nostri
2473 4000 2829 4060 munimine
2874 3999 3221 4060 roboratas,
3271 3999 3504 4062 Datum

806 4125 922 4188 per
955 4130 1181 4173 manus
1214 4113 1493 4193 magistri
1524 4110 1878 4192 Smaragdi,
1909 4109 2212 4173 Albensis
2244 4114 2566 4192 prepositi,
2597 4112 2742 4174 aule
2774 4122 2990 4174 nostre
3022 4111 3506 4174 vicecancellarii

810 4224 1186 4286 venerabilis
1246 4224 1430 4286 electi
1476 4223 1740 4286 ecclesie
1786 4223 2217 4300 ColochensiS,
2263 4224 2476 4290 dilecti
2521 4235 2583 4286 et
2630 4223 2837 4287 fidelis
2882 4229 3097 4288 nostri.
3154 4223 3351 4286 Anno
3392 4224 3504 4284 do-

811 4329 965 4396 mini
1032 4337 1367 4398 millesimo
1446 4331 1889 4400 ducentesimo
1953 4339 2484 4418 quinquagesimo
2545 4347 2797 4414 octav0,
2852 4340 3049 4400 tercio
3107 4357 3310 4400 nonas
3365 4337 3506 4408 iulii,

814 4451 990 4531 regni
1036 4459 1251 4510 autem
1300 4453 1495 4511 nostri
1542 4469 1715 4512 anno
1761 4453 2064 4512 vicesimo
2110 4453 2323 4512 tercio,

998 4668 1249 4726 Tkalc‘ic'
1294 4669 1569 4728 lisanum.
1618 4671 1730 4727 civ.
1782 4670 2049 4745 Zagrab.
2103 4671 2151 4728 I.
2207 4673 2475 4730 :28-29,
2523 4670 2613 4729 br.
2669 4673 2769 4727 36.
2825 4705 2898 4712 —
2949 4671 3324 4747 Kukuljez-’ic‘
3359 4671 3500 4742 Reg.

814 4770 905 4832 br.
959 4776 995 4828 7
1001 4777 1094 4828 57.
