3797 5795
1866 308 2233 370 —613—

863 502 1005 583 Ego
1053 501 1265 562 Lucas
1312 499 1551 562 Mathei
1599 499 2011 560 examinator
2057 514 2322 558 manum
2375 513 2585 555 meam
2639 495 2793 554 misi.

862 615 947 675 Et
992 633 1115 696 ego
1162 611 1506 676 Geruasius
1538 613 1903 673 communis
1947 609 2236 690 Tragurii
2285 610 2521 669 iuratus
2568 610 2855 668 notarius
2903 605 3020 668 hiis
3068 609 3321 669 interfui
3353 621 3414 670 et

690 727 771 788 de
820 729 1151 788 uoluntate
1212 729 1539 806 utriusque
1599 726 1796 804 partis
1857 735 2120 805 rogatus
2166 724 2381 801 scripsi
2430 730 2494 782 et
2542 722 2726 802 signo
2774 734 3087 781 consueto
3154 722 3413 803 signaui.

868 869 1263 942 (Monogram
1312 867 1619 940 notarov.)

879 1059 1177 1132 Orzge'real
1218 1078 1257 1114 u
1305 1055 1529 1114 arkivu
1574 1057 1821 1134 kaptola
1872 1077 1912 1114 u
1968 1058 2227 1130 Troge'm
2276 1075 2332 1113 a.
2389 1058 2550 1112 1257.
2599 1075 2692 1112 no.
2747 1057 2836 1112 13.

1959 1401 2152 1480 586.

696 1577 897 1658 1257,
948 1578 1055 1642 13.
1103 1576 1323 1659 maja.
1372 1577 1431 1642 U
1479 1575 1723 1660 SenJu.

695 1764 1150 1829 Dubrovo‘am'
1187 1765 1395 1828 branc
1438 1787 1508 1828 se
1548 1765 1787 1850 plalt‘tt
1821 1765 2276 1830 arboraticum
2312 1788 2356 1829 u
2395 1765 2637 1850 Senju,
2686 1771 2787 1828 ,ito
2835 1761 2930 1827 t'm
2961 1787 3033 1827 se
3078 1765 3412 1850 prt'znoje.

873 1957 942 2017 In
990 1955 1219 2020 Christi
1282 1960 1561 2018 nomine.
1624 1955 1821 2019 Anno
1892 1960 2342 2019 incarnationis
2403 1959 2695 2020 eiusdem
2761 1958 3103 2020 millesimo
3171 1957 3408 2018 ducen—

693 2072 927 2132 tesimo
974 2072 1507 2152 quinquagesimo
1568 2073 1865 2150 septime,
1912 2070 2259 2132 indictione
2321 2074 2541 2150 quinta
2589 2071 2858 2145 decima,
2926 2071 3031 2132 die
3076 2070 3408 2131 dominico

696 2185 883 2244 tertio
929 2184 1185 2244 decimo
1234 2186 1507 2246 intrante
1556 2203 1775 2244 mense
1822 2183 2036 2257 madii,
2082 2186 2478 2264 temporibus
2523 2184 2864 2264 ecquidem
2912 2184 3160 2244 domini
3207 2185 3405 2244 nostri

698 2295 850 2358 Bele
894 2296 997 2357 dei
1043 2299 1242 2378 gratia
1289 2298 1669 2358 serenissimi
1717 2298 1880 2378 regis
1930 2296 2259 2379 Hungarie
2316 2308 2380 2358 et
2434 2297 2678 2358 domini
2725 2295 2970 2359 Stefani
3017 2298 3166 2356 bani
3213 2297 3408 2356 totius

698 2408 1041 2472 Sclauonie
1088 2421 1149 2470 et
1196 2413 1509 2489 capitanei
1557 2410 1639 2471 de
1700 2409 1931 2489 Styria‚
1992 2411 2238 2472 domini
2288 2410 2557 2489 Philippi
2617 2410 2718 2471 dei
2779 2412 2981 2492 gratia
3028 2408 3408 2470 uenerabilis

699 2523 983 2602 episcopi
1043 2524 1313 2584 ciuitatis
1372 2521 1563 2586 Senie
1624 2535 1688 2584 et
1748 2523 1993 2585 domini
2064 2524 2118 2586 F
2121 2524 2352 2585 ederici
2424 2522 2780 2605 VeglensiS,
2835 2522 3299 2584 Modrusiensis
3345 2534 3408 2582 et

700 2634 1158 2698 Vinodolensis
1202 2638 1454 2697 comitis
1498 2655 1573 2696 ac
1618 2638 1955 2715 potestatis
1993 2635 2331 2710 Seniensis,
2377 2639 2513 2696 vice
2544 2646 2607 2696 et
2639 2637 2902 2697 nornine
2935 2635 3180 2696 domini
3226 2637 3408 2716 regis,

700 2747 1081 2809 Radosclaui
1127 2759 1189 2810 et
1230 2748 1451 2828 Jacobi
1520 2749 1798 2811 iudicum
1860 2749 2210 2811 electorum
2257 2769 2296 2809 a
2341 2749 2609 2810 domino
2653 2767 2803 2831 rege
2863 2751 3133 2811 ciuitatis
3201 2747 3408 2812 Senie.

700 2861 784 2924 Et
831 2881 981 2924 cum
1027 2862 1380 2924 nauclerius
1424 2860 1757 2924 Dimitrius
1800 2862 1883 2924 de
1917 2860 2194 2927 Cortaco
2213 2860 2301 2945 (?),
2349 2860 2622 2925 Maffeus
2669 2862 2832 2924 filius
2880 2862 3106 2923 Nicole
3151 2860 3408 2941 Dyruzi‚

702 2974 1003 3057 Dimigna
1050 2975 1210 3037 filius
1258 2976 1409 3037 Vite
1456 2975 1539 3036 de
1587 2976 1909 3058 Babagne,
1971 2975 2226 3058 Zugnus
2269 2974 2433 3038 filius
2480 2976 2688 3037 Volee
2733 2976 2816 3037 de
2863 2976 3122 3048 Baruce‚
3183 2974 3410 3036 Nicola

702 3087 865 3149 filius
933 3087 1171 3150 Mathei
1241 3088 1325 3149 de
1396 3088 1754 3170 Bogodaza,
1826 3087 2175 3171 Gregorius
2237 3089 2397 3152 filius
2461 3090 2622 3150 Petri
2685 3089 2766 3149 de
2829 3087 2984 3161 Le0,
3047 3087 3278 3149 Radde
3326 3088 3410 3148 de

706 3201 1025 3283 Babalgue
1071 3212 1135 3262 et
1182 3202 1493 3284 Pizinigus
1537 3201 1621 3263 de
1666 3200 2056 3282 ScapulettO,
2101 3222 2329 3263 omnes
2375 3206 2470 3264 isti
2520 3205 2692 3264 ciues
2737 3203 3040 3283 Ragusini
3087 3204 3408 3262 uenissent

703 3315 769 3375 in
814 3326 1074 3393 portum
1105 3313 1296 3377 Senie
1342 3334 1491 3376 cum
1539 3316 1845 3377 societate
1890 3334 2113 3376 eorum
2148 3335 2295 3376 cum
2329 3317 2614 3396 quodam
2646 3335 2764 3377 suo
2795 3316 3086 3376 banzone
3132 3314 3411 3375 habente

704 3426 869 3488 duos
922 3429 1183 3489 arbores
1228 3440 1293 3490 et
1340 3428 1512 3491 illum
1562 3429 1982 3490 honerassent
2029 3428 2112 3490 de
2157 3428 2504 3511 lignamine
2549 3432 2612 3489 in
2675 3429 2781 3489 illo
2842 3439 3050 3508 portu,
3105 3441 3169 3489 et
3221 3426 3411 3489 frater

704 3537 1015 3602 Gilelrnus
1060 3542 1295 3603 domus
1342 3541 1559 3621 templi
1608 3541 1692 3602 de
1737 3540 1930 3605 Senia
1974 3544 2258 3621 precepit
2307 3542 2582 3604 chasei
2631 3544 2838 3604 facere
2882 3542 3108 3603 ausseri
3155 3542 3413 3602 arbora-

704 3654 901 3714 ticum
947 3653 1131 3715 dictis
1176 3656 1529 3737 Ragusinis,
1559 3656 1675 3734 ipsi
1707 3655 1862 3716 dare
1909 3655 2265 3729 noluerunt,
2297 3656 2670 3735 appelantes
2701 3676 2769 3717 se
2801 3656 2886 3717 de
2917 3655 3025 3717 illo
3057 3655 3418 3716 arboratico

704 3765 790 3825 ad
836 3766 1171 3829 dominum
1218 3768 1594 3829 Federicum
1628 3768 2064 3847 supradictum
2112 3770 2414 3829 uicarium
2460 3769 2701 3830 domini
2737 3770 2902 3851 regis
2931 3779 2996 3829 et
3027 3779 3417 3848 potestatem

704 3874 1080 3941 Seniensern
1128 3893 1192 3942 et
1237 3882 1323 3943 ad
1367 3882 1605 3943 iudices
1649 3882 2050 3960 supradictos
2095 3884 2364 3943 ciuitatis
2409 3881 2598 3944 Senie
2644 3892 2708 3943 et
2753 3884 3045 3943 territorii
3076 3882 3422 3951 SeniensiS,

703 3988 993 4055 dicentes
1037 3996 1209 4055 ciues
1254 3996 1557 4077 Ragusini
1602 4005 1666 4055 et
1712 3994 2108 4056 affirmantes
2152 4014 2372 4056 coram
2419 3995 2687 4057 domino
2733 3995 2789 4057 F
2791 3994 3044 4057 ederico
3091 4007 3153 4056 et
3201 4012 3421 4055 coram

702 4102 1017 4167 iudicibus
1049 4117 1112 4168 et
1143 4126 1359 4168 eoram
1392 4110 1563 4169 curia
1595 4106 1902 4182 Seniensi,
1945 4108 2124 4190 quod
2172 4107 2412 4169 nullum
2462 4109 2788 4170 debebant
2833 4109 3080 4171 soluere
3109 4109 3418 4170 tributum

700 4216 770 4275 in
818 4230 1010 4297 portu
1056 4218 1247 4283 Senie
1294 4232 1355 4282 et
1403 4220 1582 4300 quod
1630 4220 1801 4283 nulla
1845 4224 2068 4283 ciuitas
2113 4221 2481 4283 Dalmatina
2526 4226 2587 4283 in
2636 4221 2755 4283 alia
2802 4224 3058 4284 ciuitate
3107 4220 3425 4283 Dalmatie

697 4330 957 4394 soluere
1019 4333 1214 4395 debet
1272 4334 1719 4395 arboraticum.
1766 4334 1849 4396 Et
1896 4337 2150 4414 insuper
2196 4335 2482 4396 dicentes
2527 4336 2848 4417 Ragusini‚
2896 4335 3074 4415 quod
3135 4336 3187 4395 si
3233 4334 3422 4413 aliqui

640 4462 649 4468 ·
698 4443 881 4507 ciues
939 4448 1210 4508 ciuitatis
1276 4467 1497 4509 eorum
1568 4446 1784 4525 aliquo
1851 4459 2144 4527 tempore
2205 4448 2524 4510 soluerent
2594 4449 3016 4511 arboraticum
3089 4451 3151 4509 in
3221 4460 3427 4528 portu.

700 4552 921 4635 Senie,
984 4560 1162 4639 quod
1231 4560 1385 4622 illud
1451 4561 1881 4622 arboraticum
1945 4562 2061 4622 suit
2128 4564 2219 4622 eis
2286 4562 2597 4623 uiolenter
2652 4574 2987 4642 acceptum
3058 4573 3120 4623 et
3187 4562 3428 4641 absque

700 4672 975 4733 ratione.
1024 4672 1454 4735 Protestantes
1499 4678 1813 4735 sententie
1860 4676 2165 4756 Ragusini
2214 4674 2474 4755 quidem
2525 4675 2852 4737 debebant
2895 4676 3143 4737 soluere
3175 4677 3430 4736 arbora-

706 4781 909 4846 ticum
959 4798 1022 4847 et
1082 4786 1481 4865 supradictus
1544 4788 1735 4848 frater
1796 4786 2154 4851 Guilelmus
2220 4798 2596 4867 preceptum
2658 4788 2912 4850 dicebat
2975 4807 3192 4850 coram
3257 4789 3430 4850 dicto

706 4892 983 4960 domino
1030 4899 1341 4961 Federico
1403 4901 1641 4961 uicario
1691 4899 1932 4961 domini
1981 4902 2146 4981 regis
2191 4912 2255 4962 et
2301 4920 2519 4961 coram
2589 4902 2901 4963 iudicibus
2947 4902 3324 4981 supradictis
3367 4912 3431 4963 et

710 5026 931 5073 coram
995 5015 1166 5073 curia
1211 5011 1519 5088 Seniensi,
1586 5013 1765 5094 quod
1830 5014 2132 5095 Ragusini
2195 5014 2558 5093 persoluere
2620 5014 2944 5076 debebant
3005 5016 3430 5077 arboraticum
