3797 5795
1834 448 1920 455 —
1983 412 2253 477 596—

676 602 949 663 domine
1009 606 1227 685 regine
1287 606 1524 665 comite
1588 600 1788 667 Castri
1850 603 2052 677 ferrei,
2119 603 2359 665 Ponich
2445 604 2636 677 bano,
2713 606 2948 665 comite
3027 602 3400 681 Zaladiensi,

688 714 1003 777 Michaele
1049 719 1287 778 comite
1332 716 1632 778 Nitriensi
1678 726 1741 777 et
1786 717 1924 777 aliis
1980 736 2175 795 quam
2237 716 2525 796 pluribus
2589 717 2931 779 comitatus
2991 728 3058 778 et
3117 716 3398 779 honores

682 833 858 913 regni
908 833 1293 893 tenentibus,

850 1023 919 1081 Iz
951 1024 1217 1100 potvrde
1260 1022 1470 1099 kralja
1515 1023 1866 1081 Ladislava
1927 1024 2012 1080 od
2057 1044 2121 1097 g.
2169 1025 2243 1077 12
2254 1026 2346 1079 74.
2411 1044 2454 1081 u
2509 1043 2726 1081 novom
2787 1025 3034 1101 diplom.
3097 1023 3396 1082 zborm‘ku

684 1124 759 1188 T.
810 1128 1183 1201 Sze‘che'nyia
1220 1130 1284 1188 in
1312 1127 1441 1205 fol.
1484 1127 1600 1185 vol.
1650 1128 1703 1185 I.
1755 1129 2110 1185 390—396.
2164 1148 2204 1185 u
2250 1129 2470 1186 narod.
2517 1129 2760 1203 muzq‘u
2804 1148 2846 1186 u
2887 1128 3296 1206 Badimpesti.

850 1234 1043 1308 Feje'r
1094 1232 1235 1291 cod.
1283 1231 1432 1307 dipl.
1482 1232 1695 1306 Hung.
1761 1232 1820 1291 V.
1871 1231 1922 1289 I.
1976 1236 2097 1290 150.
2146 1265 2232 1272 —
2277 1231 2656 1308 Kukuljevic'
2694 1233 2843 1307 Reg.
2894 1252 2993 1291 no.
3045 1237 3219 1291 1047.

1969 1522 2102 1601 46.

679 1699 879 1765 1271.
922 1696 1196 1781 Poslije
1242 1695 1462 1779 maja..

683 1888 973 1974 Stjepan
1018 1888 1210 1971 kralj
1264 1885 1556 1973 ugarskz'
1608 1886 1644 1950 ι’
1698 1885 2041 1962 Ιινυαίςέί,
2071 1886 2470 1972 potvrdjuje
2537 1888 2732 1951 crkvi
2785 1888 3220 1974 zagrebao‘koj
3272 1897 3392 1974 po-

1334 2001 1519 2085 veh'u
1562 2001 1839 2086 hercega
1884 2000 2189 2082 Andrz'je
2235 2001 2356 2077 (od
2391 2022 2456 2085 g.
2507 2004 2730 2078 1201).

852 2192 1219 2274 Stephanus
1263 2193 1365 2255 dei
1426 2196 1638 2275 gracia
1702 2192 2046 2274 Hungarie‚
2108 2192 2456 2267 Dalmacie,
2518 2191 2804 2267 Croacie,
2863 2195 3086 2271 Rame,
3146 2193 3392 2270 Seruie,

672 2304 957 2382 Gallicie,
1002 2306 1412 2381 Lodomerie‚
1458 2304 1788 2380 Cumanie‚
1833 2305 2254 2387 Bulgarieque
2299 2325 2416 2367 rex
2461 2308 2762 2367 omnibus
2810 2305 3038 2371 Christi
3085 2306 3384 2370 fidelibus

674 2430 812 2481 tam
858 2420 1260 2498 presentibus
1308 2437 1502 2499 quam
1549 2419 1774 2482 futuris
1802 2417 2075 2480 salutem
2109 2421 2171 2479 in
2203 2418 2422 2481 salutis
2453 2418 2768 2501 largitore.
2800 2419 2911 2482 Ad
2941 2422 3386 2483 vniuersorum

678 2534 987 2593 noticiam
1016 2532 1241 2593 harum
1289 2534 1448 2593 serie
1493 2532 1791 2593 uolumus
1836 2534 2188 2611 peruenire,
2250 2532 2428 2611 quod
2489 2534 2867 2595 venerabilis
2911 2543 3093 2613 pater
3135 2534 3386 2613 Tymo-

678 2643 865 2705 theus
909 2648 1249 2724 episcopus
1294 2645 1731 2728 Zagrabiensis
1791 2645 2063 2707 dilectus
2123 2657 2186 2706 et
2230 2644 2437 2707 fidelis
2482 2656 2700 2708 noster
2743 2646 2826 2707 ad
2875 2657 3160 2707 nostram
3205 2666 3390 2709 acce-

680 2758 842 2821 dens
909 2760 1323 2839 presenciam,
1390 2759 1617 2820 obtulit
1676 2768 1739 2819 et
1800 2758 2089 2819 exhibuit
2149 2758 2336 2819 nobis
2389 2760 2789 2841 priuilegium
2860 2759 3126 2822 Andree
3204 2761 3388 2822 ducis

678 2870 1011 2935 Dalmacie
1056 2884 1121 2935 et
1154 2870 1419 2937 Croacie
1465 2871 1661 2933 felicis
1706 2870 2174 2933 recordacionis
2218 2872 2320 2934 aui
2369 2874 2584 2946 nostri,
2622 2890 2811 2951 super
2844 2872 3016 2935 sacto
3047 2872 3380 2936 cuiusdam

678 2987 880 3048 insule
926 2986 1159 3048 collate
1204 3005 1318 3065 per
1363 2986 1641 3047 eundem
1689 2986 1955 3048 ecclesie
2001 2985 2406 3067 Zagrabiensi
2467 2985 2836 3047 consectum
2897 2987 3185 3066 petendo
3230 3005 3382 3049 cum

678 3102 1004 3174 instancia,
1048 3109 1115 3160 vt
1159 3100 1369 3179 ipsum
1415 3098 1815 3180 priuilegium
1860 3097 2172 3160 ratificare
2218 3109 2283 3159 et
2327 3109 2548 3159 nostro
2607 3099 2803 3180 regali
2848 3101 3181 3182 priuilegio
3226 3119 3384 3162 con-

677 3212 931 3288 firmare
976 3213 1059 3274 de
1104 3212 1497 3294 benignitate
1544 3213 1716 3292 regia
1762 3211 2186 3292 dignaremur.
2235 3209 2430 3274 Cuius
2474 3221 2663 3273 tenor
2705 3213 2850 3275 talis
2895 3223 3009 3273 est.

852 3345 871 3400 (
884 3328 1113 3403 Slg‘jedi
1154 3327 1372 3384 listina
1417 3326 1680 3400 hercega
1726 3326 1992 3401 Andrije
2036 3327 2122 3384 od
2152 3346 2216 3401 g.
2267 3327 2486 3384 1201.).

851 3437 989 3499 Nos
1032 3439 1220 3518 igitur
1264 3437 1665 3518 priuilegium
1712 3437 1906 3516 ipsius
1951 3435 2215 3498 Andree
2261 3435 2441 3498 ducis
2485 3440 2588 3498 aui
2621 3441 2817 3499 nostri
2867 3456 3060 3518 super
3103 3450 3237 3500 tam
3283 3457 3381 3498 sa-

673 3551 837 3612 lubri
886 3551 1249 3612 donacione
1311 3550 1600 3611 habitum
1662 3559 1725 3610 et
1772 3550 2159 3623 consectum,
2209 3569 2340 3630 non
2387 3549 2705 3624 abrasum,
2753 3569 2886 3612 non
2933 3551 3381 3625 cancellatum,

672 3681 805 3724 non
854 3665 1253 3726 interiectum
1300 3683 1420 3725 nec
1478 3667 1542 3724 in
1602 3662 1815 3741 aliqua
1860 3665 1954 3723 sui
2001 3674 2182 3743 parte
2243 3665 2546 3724 uiciatum
2608 3663 2824 3739 nilque
2879 3664 3376 3743 reprehensibile

673 3787 887 3854 preter
930 3780 1375 3858 antiquitatem
1420 3796 1533 3839 seu
1581 3786 1987 3850 uetustatem,
2047 3776 2226 3855 quod
2273 3779 2475 3857 magis
2535 3776 2955 3856 approbabile
3015 3795 3157 3838 esse
3201 3777 3379 3839 uide-

674 3888 862 3950 batur
908 3891 969 3950 in
1018 3890 1253 3951 eodem
1300 3891 1697 3951 inuenientes
1750 3898 1958 3949 ratum
2021 3889 2333 3950 habentes
2392 3899 2456 3950 et
2517 3902 2856 3969 acceptum
2920 3900 2985 3951 et
3047 3889 3130 3952 de
3177 3891 3380 3954 uerbo

674 4001 757 4062 ad
804 4002 1075 4064 uerbum
1119 4004 1521 4082 presentibus
1566 4004 1869 4064 insertum
1917 4004 2296 4063 auctoritate
2339 4005 2741 4082 presencium
2782 4022 2868 4063 ex
2897 4013 3074 4064 certa
3104 4005 3378 4065 sciencia

674 4112 977 4176 duximus
1021 4115 1554 4178 confirmandum.
1603 4114 1675 4176 In
1706 4116 1885 4176 cuius
1916 4117 2004 4175 rei
2035 4115 2417 4176 memoriam
2465 4112 2963 4194 firmitatemque
2997 4127 3380 4196 perpetuam

673 4238 1003 4304 presentes
1070 4227 1366 4289 dedimus
1434 4228 1671 4290 litteras
1737 4227 2010 4306 duplicis
2075 4228 2257 4309 sigilli
2327 4230 2526 4288 nostri
2601 4230 2956 4290 munimine
3023 4229 3380 4291 roborataS.

673 4334 915 4401 Datum
962 4361 1076 4420 per
1121 4360 1350 4403 manus
1407 4342 1689 4423 magistri
1748 4339 2077 4402 Benedicti
2139 4343 2446 4420 prepositi
2507 4339 2883 4404 Orodiensis
2953 4342 3098 4404 aule
3162 4353 3384 4404 nostre

673 4452 1167 4515 vicecancellarii
1216 4455 1428 4516 dilecti
1474 4464 1539 4515 et
1584 4452 1787 4516 fidelis
1846 4455 2062 4515 nostri.
2128 4451 2326 4515 Anno
2387 4453 2634 4515 domini
2707 4451 3110 4518 MCCLXX⁰
3169 4457 3382 4534 primo

678 4569 855 4646 regni
902 4576 1119 4628 autem
1166 4569 1361 4628 nostri
1410 4585 1584 4628 anno
1629 4565 1935 4628 secundo,

858 4759 1158 4834 Original
1196 4779 1237 4817 u
1283 4756 1801 4836 nadbiskupskom
1862 4758 2089 4816 arkivu
2151 4779 2192 4816 u
2238 4758 2541 4833 Zagrebu.
2607 4761 3053 4836 Privilegy‘alia
3100 4781 3157 4819 a.
3208 4765 3375 4818 1201.

670 4869 780 4928 Na
825 4873 1009 4950 hrptu
1054 4871 1269 4930 nalazi
1309 4893 1375 4929 se
1421 4881 1566 4948 trag
1607 4870 1867 4947 okrugla
1905 4873 2255 4949 prinis-nuta
2304 4875 2550 4948 pelata.
2650 4874 3030 4931 Suvremena
3077 4872 3341 4950 bilyleska
3363 4895 3386 4932 .·

678 4999 703 5025 2
718 4976 921 5054 Super
961 4985 1130 5035 terra
1186 4976 1412 5051 Cognis
1456 4985 1677 5034 uocata
1722 4975 2075 5051 Kerge-nik«.
2127 5007 2209 5019 —
2267 4975 2520 5035 Ykalc‘ic‘
2559 4977 2834 5036 Menum.
2881 4979 3138 5055 episcop.
3187 4979 3377 5055 Zagr.

670 5079 721 5140 I.
762 5083 999 5136 158—9
1041 5082 1262 5139 dono-ri
1292 5091 1376 5158 po
1420 5081 1560 5139 Lib.
1600 5081 1815 5157 privil.
