3797 5795
1872 408 2284 472 —516—

730 595 1030 679 Bobonig
1088 607 1334 677 patrem
1406 600 1689 677 ipsorum
1761 600 2165 677 questionem
2241 598 2662 659 suscitassent.
2753 594 2942 678 (N)os
2985 598 3201 674 itaque
3246 592 3456 655 colla-

729 712 975 771 tionem
1040 720 1102 771 et
1174 708 1730 772 confirmationem
1792 711 2113 791 predictas
2159 711 2494 793 diligenter
2540 708 3002 791 investigando,
3047 708 3457 769 invenientes

730 825 847 883 rite
907 833 971 884 et
1034 823 1313 905 legitime
1381 824 1569 884 fuisse
1640 824 1855 897 factaS,
1918 824 2000 885 de
2067 823 2333 886 consilio
2399 834 2462 885 et
2515 840 2778 884 assensu
2821 822 3140 883 baronum
3201 832 3264 882 et
3327 839 3458 881 no-

732 935 951 996 bilium
1008 938 1185 1017 regni
1243 938 1457 1009 nostri,
1504 936 1611 1016 qui
1656 948 1986 1015 presentes
2032 946 2230 1010 erant,
2275 936 2360 997 de
2405 934 2648 1015 prefata
2695 944 2860 996 terra
2905 934 3253 998 Vodichan
3298 953 3462 1014 por-

729 1051 977 1110 tionem
1010 1050 1183 1128 ipsos
1215 1048 1378 1109 filios
1410 1047 1705 1131 Bobonig
1751 1052 2236 1132 contingentem
2269 1049 2512 1110 eisdem
2546 1048 2689 1110 filiis
2734 1048 3034 1130 Bobonig
3063 1058 3128 1109 et
3157 1049 3458 1128 ipsorum

730 1161 1072 1223 heredibus
1133 1162 1571 1242 heredumque
1630 1164 2101 1223 successoribus
2162 1162 2531 1241 reliquimus
2591 1171 2655 1223 et
2716 1161 3074 1223 dimisimus
3138 1162 3464 1221 irrevoca-

732 1275 940 1335 biliter
1000 1286 1311 1355 perpetuo
1357 1275 1835 1355 possidendam,
1893 1277 2357 1355 prenominatis
2419 1273 2602 1349 Bora,
2651 1274 2952 1355 Voyhna,
3015 1275 3271 1347 Ruzete,
3319 1274 3462 1335 Ro-

733 1388 908 1450 duna
954 1398 1017 1449 et
1064 1385 1245 1467 Gyrd
1306 1408 1383 1449 ac
1442 1388 1578 1449 aliis
1635 1392 1990 1467 prenotatis
2048 1388 2131 1449 de
2192 1389 2468 1450 ulteriori
2516 1388 2926 1467 requisitione
2985 1389 3089 1451 vel
3155 1390 3463 1449 motione

735 1503 1086 1581 questionis
1150 1520 1340 1581 super
1398 1501 1569 1563 sacto
1616 1512 1779 1563 terre
1839 1503 2148 1581 premisse
2207 1510 2592 1582 perpetuum
2637 1501 2954 1563 silentium
3017 1503 3464 1581 imponentes,

733 1615 820 1675 ita
866 1613 1174 1688 videlicet,
1242 1613 1422 1695 quod
1465 1616 1517 1675 si
1562 1614 1847 1676 iamdicti
1891 1614 2076 1690 Bora,
2123 1614 2464 1693 Voychna,
2509 1614 2768 1689 Ruzete,
2815 1614 3093 1677 Roduna
3139 1625 3204 1676 et
3250 1618 3462 1677 ceteri

734 1729 1023 1806 superius
1083 1728 1394 1787 nominati
1456 1746 1644 1806 super
1690 1728 1826 1806 ipsa
1870 1738 2039 1789 terra
2105 1726 2450 1791 Vodichan
2495 1738 2720 1789 contra
2779 1726 2941 1789 filios
2987 1728 3288 1810 Bobonig
3353 1728 3466 1789 vel

734 1858 888 1901 suos
934 1838 1201 1901 heredes
1246 1839 1462 1919 aliquo
1507 1849 1800 1920 ternpore
1845 1848 2182 1902 moverent
2215 1841 2638 1919 questionem,
2682 1860 2800 1920 pro
2830 1840 3464 1921 calumpniatoribus

734 1955 878 2031 ipso
924 1952 1095 2013 facto
1141 1962 1205 2013 et
1266 1952 1389 2014 litis
1449 1953 1920 2015 refricatoribus
1979 1952 2350 2015 habeantur.
2421 1950 2558 2036 (E)t
2617 1954 2796 2033 quod
2863 1954 3048 2016 huius
3107 1956 3196 2015 rei
3257 1956 3470 2015 series

736 2084 995 2144 semper
1055 2064 1228 2127 salva
1288 2077 1353 2126 et
1416 2068 1795 2127 inconcussa
1852 2078 2232 2146 perseveret,
2295 2085 2416 2127 nec
2459 2069 2662 2145 possit
2727 2086 2842 2145 per
2908 2068 3284 2147 quempiam
3367 2086 3472 2127 re-

736 2180 993 2239 tractari
1040 2180 1105 2239 in
1151 2178 1453 2255 futurum,
1498 2189 1826 2257 presentes
1872 2178 2143 2259 duplicis
2172 2178 2355 2261 sigilli
2387 2181 2586 2239 nostri
2619 2181 2972 2241 munimine
3017 2181 3472 2241 concessimus

735 2291 1089 2352 roboratas
1150 2290 1391 2361 Datum
1452 2310 1567 2371 per
1628 2310 1857 2353 manus
1917 2291 2294 2353 venerabilis
2338 2294 2536 2370 patris
2582 2291 2862 2353 Ladizlai
2923 2294 3210 2372 episcopi
3273 2292 3468 2372 Tyn-

737 2404 1057 2479 niniensiS,
1118 2403 1261 2465 aule
1316 2414 1531 2465 nostre
1576 2403 1952 2479 cancellarii,
2013 2403 2224 2465 dilecti
2271 2414 2336 2465 et
2380 2403 2590 2465 fidelis
2635 2406 2852 2480 nostri,
2895 2423 3071 2465 anno
3115 2404 3202 2465 ab
3250 2406 3470 2467 incar-

738 2518 1002 2579 natione
1066 2515 1313 2577 domini
1359 2516 1446 2579 M.
1496 2514 1621 2581 CC.
1670 2516 1807 2579 LX.
1854 2535 2050 2591 nono,
2112 2516 2383 2578 ducatus
2437 2512 2710 2599 a(u)tem
2755 2520 2954 2579 nostri
3001 2535 3176 2578 anno
3223 2518 3470 2596 prime.

925 2708 983 2767 T
969 2707 1571 2781 hallo‘cgy-Barabas
1631 2708 1772 2767 Cod.
1836 2708 2022 2783 Blag.
2087 2711 2334 2765 18—21.
2397 2728 2498 2766 no·
2569 2712 2654 2766 10.
2719 2742 2796 2752 --
2859 2706 3242 2785 Kukuljevic'
3301 2710 3466 2785 Reg.

744 2832 841 2873 nv.
890 2816 1017 2870 991.

1998 3208 2192 3288 978.

748 3383 955 3451 1269.
1002 3381 1105 3468 (Iz
1149 3401 1334 3468 prve
1377 3381 1546 3467 pole
1592 3380 1907 3466 godino).

750 3573 927 3638 Bela
990 3571 1231 3658 herceg
1284 3570 1601 3637 hrvatski
1661 3571 1819 3657 daje
1875 3571 2330 3658 gradjam'ma
2387 3593 2482 3636 sv.
2543 3571 2932 3658 Ambrozije
2981 3581 3206 3660 prava
3269 3575 3468 3640 dana

1921 3684 2296 3749 Vt'rovz'tici.

924 3879 1075 3940 Bela
1121 3878 1225 3942 dei
1270 3879 1471 3959 gratia
1518 3876 1655 3939 dux
1700 3880 1893 3939 totius
1940 3876 2296 3954 Sclavonie,
2351 3876 2676 3942 Dalmatie
2718 3889 2785 3943 et
2835 3876 3088 3943 Croatie
3152 3883 3472 3946 universis

751 3989 981 4056 Christi
1010 3990 1307 4054 fidelibus
1334 4009 1597 4070 presens
1641 3993 1948 4070 scripturn
1994 3992 2373 4070 inspecturis
2402 3991 2670 4054 salutem
2703 3992 2772 4052 in
2801 3994 3092 4055 omnium
3123 3995 3470 4060 salvatore.

750 4103 861 4166 Ad
904 4106 1345 4166 universorum
1390 4105 1685 4165 notitiam
1731 4103 1958 4165 harum
2003 4105 2167 4165 serie
2211 4104 2508 4166 volumus
2549 4107 2900 4184 pervenire,
2945 4106 3125 4185 quod
3173 4107 3472 4189 hospites

750 4219 947 4278 nostri
1006 4217 1089 4278 de
1150 4227 1375 4278 saneto
1435 4214 1789 4278 Ambrosio
1835 4215 1921 4278 ad
1967 4227 2254 4278 nostram
2315 4217 2696 4279 accedentes
2753 4220 3140 4297 presentiam
3187 4240 3228 4282 a
3275 4223 3472 4286 nobis

750 4328 1072 4392 humiliter
1126 4329 1549 4410 postularunt.
1608 4339 1676 4390 ut
1738 4348 1851 4391 eos
1896 4329 2017 4390 sub
2075 4328 2370 4391 libertate
2413 4329 2650 4392 habere
2692 4341 2758 4392 et
2803 4349 3181 4395 conservare
3240 4335 3471 4418 digna-

750 4461 981 4518 remur,
1051 4461 1177 4521 qua
1244 4441 1529 4524 gaudent
1600 4441 1885 4521 hospites
1945 4443 2144 4503 nostri
2214 4442 2296 4503 de
2358 4443 2664 4506 Verocze.
2734 4443 2875 4506 Nos
2940 4447 3158 4526 itaque
3225 4448 3470 4528 suppli·

752 4556 1115 4618 cationibus
1159 4575 1383 4617 eorum
1428 4567 1786 4617 annuentes
1832 4554 1915 4616 de
1961 4555 2356 4638 benignitate
2417 4566 2636 4618 nostra
2693 4557 2889 4618 talem
2937 4558 3186 4620 eisdem
3247 4559 3468 4641 hospi-

750 4669 921 4732 tibus
966 4671 1199 4730 nostris
1240 4670 1511 4752 gratiam
1575 4668 1877 4730 duximus
1940 4649 2333 4730 faciendam:
2398 4669 2576 4747 quod
2619 4689 2658 4730 a
2705 4669 3136 4733 iurisdictione
3207 4675 3468 4735 comitis

755 4779 837 4843 de
882 4782 1175 4846 Verocze
1218 4801 1337 4861 pro
1380 4791 1678 4862 tempore
1724 4782 2051 4843 constituti
2097 4783 2223 4843 sint
2263 4781 2445 4842 liberi
2493 4793 2558 4843 et
2601 4785 2844 4844 exemti
2889 4793 2954 4844 et
2985 4802 3466 4865 quemcumque

755 4893 838 4958 de
898 4895 1127 4957 eadem
1192 4895 1337 4957 villa
1396 4897 1824 4956 communiter
1868 4895 1936 4955 in
1981 4895 2258 4956 villicum
2317 4893 2552 4976 eligere
2610 4893 2940 4972 voluerint,
2983 4893 3350 4976 preficiendi
3399 4909 3468 4960 et

754 5007 1101 5088 recipiendi
1146 5007 1413 5070 liberam
1461 5006 1740 5068 habeant
1784 5007 2156 5069 facultatem
2203 5010 2288 5068 ita
2334 5017 2572 5083 tamen,
2619 5007 2797 5087 quod
2827 5009 3133 5088 sepedicti
3179 5009 3466 5090 hospites

758 5121 1017 5204 singulis
1076 5123 1259 5182 annis
1320 5121 1386 5181 in
1446 5120 1613 5183 festo
1671 5121 1841 5182 beati
1904 5123 2068 5204 regis
2127 5118 2439 5199 Stephani
2483 5121 2732 5184 ratione
2791 5124 3300 5200 marturinarun1,
3342 5141 3464 5204 pro
