3797 5795
1929 380 2196 444 —502
2257 417 2340 424 —-

778 571 1070 632 dubitare
1130 574 1347 651 possit,
1406 581 1771 651 presentem
1794 569 1855 653 (Ι)
1926 571 2251 651 publicum
2314 574 2804 633 instrumentum
2865 574 3066 632 nostri
3137 570 3348 652 sigillo
3389 590 3500 629 m-

780 683 959 762 pituli
1020 684 1285 746 fecimus
1344 685 1743 745 communiri.
1808 683 2048 746 Actum
2096 700 2245 745 ante
2290 685 2622 746 ecclesiam
2686 685 2854 745 beati
2902 683 3189 760 Domnii‚
3237 686 3304 744 in
3349 703 3498 763 pre-

781 799 993 857 sencia
1051 798 1291 858 domini
1342 796 1665 858 Dominici
1713 810 1775 857 et
1822 797 2064 858 domini
2113 797 2418 876 Stephani
2483 798 2998 876 presbiterorum,
3045 798 3212 857 Petri
3260 794 3492 879 Canini

782 921 843 969 et
890 908 1154 971 Andree
1201 910 1525 971 laicorum.

956 1024 1203 1099 (Drugi
1244 1024 1538 1101 rukopis).

957 1134 1040 1195 Et
1086 1154 1207 1216 ego
1254 1135 1627 1196 Franciscus
1672 1134 1916 1215 Steppe
1963 1136 2161 1197 Madii
2208 1135 2372 1197 filius
2416 1136 2799 1197 examinaui.

958 1247 1097 1328 Ego
1171 1266 1321 1309 uero
1369 1248 1668 1310 dominus
1714 1249 1926 1311 Lucas
1970 1251 2317 1309 canonicus
2363 1261 2426 1310 et
2471 1250 2708 1309 iuratus
2754 1252 3038 1310 notarius
3085 1248 3490 1327 Spalatensis

782 1359 899 1420 hiis
944 1361 1193 1421 interfui
1240 1371 1301 1421 et
1348 1361 1431 1421 de
1476 1361 1785 1422 mandato
1848 1361 2114 1442 predicti
2177 1363 2419 1422 domini
2481 1362 2910 1423 archidiaconi
2956 1372 3020 1423 et
3067 1362 3340 1422 vniuersi
3385 1380 3497 1421 ω-

782 1473 961 1550 pituli
1008 1484 1069 1533 et
1118 1492 1278 1548 mea,
1324 1488 1389 1533 vt
1435 1475 1665 1549 audiui,
1711 1488 1970 1557 rogatus
2015 1477 2233 1554 scripsi
2278 1485 2341 1535 et
2388 1475 2700 1536 roboraui.

958 1588 1253 1661 (Signum
1299 1592 1451 1655 not)

968 1804 1265 1878 Ortginal
1305 1825 1345 1861 u
1391 1804 1615 1863 arkivu
1675 1806 1924 1883 kaptola
1971 1828 2010 1863 u
2061 1808 2297 1883 Spljetu
2344 1828 2400 1865 a.
2453 1808 2623 1862 1269.
2675 1808 2774 1877 (X
2779 1806 2874 1865 VL
2927 1808 3006 1875 2„
3057 1808 3192 1877 24.)
3243 1838 3332 1847 —
3379 1806 3492 1863 Na

782 1908 986 1964 listini
1024 1910 1162 1966 vidi
1201 1928 1268 1965 se
1313 1917 1471 1983 trag,
1511 1911 1662 1986 gaJe
1688 1913 1764 1985 je
1808 1932 1842 1968 0
1885 1913 2062 1969 vrvci
2111 1914 2268 1969 visio
2303 1917 2503 1989 peffat.

957 2013 1215 2069 Farlati
1255 2013 1425 2085 Illyr.
1472 2033 1736 2071 sacrum.
1802 2015 1924 2073 III.
1993 2018 2134 2073 243.
2181 2019 2527 2092 (pogtjeJno
2563 2018 2697 2093 pod
2725 2036 2790 2090 g.
2840 2018 3050 2081 1270.)
3103 2050 3184 2059 —-
3253 2017 3506 2074 {Venzel

794 2114 934 2173 Coa.
995 2116 1141 2192 dipl.
1202 2116 1433 2192 Arpad.
1499 2127 1650 2175 cont.
1732 2120 1897 2177 VIII.
1964 2120 2102 2175 320.
2169 2130 2269 2196 (po
2332 2122 2696 2195 Farlatt's'u).
2749 2154 2826 2162 —
2893 2121 3274 2196 Kukuljevic'
3339 2123 3498 2194 Reg.

783 2240 878 2277 ne.
930 2224 1095 2278 1015.

2045 2516 2236 2594 969.

788 2667 993 2748 1269,
1042 2670 1104 2735 6.
1152 2667 1480 2735 oktobra.
1530 2670 1591 2735 U
1636 2668 1942 2755 Spljetu.
1987 2688 1996 2705 ⁸

806 2856 1071 2920 Vudt'na
1138 2841 1312 2922 Crne
1366 2859 1650 2944 prodaje
1712 2859 1972 2946 [Matzjz'
2022 2862 2050 2926 ι’
2113 2863 2433 2948 Dragoju
2488 2862 2830 2927 Kulaffzlu
2885 2864 3066 2927 ἐκάη
3115 2864 3324 2949 svoju
3369 2864 3512 2927 kod

1738 2975 1931 3037 crkve
1974 2997 2065 3038 sv.
2113 2977 2538 3061 Anastasz'je.

962 3165 1032 3224 In
1082 3167 1341 3226 nomine
1388 3167 1490 3226 dei
1536 3169 1734 3227 eterni
1780 3187 1990 3229 amen.
2065 3167 2264 3230 Anno
2310 3171 2768 3230 incarnacionis
2813 3171 3104 3231 eiusdem
3151 3169 3500 3232 millesimo

786 3277 1227 3338 ducentesimo
1288 3281 1693 3360 sexagesimo
1755 3299 1951 3355 non0,
1999 3282 2318 3342 indicione
2387 3282 2791 3358 duodecima,
2835 3283 2939 3344 die
2985 3293 3171 3344 sexta
3215 3286 3498 3346 intrante

785 3391 1071 3464 octobrii,
1118 3403 1423 3473 regnante
1482 3393 1749 3454 domino
1811 3405 2032 3455 nostro
2093 3395 2245 3456 Bela
2305 3396 2708 3457 serenissimo
2763 3415 2912 3478 rege
2960 3397 3266 3479 Vngarie,
3339 3409 3498 3459 tem-

784 3505 1045 3581 poribus
1076 3505 1321 3565 domini
1346 3504 1651 3585 Johannis
1682 3507 2059 3568 venerabilis
2091 3508 2482 3588 Spalatensis
2512 3509 2990 3589 archiepiscopi,
3025 3509 3241 3572 Miche
3275 3511 3496 3585 Madii,

786 3617 949 3678 Petri
1021 3615 1360 3692 Cerneche,
1426 3619 1628 3679 Dobri
1676 3620 1873 3682 Madii
1926 3621 2221 3682 iudicum.
2291 3621 2566 3684 Vulcina
2635 3621 2899 3705 (jernce,
2962 3642 3086 3684 una
3152 3642 3304 3684 cum
3375 3623 3495 3685 De-

788 3726 1087 3812 m(en)cia
1154 3749 1267 3792 sua
1334 3751 1537 3792 uxore
1604 3746 1897 3812 presente
1944 3745 2009 3795 et
2053 3738 2509 3809 consentiente,
2577 3755 2691 3814 per
2752 3735 2875 3796 hoc
2936 3755 3200 3814 presens
3270 3739 3498 3798 instru-

787 3852 1077 3902 mentum
1146 3853 1239 3904 est
1300 3845 1628 3906 consessus
1689 3859 1751 3906 et
1816 3849 2206 3924 manifestuS,
2251 3867 2320 3908 se
2379 3851 2729 3927 suscepisse
2775 3859 2839 3910 et
2886 3851 2950 3908 in
2996 3868 3065 3910 se
3111 3849 3418 3911 habuisse
3461 3872 3496 3911 a

788 3954 1050 4017 Matheo
1098 3968 1161 4016 et
1208 3955 1445 4038 Dragoi
1506 3977 1623 4019 suo
1686 3960 1873 4020 fratre
1938 3959 2206 4036 Culasici
2269 3964 2602 4042 sexaginta
2659 3962 2848 4022 libras
2895 3961 3310 4024 denariorum
3357 3983 3496 4042 par-

786 4087 1033 4142 uorum,
1100 4089 1216 4148 pro
1286 4070 1515 4147 quibus
1584 4071 1754 4132 libris
1824 4072 2032 4134 dictus
2079 4074 2355 4134 Vulcina
2402 4093 2547 4135 cum
2593 4075 2840 4154 prefata
2885 4093 3001 4136 sua
3047 4096 3252 4137 vxore
3299 4077 3495 4151 dedit,

785 4182 1053 4242 contulit
1083 4201 1159 4242 ac
1187 4185 1429 4260 precise
1476 4183 1763 4245 uendidit
1810 4186 2051 4246 eisdem
2100 4187 2368 4248 domum
2411 4207 2592 4248 suam
2627 4189 2959 4248 bannitam
2989 4207 3104 4267 per
3137 4208 3494 4268 preconem

785 4294 1037 4373 publice
1105 4297 1168 4355 in
1236 4296 1446 4374 platea
1513 4315 1662 4357 cum
1732 4298 2032 4358 omnibus
2101 4301 2228 4360 suis
2295 4303 2690 4379 pertinentiis
2751 4312 2816 4361 et
2876 4303 3376 4363 circumstantiis
3420 4322 3492 4364 ac

784 4407 1151 4483 rationibus,
1196 4423 1470 4487 excepta
1536 4413 1811 4470 statione
1880 4413 2136 4473 inferius
2181 4413 2266 4473 ad
2313 4433 2505 4487 mare,
2552 4433 2676 4490 que
2745 4415 3007 4476 uendita
3068 4425 3166 4475 est
3231 4415 3492 4478 Gaudio

786 4519 1097 4581 Kalende.
1160 4519 1303 4598 Que
1364 4523 1598 4582 domus
1643 4535 1739 4583 est
1784 4526 1848 4584 in
1896 4525 2184 4585 fenestris
2245 4527 2420 4587 iuxta
2483 4528 2819 4589 ecclesiam
2879 4539 3099 4589 sancte
3147 4526 3491 4591 Anastasie

784 4644 849 4693 et
892 4652 1093 4712 prope
1155 4633 1511 4709 balconem,
1574 4638 1679 4713 qui
1742 4637 1859 4697 suit
1925 4637 2172 4704 Nicolai
2219 4638 2454 4700 Duimi.
2519 4639 2698 4701 Dans
2758 4640 2967 4702 dictus
3015 4642 3300 4704 Vulcina
3349 4661 3495 4704 cum

783 4746 1027 4824 prefata
1072 4765 1185 4807 sua
1230 4767 1430 4808 vxore
1489 4749 1788 4826 predictis
1849 4750 2145 4812 fratribus
2205 4753 2462 4830 plenam
2525 4763 2916 4833 potestatem
2964 4757 3170 4834 ipsam
3218 4755 3495 4816 domum

782 4859 1080 4934 habendi,
1124 4862 1529 4938 possedendi,
1574 4862 1898 4923 uendendi
1962 4875 2024 4924 et
2073 4865 2375 4944 quicquid
2421 4867 2538 4927 sibi
2585 4887 2670 4928 ex
2715 4887 2792 4928 ea
2835 4868 3143 4946 placuerit
3193 4869 3496 4930 faciendi.

784 4973 1168 5033 Promittens
1213 4983 1275 5034 et
1322 4974 1615 5055 obligans
1660 4996 1728 5035 se
1776 4978 1910 5054 ipse
1957 4977 2232 5038 Vulcina
2279 4998 2425 5039 cum
2473 4999 2588 5040 sua
2632 5000 2834 5041 vxore
2878 4982 3168 5060 predicta
3215 4981 3492 5044 domum

784 5089 985 5164 ipsam
1048 5087 1131 5146 ab
1193 5090 1368 5147 omni
1430 5107 1702 5166 persona
1763 5092 1852 5150 eis
1915 5090 2247 5152 defensare
2308 5104 2370 5153 et
2433 5094 2953 5173 excalumpniare
3014 5113 3166 5155 cum
3213 5114 3498 5170 suorum,
