3797 5795
1897 373 2221 433 „50--

685 564 746 621 in
795 565 1110 640 presentia
1157 562 1398 621 domini
1451 562 1719 622 Prodani
1767 575 1830 622 et
1880 562 2085 622 fratris
2130 564 2224 622 sui
2257 559 2567 642 Gru(b)cii
2603 573 2666 619 et
2700 563 2822 620 mei
2858 561 2921 620 P.
2958 559 3103 620 dicti
3147 563 3392 620 romani

685 675 892 734 clerici
939 674 1021 734 dc
1071 673 1346 738 paliano.
1394 675 1500 752 qui
1547 676 1850 753 scriptum
1897 693 2162 754 presens
2209 677 2445 753 scripsi.

871 867 1167 938 Orzgrinal
1219 887 1302 922 na
1355 867 1725 942 pergameni
1768 887 1807 923 u
1856 867 2078 924 arkivu
2140 867 2388 942 kaptola
2438 887 2477 922 u
2528 865 2783 941 Spljetu.
2858 866 2965 922 Na
3014 866 3221 922 listini
3260 867 3397 922 vidi

685 993 750 1027 se·
798 981 940 1045 trag
973 973 1124 1045 gdje·
1153 973 1228 1045 je
1272 991 1304 1027 0
1350 973 1527 1028 vrvci
1567 972 1724 1028 visio
1765 977 1962 1046 pedat.

863 1076 1116 1132 Farlati
1175 1075 1269 1132 lll.
1331 1094 1578 1132 sacrum
1643 1074 1761 1132 Ill.
1815 1078 1955 1130 279.
2008 1109 2091 1116 —-—
2156 1076 2401 1131 lVenze’l
2450 1075 2595 1133 Cod.
2644 1074 2793 1149 dipl.
2843 1074 2988 1149 Arp.
3036 1083 3192 1131 cont.
3260 1073 3387 1130 Vll.

690 1183 830 1235 437.
881 1215 964 1220 ——
1013 1180 1388 1255 Kukuljevic'
1425 1181 1573 1252 Reg.
1621 1199 1715 1236 no,
1772 1183 1896 1234 717.

1949 1469 2145 1550 576.

684 1663 884 1742 1257,
929 1663 992 1726 8.
1035 1663 1408 1745 januara..¹
1453 1662 1513 1728 U
1559 1661 1868 1728 Roiatu.

1031 1851 1435 1936 Potvrdjuje·
1479 1874 1549 1913 se
1595 1851 1980 1914 lokrumski
2021 1851 2195 1913 z'zbor
2237 1852 2325 1913 od
2368 1857 2428 1912 4.
2478 1850 2819 1912 decembr-a
2866 1853 3058 1914 1256.

857 2045 1054 2106 Anno
1117 2045 1566 2128 incarnationis
1631 2042 1876 2104 domini
1942 2043 2277 2105 millesimo
2339 2042 2783 2104 ducentesimo
2859 2043 3393 2121 quinquagesimo

681 2161 978 2237 septim0‚
1039 2160 1274 2218 mensis
1320 2159 1598 2230 ianuarii,
1661 2168 1892 2217 octavo
1941 2157 2044 2216 die
2094 2159 2365 2216 intrante
2414 2204 2424 2213 .
2473 2205 2486 2214 .
2535 2204 2548 2213 .
2597 2205 2608 2214 .
2662 2154 2961 2216 Monachi
3028 2156 3389 2215 monasterii

679 2283 939 2332 sanctae
989 2270 1226 2332 Mariae
1271 2283 1335 2331 et
1381 2273 1579 2331 sancti
1643 2269 1969 2330 Benedicti
2016 2269 2099 2329 de
2144 2268 2345 2328 insula
2411 2269 2911 2329 Lacromonensi
2960 2266 3042 2328 de
3092 2268 3387 2349 RagusiO,

681 2384 973 2445 videlicet
1021 2385 1354 2463 presbyter
1415 2383 1732 2457 Domana,
1777 2383 1987 2453 Slove‚
2049 2381 2281 2442 Paulus
2325 2393 2390 2442 et
2438 2381 2765 2454 Martolu5‚
2828 2382 3002 2441 bona
3062 2382 3389 2442 voluntate

681 2499 973 2557 omnium
1038 2497 1296 2557 fratrum
1359 2507 1421 2557 et
1487 2496 1951 2557 monachorum
2012 2493 2276 2573 predicti
2339 2497 2702 2555 monasterii
2768 2497 2828 2553 in
2876 2497 3193 2573 presentia
3244 2493 3387 2556 sub-

681 2614 1062 2690 scriptorum
1107 2613 1363 2670 testium
1410 2609 1492 2669 ad
1539 2609 1663 2669 hoc
1709 2609 2062 2687 specialiter
2108 2609 2565 2686 convocatistlj,
2609 2609 2672 2666 in
2704 2608 2971 2668 ecclesia
3020 2607 3381 2667 monasterii

681 2736 902 2786 sancte
971 2723 1167 2784 Marie
1235 2723 1318 2784 de
1385 2723 1624 2784 Razato
1699 2734 2143 2800 presentavere
2220 2720 2489 2780 domino
2558 2718 2833 2799 johanni
2903 2721 3257 2798 presbitero
3324 2731 3387 2779 et

685 2837 1004 2899 monacho
1050 2839 1236 2916 priori
1285 2838 1540 2916 priorati
1589 2849 1807 2894 sancte
1857 2833 2055 2894 Marie
2101 2833 2184 2893 de
2232 2833 2470 2894 Razato
2532 2835 2912 2894 electionem
2960 2834 3045 2892 ab
3092 2833 3391 2892 omnibus

681 2952 980 3031 predictis
1055 2951 1289 3011 factam
1367 2962 1428 3009 et
1505 2949 1841 3030 sigillatam
1911 2966 2059 3007 curn
2138 2948 2441 3025 pendenti
2520 2947 2723 3028 sigillo
2794 2947 2943 3006 dicti
3026 2947 3388 3006 monasterii

685 3066 1222 3126 Lacromonensis
1288 3067 1351 3123 in
1423 3066 1629 3141 ipsum
1699 3070 2107 3139 prenotaturn
2174 3060 2508 3120 dominum
2573 3059 2892 3140 Joannem
2953 3069 3261 3139 tanquam
3329 3060 3385 3117 in

679 3179 982 3239 abbatem
1031 3187 1094 3237 et
1141 3190 1464 3255 pastorem
1509 3193 1750 3235 eorum.
1801 3174 1869 3233 In
1918 3175 2095 3234 cuius
2140 3172 2467 3255 electionis
2513 3182 2685 3233 carta
2732 3174 2821 3232 sic
2869 3174 3105 3250 incipit.

857 3294 1118 3367 (Slijedz‘
1159 3292 1376 3347 listina
1426 3295 1478 3345 4.
1529 3289 1850 3345 decembra
1900 3292 2103 3349 1256.)

855 3403 1094 3466 Actum
1155 3413 1249 3463 est
1313 3402 1435 3461 hoc
1479 3400 1541 3463 in
1588 3412 1926 3479 prenotata
1992 3399 2258 3460 ecclesia
2326 3408 2545 3460 sancte
2610 3398 2809 3460 Marie
2876 3398 3244 3458 monasterii
3308 3396 3389 3457 de

685 3519 940 3579 RazatO.
989 3516 1096 3576 Hii
1142 3527 1287 3576 sunt
1335 3525 1543 3575 testes,

853 3629 893 3711 †
940 3630 1080 3711 Ego
1154 3628 1462 3707 presbiter
1531 3616 1699 3687 Elias
1751 3626 2020 3699 viviani,
2086 3627 2433 3687 canonicus
2503 3638 2721 3685 sancte
2794 3624 2993 3684 Marie
3070 3622 3389 3705 Ragusine

683 3744 949 3805 ecclesie
994 3762 1136 3803 sum
1182 3743 1373 3802 testis,

853 3856 893 3937 †
939 3856 1078 3937 Ego
1123 3856 1384 3916 clericus
1429 3852 1765 3915 Gervasius
1823 3854 2108 3919 Petrana.
2156 3853 2500 3912 canonicus
2548 3861 2768 3911 sancte
2816 3850 3014 3911 Marie
3064 3850 3383 3931 Ragusine

685 3968 999 4049 (ecclesie)
1047 3987 1188 4029 sum
1235 3970 1427 4028 testis.

853 4082 894 4161 ’ἱ-
939 4082 1080 4163 Ego
1139 4081 1400 4141 clericus
1463 4079 1798 4159 Rubanam
1851 4078 2087 4150 Rosini,
2156 4079 2500 4137 canonicus
2555 4086 2774 4136 sancte
2823 4074 3021 4135 Marie
3068 4076 3389 4156 Ragusine

682 4195 946 4256 ecclesie
991 4213 1132 4254 sum
1180 4196 1370 4254 testis
1420 4192 1501 4254 Et
1542 4211 1663 4274 ego
1709 4191 2018 4270 presbiter
2048 4189 2321 4250 Pascalis
2352 4189 2434 4249 de
2468 4187 2727 4268 Capalu‚
2774 4189 3119 4249 canonicus
3164 4198 3383 4248 sancte

681 4307 882 4371 Marie
929 4308 1246 4388 Ragusine
1313 4306 1576 4366 ecclesie
1621 4314 1684 4365 et
1731 4306 2093 4363 communis
2155 4303 2410 4383 Ragusii
2475 4306 2754 4362 notarius
2815 4304 3051 4362 iuratus
3113 4304 3379 4379 scriptor

683 4440 824 4482 sum
871 4434 934 4480 et
981 4422 1172 4495 testis,
1217 4418 1535 4497 complevi
1580 4428 1644 4478 et
1692 4418 2003 4475 roboravi.

857 4614 1112 4670 Farlati
1153 4612 1248 4669 Ill.
1294 4631 1556 4668 sacrum.
1620 4610 1713 4668 VI.
1763 4612 2022 4667 108-9,
2070 4641 2151 4651 -
2200 4608 2568 4680 Kukuljevic
2612 4610 2762 4679 Reg.
2812 4626 2909 4665 no,
2970 4610 3101 4663 726.

828 4998 844 5027 ¹
880 4998 1055 5050 Posto
1093 4996 1363 5063 indikcija
1398 4996 1514 5063 nije
1552 4994 1850 5059 oznaeena,
1889 4994 2054 5046 tesko
2088 4996 2147 5062 Je
2184 4994 2519 5063 sigurnoscu
2557 4993 2686 5059 reci,
2726 4994 2799 5045 da
2835 4992 2869 5043 li
2911 5008 3018 5045 ova
3064 4992 3253 5045 listina
3290 4993 3379 5046 ide

683 5102 716 5137 u
756 5086 886 5152 god.
928 5088 1080 5136 1257.
1121 5083 1176 5135 ili
1219 5087 1370 5135 1258.
