3797 5795
1506 416 1584 423 —
1647 380 1912 445 253—

1615 672 1806 752 755.

381 866 562 947 1263,
605 867 672 931 7.
721 862 1166 948 septembre..

383 1056 550 1119 Pred
607 1054 940 1137 kaptolom
1007 1053 1460 1117 cozmanskim
1525 1056 1862 1140 ustupaju
1930 1053 2187 1127 Danz'cf,
2264 1055 2583 1139 Jan‘slav
2650 1054 2686 1118 ι’
2744 1054 3059 1119 Βναηίὲα

378 1168 602 1253 zemlju
645 1166 998 1231 Predz‘mt'h
1048 1166 1445 1245 Salamonu,
1494 1168 1664 1231 sinu
1713 1166 2037 1231 Galovom
2085 1188 2165 1231 uz
2212 1169 2481 1232 ods‘tetu
2526 1169 2618 1231 od
2660 1168 2763 1232 tri
2804 1170 3055 1232 mark-e.

535 1359 891 1441 Capitulum
939 1358 1348 1425 Chasmensis
1393 1361 1658 1421 ecclesie
1705 1360 2007 1421 omnibus
2050 1360 2135 1421 ad
2196 1380 2361 1441 quos
2420 1380 2683 1440 presens
2742 1363 3055 1441 scriptum

377 1476 711 1555 peruenerit
754 1475 1024 1535 salutem
1071 1476 1136 1535 in
1199 1473 1484 1535 domino,
1554 1471 1664 1536 Ad
1735 1476 2175 1535 uniuersorum
2239 1474 2541 1536 noticiam
2606 1473 2833 1537 harum
2895 1476 3056 1536 serie

377 1587 648 1649 uolumus
713 1589 1060 1665 peruenire,
1121 1586 1300 1667 quod
1365 1588 1690 1647 constituti
1759 1604 1980 1647 coram
2050 1586 2235 1647 nobis
2303 1586 2724 1665 personaliter
2799 1587 2883 1648 ab
2929 1606 3058 1648 una

377 1712 538 1779 parte
579 1699 883 1763 Salamon
929 1698 1094 1762 filius
1139 1697 1356 1773 GaluS‚
1401 1699 1486 1760 ab
1529 1699 1729 1761 altera
1773 1718 1927 1760 vero
1972 1698 2242 1772 Danich,
2304 1698 2599 1761 Gurislov
2646 1699 2751 1761 filii
2803 1699 3055 1762 Danich

378 1828 432 1874 et
475 1812 700 1874 Bransa
731 1811 894 1873 filius
919 1812 1082 1893 Jurc,
1113 1814 1222 1892 qui
1253 1822 1316 1873 et
1348 1823 1837 1891 proposuerunt,
1885 1812 2063 1891 quod
2110 1821 2333 1873 contra
2380 1814 2587 1892 ipsum
2634 1810 3052 1875 Salamonem

375 1946 479 2005 pro
522 1936 678 1987 terra
726 1928 988 1986 nomine
1037 1925 1355 1987 Predimih
1401 1944 1620 1999 coram
1669 1928 1975 2007 magistro
2012 1924 2202 2004 Moys
2234 1928 2585 1986 mouissent
2633 1928 3057 2004 questionem,

377 2041 556 2118 ipsam
601 2049 834 2100 terram
897 2040 1320 2119 requirentes;
1381 2058 1508 2119 que
1569 2034 1810 2122 c[aus]a
1873 2038 1958 2100 ad
2018 2038 2313 2098 ultimum
2376 2038 2460 2099 ad
2520 2038 2717 2099 talem
2780 2039 3057 2099 formam

374 2155 530 2232 pacis
573 2152 948 2225 deuenisset‚
995 2152 1172 2231 quod
1216 2154 1332 2231 ipsi
1356 2151 1756 2232 reliquissent
1803 2162 2007 2213 totam
2055 2171 2317 2214 causam
2364 2162 2611 2213 motam
2658 2172 2775 2231 pro
2824 2152 3053 2231 eadem

377 2277 526 2327 terra
572 2278 631 2327 et
675 2266 880 2327 dictus
926 2264 1238 2328 Salomon
1271 2263 1335 2348 (1)
1383 2265 1788 2344 persoluisset
1843 2278 1971 2325 tres
2025 2284 2287 2326 marcas.
2338 2264 2466 2343 Qui
2497 2264 2810 2328 Salomon
2845 2266 3052 2325 eciam

375 2398 575 2439 coram
621 2380 804 2440 nobis
849 2379 1152 2457 persoluit
1206 2379 1434 2439 decem
1503 2397 1734 2457 pensas
1803 2378 2065 2451 eisdem,
2132 2390 2201 2439 ut
2273 2379 2492 2439 maiori
2554 2397 2715 2457 pace
2777 2377 3050 2439 eandem

375 2504 590 2553 terram
635 2492 954 2553 Predimih
998 2493 1347 2566 roboraret,
1392 2491 1656 2570 predicti
1722 2511 1871 2552 vero
1932 2490 2017 2553 fili
2038 2489 2102 2573 (1)
2172 2491 2379 2553 Danic
2424 2502 2487 2553 et
2535 2492 2774 2553 Bransa
2820 2510 3049 2553 renun-

374 2606 596 2666 ciantes
635 2624 853 2665 coram
899 2605 1086 2667 nobis
1125 2606 1426 2665 omnibus
1471 2605 1927 2665 exaccionibus
1980 2605 2104 2666 litis
2150 2603 2389 2665 dictam
2438 2615 2669 2666 terram
2716 2602 3050 2666 Salomoni

375 2730 432 2778 et
471 2717 602 2779 filiis
645 2721 773 2779 suis
815 2717 1219 2796 filiorumque
1265 2718 1736 2778 successoribus
1798 2717 2187 2795 reliquerunt
2232 2716 2499 2797 pacifice
2544 2728 2608 2778 et
2655 2720 2871 2796 quiete
2917 2720 3049 2777 iure

373 2842 663 2912 perpetuo
709 2830 1181 2911 possidendam.
1231 2828 1426 2894 Cuius
1472 2841 1633 2891 terre
1690 2833 1894 2911 prima
1958 2840 2147 2906 meta,
2192 2833 2355 2892 sicut
2400 2831 2676 2891 uidimus
2721 2833 2785 2890 in
2833 2830 3055 2891 litteris

377 2947 632 3025 magistri
681 2945 888 3024 MoyS,
935 2947 998 3005 in
1046 2964 1172 3023 qua
1218 2947 1420 3005 eciam
1467 2955 1604 3004 tota
1649 2947 1839 3005 series
1885 2963 2025 3005 esse
2070 2940 2619 3028 comp[re]nditur,
2676 2945 2890 3022 incipit
2938 2963 3049 3024 per

376 3076 550 3118 unam
594 3058 888 3119 arborem
935 3057 1100 3119 bicsa
1147 3076 1336 3119 cruce
1381 3060 1712 3139 signatam,
1757 3058 1877 3118 sub
1926 3077 2052 3138 qua
2099 3068 2194 3118 est
2236 3069 2407 3119 meta
2439 3070 2641 3118 terrea
2672 3059 2849 3118 iuxta
2878 3059 3050 3118 uiam

373 3189 672 3253 magnam,
718 3172 1028 3232 transiens
1072 3173 1278 3249 ipsam
1327 3173 1495 3231 uiam
1544 3171 1748 3232 tendit
1795 3189 2015 3232 uersus
2060 3175 2371 3232 orientem
2405 3190 2520 3250 per
2553 3189 2747 3232 unam
2796 3170 3049 3242 uallem,

373 3283 586 3345 deinde
651 3283 939 3364 procedit
986 3283 1069 3345 ad
1117 3283 1277 3346 duas
1345 3283 1604 3344 arbores
1665 3284 1850 3356 bicsa,
1914 3283 2063 3345 inde
2124 3284 2301 3346 uadit
2362 3287 2649 3363 superius
2710 3282 2794 3344 ad
2857 3301 3053 3345 unam

371 3397 644 3458 arborem
693 3398 878 3472 bicsa,
925 3397 1028 3458 ubi
1078 3406 1507 3458 commetatur
1553 3409 1907 3459 castrenses
1926 3395 1990 3480 (1)
2038 3397 2121 3459 de
2154 3396 2535 3470 Korbonuk,
2567 3396 2806 3458 exinde
2837 3407 3053 3457 autem

373 3509 684 3572 descendit
728 3510 814 3572 ad
858 3529 1094 3589 aquam
1142 3507 1516 3584 Gurbonuc,
1581 3511 1687 3570 ubi
1735 3521 1830 3571 est
1877 3529 2005 3572 una
2050 3511 2240 3571 arbor
2286 3510 2463 3571 narsa
2510 3521 2573 3570 et
2618 3529 2732 3588 per
2778 3509 3053 3570 eandem

372 3641 588 3701 aquam
632 3641 858 3702 parum
904 3625 1190 3701 superius
1235 3625 1499 3684 ueniens
1557 3624 1781 3684 transit
1853 3625 2057 3702 ipsam
2120 3641 2355 3701 aquam
2416 3641 2530 3701 per
2589 3622 2751 3684 duas
2796 3623 3056 3684 arbores

371 3737 576 3817 egursa
617 3749 679 3798 et
724 3756 840 3816 per
883 3755 1084 3798 unum
1129 3736 1404 3797 riuulum
1451 3737 1739 3797 ascendit
1785 3739 2071 3816 superius
2115 3737 2199 3798 ad
2248 3747 2539 3798 montem
2601 3755 2825 3797 uersus
2873 3739 3055 3797 meri-

371 3848 674 3912 dionalem
693 3849 758 3932 (ἔ)
791 3863 855 3911 et
886 3850 1124 3912 ibidem
1173 3861 1533 3911 cometatur
1562 3849 1818 3911 cuidam
1849 3851 2027 3910 iune¹
2062 3852 2497 3924 castrensium,
2537 3849 2687 3910 inde
2718 3848 3053 3910 descendit

371 3961 446 4021 ad
487 3981 674 4025 unam
721 3961 956 4024 uallem
1002 3963 1304 4024 siluosam
1335 3974 1399 4024 et
1430 3982 1544 4042 per
1589 3965 1795 4042 ipsam
1841 3962 2075 4024 uallem
2109 3965 2283 4024 uenit
2314 3965 2599 4042 superius
2631 3961 2714 4023 ad
2750 3980 3053 4044 magnam

371 4075 528 4136 uiam
574 4087 634 4136 et
679 4077 763 4138 ibi
811 4085 1172 4137 cometatur
1217 4077 1643 4138 castrensibus
1689 4077 1771 4138 de
1819 4077 2106 4150 Musina;
2153 4075 2301 4137 inde
2332 4095 2448 4155 per
2494 4074 2821 4154 quandam
2869 4076 3057 4148 uiam,

371 4207 486 4267 que
530 4191 698 4252 uenit
745 4209 830 4250 ex
879 4188 1296 4263 meridionali,
1356 4189 1690 4251 descendit
1745 4192 1975 4252 iterum
2023 4188 2107 4250 ad
2153 4207 2389 4269 aquam
2434 4186 2786 4250 Gurbonuc
2832 4197 2897 4248 et
2943 4206 3057 4266 per

371 4300 628 4364 eandem
674 4321 909 4381 aquam
957 4301 1135 4363 uadit
1179 4302 1262 4362 ad
1308 4301 1711 4364 occidentem
1759 4321 1874 4382 per
1921 4303 2319 4384 longinqua,⁸
2385 4301 2495 4362 ubi
2559 4310 2706 4361 sunt
2754 4299 2905 4361 dicti
2955 4317 3058 4358 ca-

372 4424 629 4476 strenses
674 4417 1138 4489 commetanei;
1183 4424 1248 4475 et
1279 4414 1515 4476 exinde
1546 4415 1836 4494 procedit
1868 4415 1954 4476 ad
1984 4433 2178 4475 unam
2228 4413 2459 4475 uallem
2493 4413 2711 4492 Yvya⁸
2758 4411 3057 4472 nomine³

369 4525 447 4586 ad
488 4528 1066 4606 septemtrionalem
1088 4526 1152 4611 (i)
1200 4538 1264 4589 et
1319 4528 1404 4588 ibi
1459 4529 1883 4590 cometabitur
1929 4539 2094 4589 terre
2139 4527 2443 4606 Voycha;
2490 4526 2727 4587 exinde
2772 4525 3059 4606 superius

372 4642 617 4702 ueniens
660 4641 948 4703 ascendit
995 4641 1080 4704 ad
1126 4658 1428 4724 magnam
1475 4643 1666 4714 uiam,
1714 4641 1819 4702 ubi
1867 4650 1962 4702 est
1995 4659 2121 4700 una
2152 4641 2343 4702 arbor
2372 4641 2539 4701 bicta
2571 4657 2758 4701 cruce
2790 4640 3057 4720 signata,

375 4751 484 4812 sub
529 4772 650 4833 qua
695 4765 792 4816 est
841 4765 1014 4817 meta
1060 4764 1262 4816 terrea
1309 4767 1372 4816 et
1418 4755 1505 4819 ibi
1565 4754 2062 4817 commetabitur
2123 4764 2285 4815 terre
2343 4753 2651 4816 Drasmez
2712 4765 2775 4813 et
2821 4751 3058 4814 exinde

373 4883 476 4942 per
519 4869 788 4930 eandem
836 4871 1009 4930 uiam
1055 4871 1321 4930 ueniens
1367 4868 1795 4929 cometabitur
1839 4879 2007 4928 terre
2066 4865 2401 4940 Scebesk⁴‚
2459 4866 2817 4946 procedens
2884 4865 3053 4924 enim

536 5024 550 5052 ¹
585 5025 695 5079 sic!
745 5041 782 5078 u
829 5025 1002 5078 listini
1055 5025 1132 5077 od
1171 5026 1322 5076 1264.
1363 5028 1444 5075 10.
1483 5021 1660 5090 aprila
1710 5023 1888 5074 uinee.
1965 5019 1985 5048 ²
2034 5023 2215 5074 1264.:
2261 5021 2543 5091 longinca.
2620 5023 2639 5052 ³
2684 5021 2887 5088 pisano
2948 5019 3059 5071 dva

372 5117 500 5174 puta
532 5123 848 5182 uzastopce.
927 5117 946 5146 ⁴
983 5113 1142 5166 moie
1179 5112 1280 5164 biti
1319 5112 1360 5164 i:
1399 5109 1658 5176 Stebesk‚
1698 5113 1882 5162 1264.:
1924 5109 2188 5162 Scebesk.
