3797 5795
1806 370 2211 436 -306-

648 576 855 625 uestra
886 563 1002 624 fuit
1033 565 1435 642 propositum
1481 581 1702 624 coram
1748 565 1952 638 nobiS‚
1998 563 2175 642 quod
2222 582 2367 624 cum
2403 583 2523 624 nos
2556 583 2756 643 nuper
2800 565 3147 626 venerabili
3180 563 3349 625 {ratri

647 689 867 737 nostro
915 677 1290 758 (Laurentio
1335 674 1842 757 archi)episcopo
1883 676 2171 756 Jadrensi
2218 690 2282 738 et
2338 676 2573 738 dilecto
2618 675 2748 738 filio
2797 725 3116 738 ......
3160 677 3361 738 archi-

646 791 1021 869 presbytero
1069 788 1384 867 EquilinO,
1445 791 1674 850 nostris
1733 790 1854 850 sub
1914 801 2087 850 certa
2130 789 2339 850 forma
2385 789 2749 851 dederimus
2796 791 3013 852 litteris
3060 794 3123 850 in
3172 809 3351 851 man-

648 903 830 976 datis,
862 918 930 963 ut
962 904 1095 982 ipse
1127 903 1229 962 uel
1261 921 1484 964 eorum
1531 902 1690 962 alter
1737 901 2084 963 Laurentio
2132 914 2284 962 nato
2332 903 2563 964 nobilis
2608 906 2721 963 uiri
2765 903 2981 984 Jacobi
3032 902 3357 981 Theupuli

647 1015 826 1076 ducis
873 1016 1292 1089 Venetorum,
1339 1015 1438 1076 uel
1501 1017 1893 1094 procuratori
1956 1033 2074 1076 suo
2135 1015 2269 1076 eius
2332 1018 2592 1076 nomine
2645 1016 2729 1075 ab
2774 1015 3056 1077 ecclesiis
3102 1027 3163 1075 et
3214 1035 3348 1076 mo-

647 1130 935 1192 nasteriis
1012 1127 1322 1205 Jadrensis
1391 1136 1452 1188 et
1523 1127 1577 1188 F
1578 1127 1901 1200 eldrensiS,
1967 1146 2044 1188 ac
2116 1127 2487 1188 Belunensis
2546 1129 2875 1190 ciuitatum
2944 1140 3009 1189 et
3081 1128 3353 1188 diocesis

647 1242 964 1320 exemptis
1025 1253 1088 1301 et
1149 1259 1280 1302 non
1343 1241 1660 1319 exemptis
1721 1240 1956 1301 faceret
2018 1260 2093 1301 ea
2156 1242 2295 1302 uice
2356 1240 2697 1302 dumtaxat
2743 1243 2805 1301 in
2852 1251 3114 1302 centum
3182 1241 3355 1302 libris

645 1355 1066 1432 imperialium
1110 1373 1228 1433 pro
1275 1352 1566 1414 emendis
1610 1353 1726 1413 sibi
1776 1353 1965 1426 libriS,
2012 1356 2075 1414 in
2122 1355 2354 1432 quibus
2398 1353 2655 1414 studere
2715 1355 2925 1415 ualeat
2972 1373 3085 1433 per
3132 1373 3201 1413 se
3246 1354 3351 1414 uel

646 1487 760 1546 per
805 1468 998 1528 alium
1044 1486 1156 1527 seu
1199 1467 1358 1527 alios
1403 1465 1740 1546 prouideri,
1784 1465 2286 1528 contradictores
2332 1485 2446 1546 per
2478 1485 2811 1528 censuram
2858 1467 3353 1528 ecclesiasticam

644 1579 1074 1658 appellatione
1136 1581 1488 1658 postposita
1550 1579 2046 1658 compescendO,
2106 1579 2314 1640 dictus
2376 1579 2889 1658 archiepiscopus
2936 1599 3055 1640 uos
3104 1581 3353 1641 monuit

644 1695 1020 1753 auctoritate
1067 1691 1428 1752 huiusmodi
1473 1691 1840 1766 litterarum,
1886 1703 1955 1752 ut
2000 1692 2329 1772 quandam
2378 1692 2733 1754 huiusmodi
2782 1696 3055 1771 pecunie
3101 1695 3339 1771 quanti-

649 1814 869 1879 tatem,
901 1824 1096 1884 quam
1129 1815 1428 1883 pretextu
1453 1806 1832 1883 prouisionis
1862 1804 2226 1866 huiusmodi
2251 1805 2436 1865 uobis
2462 1807 2779 1884 imposuit,
2809 1805 2988 1866 dicto
3010 1805 3357 1866 Laurentio

644 1919 993 1980 solueretis.
1037 1917 1234 1980 Vnde
1294 1918 1480 1980 nobis
1544 1916 1861 1978 humiliter
1922 1918 2335 1997 supplicastiS,
2380 1931 2450 1978 ut
2494 1936 2643 1978 cum
2688 1921 2799 1980 uix
2845 1918 3131 1980 habeatis
3176 1919 3353 1979 unde

642 2034 900 2110 possitis
961 2031 1239 2092 comode
1299 2033 1652 2104 sustentari,
1697 2031 2034 2110 prouidere
2081 2033 2141 2091 in
2190 2031 2308 2092 hac
2356 2042 2535 2109 parte
2596 2032 2781 2092 uobis
2826 2032 2911 2093 de
2957 2033 3355 2113 benignitate

643 2144 830 2206 solita
888 2163 1270 2207 curaremus,
1319 2143 1455 2204 Nos
1515 2145 1701 2225 igitur
1760 2155 2099 2223 paternum
2170 2147 2335 2206 circa
2383 2164 2513 2218 uOS,
2561 2163 2719 2224 quas
2764 2145 2978 2205 reddit
3027 2145 3359 2206 muliebris

647 2276 845 2318 sexus
893 2257 1194 2338 fragilitas
1239 2257 1580 2331 inbecilleS,
1625 2267 1919 2339 gerentes
1986 2259 2237 2336 pietatis
2282 2258 2585 2320 affectum
2634 2273 2883 2336 nosque
2929 2270 3191 2337 propter
3238 2259 3361 2318 hoc

643 2380 709 2430 et
779 2373 1237 2432 monasterium
1308 2380 1587 2432 uestrum
1656 2371 1739 2431 ab
1801 2370 2171 2431 huiusmodi
2241 2370 2507 2449 predicti
2582 2371 2904 2432 Laurentii
2985 2373 3357 2450 prouisione

645 2485 1022 2545 auctoritate
1082 2486 1469 2563 presentium
1531 2485 1888 2545 eximentes
1950 2483 2179 2545 eadem
2241 2485 2427 2544 uobis
2492 2486 2869 2546 auctoritate
2915 2483 3355 2556 concedimus,

645 2607 714 2656 ut
759 2597 841 2657 ad
888 2597 1424 2658 contribuendum
1473 2599 1536 2657 in
1583 2598 2139 2676 procurationibus
2200 2597 2559 2679 legatorum
2604 2615 2715 2658 seu
2763 2598 3137 2658 nuntiorum
3200 2615 3359 2675 apo-

645 2710 866 2771 stolice
933 2709 1102 2770 sedis
1170 2712 1305 2771 siue
1364 2713 1426 2770 in
1489 2710 1932 2770 exactionibus
2000 2711 2102 2770 uel
2171 2710 2455 2771 collectis
2520 2721 2629 2771 aut
2698 2710 3170 2788 prouisionibus
3240 2729 3355 2770 seu

644 2822 938 2884 subsidiis
982 2823 1492 2903 quibuscumque
1538 2841 1738 2904 usque
1783 2822 1867 2883 ad
1915 2824 2257 2884 triennium
2303 2825 2567 2884 minime
2614 2825 2977 2896 teneamini,
3010 2841 3129 2883 nec
3166 2822 3251 2882 ad
3284 2823 3351 2882 id

645 2936 944 3015 compelli
1011 2938 1264 3016 possitis
1323 2956 1436 3015 per
1495 2935 1732 2997 litteras
1798 2936 1969 2997 dicte
2036 2936 2205 2997 sedis
2272 2937 2373 2998 uel
2421 2936 2777 3018 legatorum
2822 2945 2932 2997 aut
2980 2938 3349 2996 nuntiorum

646 3051 947 3127 ipsorum,
995 3050 1109 3109 nisi
1173 3050 1366 3127 ipsius
1427 3048 1594 3109 sedis
1655 3050 1860 3109 littere
1920 3050 2179 3128 plenam
2224 3060 2289 3110 et
2335 3068 2708 3129 expressam
2772 3050 3036 3109 fecerint
3086 3048 3169 3109 de
3212 3068 3358 3127 pre-

645 3162 930 3223 sentibus
975 3172 1040 3222 et
1088 3174 1300 3223 uestro
1362 3162 1585 3222 ordine
1647 3164 2061 3223 mentionem.
2110 3162 2247 3224 Nos
2309 3166 2481 3224 enim
2530 3182 2614 3223 ex
2660 3180 2830 3222 nunc
2893 3180 3123 3222 omnes
3166 3163 3353 3222 inter-

648 3274 817 3349 dicti,
861 3278 1293 3354 suspensionis
1340 3286 1403 3335 et
1449 3277 2136 3336 excommunicationis
2196 3277 2558 3349 sententias,
2604 3278 2652 3336 si
2702 3294 2859 3355 quas
2922 3285 3183 3354 propter
3230 3274 3361 3334 hoc

647 3390 710 3446 in
758 3405 876 3448 uos
916 3388 1018 3449 uel
1080 3398 1362 3449 uestrum
1433 3389 1712 3466 aliquam
1781 3407 1896 3449 seu
1963 3388 2207 3466 aliquas
2274 3399 2383 3449 aut
2454 3392 2517 3449 in
2584 3387 2829 3449 dictum
2898 3388 3359 3448 monasterium

648 3502 1034 3583 promulgari
1096 3503 1449 3582 contigerit,
1495 3502 1694 3561 irritas
1757 3500 2160 3561 decernimus
2220 3515 2283 3562 et
2346 3504 2583 3563 inanes,
2632 3500 2804 3562 Nulli
2866 3518 3024 3582 ergo
3092 3502 3361 3559 omnino

649 3612 984 3675 hominum
1031 3614 1214 3674 liceat
1263 3612 1427 3674 hanc
1472 3616 1772 3695 paginam
1837 3625 2052 3675 nostre
2120 3616 2570 3693 exemptioni5‚
2616 3615 3051 3675 concessionis
3096 3624 3158 3673 et
3206 3631 3363 3673 con-

647 3727 990 3787 stitutionis
1036 3728 1376 3809 insringere
1421 3728 1525 3788 uel
1571 3729 1626 3787 ei
1670 3746 1825 3787 ausu
1885 3730 2225 3787 temerario
2289 3728 2620 3788 contraire.
2667 3726 2733 3789 Si
2780 3727 2923 3806 quis
2972 3738 3189 3787 autem
3236 3724 3363 3785 hoc

646 3848 1028 3919 attemptare
1089 3842 1558 3918 presumpserit,
1623 3839 2133 3922 indignationem
2195 3843 2657 3919 omnipotentis
2718 3839 2823 3899 dei
2885 3850 2950 3899 et
3022 3840 3361 3899 beatorum

648 3950 814 4012 Petri
883 3963 946 4013 et
1014 3952 1188 4013 Pauli
1258 3953 1700 4033 apostolorum
1770 3956 1905 4014 eius
1971 3972 2039 4013 se
2110 3954 2362 4014 nouerit
2432 3955 2846 4014 incursurum.
2896 3952 3141 4013 Datum
3186 3951 3363 4030 apud

651 4062 898 4125 Vrbem
947 4075 1230 4127 ueterem
1277 4065 1382 4126 III.
1432 4084 1636 4127 nonas
1679 4066 2078 4145 septembris,
2124 4066 2536 4144 pontificatus
2584 4066 2776 4125 nostri
2826 4084 3001 4125 anno
3049 4067 3251 4125 tertio.

831 4282 1135 4357 Ongz’nal
1174 4304 1214 4341 u
1251 4284 1513 4359 gubern.
1578 4284 1802 4341 arkivu
1849 4305 1888 4341 u
1937 4286 2170 4353 Zadru‚
2232 4285 2374 4341 odio
2442 4297 2799 4342 samostana
2864 4304 2951 4341 π’.
3002 4284 3228 4341 Nikole
3272 4284 3365 4341 br.

653 4390 747 4443 42.
799 4424 884 4430 —
931 4390 1164 4446 Pedata
1210 4409 1409 4446 nema.
