3797 5795
1830 399 2246 464 -200—

1950 695 2141 775 706.

686 867 878 942 1261,
931 868 1038 932 15.
1088 866 1499 935 deoembra.
1544 869 1605 935 U
1650 869 2002 954 Zaqrebu.

689 1056 990 1142 Faszan
1038 1065 1259 1142 §upon
1323 1059 1715 1144 zagrebatsz'
1769 1061 1926 1145 daje
1987 1084 2080 1124 na
2143 1061 2409 1146 znanje,
2475 1063 2564 1124 da
2605 1062 2690 1146 je
2729 1062 2905 1147 pred
2965 1061 3143 1144 njz'm
3201 1059 3400 1122 Kus-

685 1168 863 1232 mzli‘a
894 1169 1009 1233 sin
1046 1171 1381 1255 Kupuc‘ev
1422 1174 1677 1256 predae
1723 1173 2134 1237 Meneslavu
2182 1174 2426 1258 aem-lja
2475 1175 2637 1252 kraj
2664 1173 2837 1237 Save
2866 1195 2940 1236 za
2986 1179 3124 1235 §est
3167 1171 3406 1256 pensi.

860 1362 996 1424 Nos
1056 1363 1379 1425 Fabianus
1440 1385 1661 1426 comes
1722 1365 2158 1448 Zagrabiensis
2220 1368 2528 1428 memorie
2589 1365 3145 1439 commendamu5‚
3207 1363 3403 1444 quod

685 1473 979 1539 Cuzmisa
1040 1475 1202 1538 filius
1266 1475 1533 1557 Cupuch
1594 1498 1811 1540 coram
1877 1479 2063 1540 nobis
2123 1478 2539 1558 personaliter
2599 1482 2980 1540 constitutus
3056 1478 3406 1538 confessus

683 1599 797 1664 est,
845 1590 1019 1668 quod
1082 1599 1317 1651 terram
1378 1610 1559 1652 suam
1614 1594 1800 1652 sitam
1848 1595 2026 1653 iuxta
2072 1611 2324 1653 ramum
2369 1591 2538 1653 Zaue
2602 1591 2933 1653 Menezlao
2993 1590 3400 1678 vendidisset

683 1720 800 1762 sex
830 1713 1255 1764 wretenorum
1309 1700 1449 1787 [pro
1480 1724 1599 1766 sex
1627 1707 1843 1785 pensis
1875 1701 2307 1788 denariorum]
2359 1715 2669 1784 perpetuo
2717 1704 3198 1784 possidendam,
3229 1722 3408 1782 quas

682 1833 797 1875 sex
830 1834 1063 1894 pensas
1108 1816 1517 1878 denariorum
1550 1818 1740 1898 plene
1772 1829 1836 1879 et
1866 1818 2256 1900 integraliter
2301 1819 2564 1879 asseruit
2611 1819 2940 1897 recepisse.
2975 1817 3184 1877 Prima
3217 1819 3401 1876 enim

682 1937 855 1988 meta
900 1937 1064 1988 terre
1109 1929 1368 1990 vendite
1414 1933 1630 2010 incipit
1662 1934 1724 1992 in
1760 1931 2045 2010 quodam
2093 1930 2238 1992 loco
2272 1933 2378 2010 qui
2413 1931 2641 2012 Struga
2691 1942 3112 2008 nuncupatur,
3153 1929 3404 1990 deinde

680 2040 856 2102 vadit
902 2061 1091 2120 super
1136 2043 1433 2103 arborem
1483 2043 1679 2117 illicis,
1723 2043 1959 2105 deinde
2005 2043 2178 2104 vadit
2223 2042 2307 2104 ad
2353 2044 2648 2104 arborem
2699 2045 2914 2116 cerasi,
2946 2041 3184 2102 deinde
3217 2041 3402 2102 vadit

680 2171 795 2235 per
840 2153 1183 2232 planiciem
1230 2167 1297 2216 et
1338 2158 1628 2235 pervenit
1673 2157 1759 2217 ad
1805 2154 2385 2238 consaminatam(!)
2450 2151 2730 2240 [terram]
2785 2203 3040 2214 .....
3123 2150 3400 2238 [Datum

682 2263 1011 2349 Zagrabie]
1062 2269 1215 2328 feria
1261 2271 1483 2348 quinta
1527 2272 1827 2348 proxima
1879 2282 2028 2349 post
2059 2279 2319 2329 octavas
2364 2269 2566 2329 sancti
2613 2269 2880 2342 Nicolai,
2926 2286 3098 2328 anno
3145 2266 3398 2326 domini

682 2377 991 2444 MCCLX
1037 2384 1265 2460 prium,
1310 2384 1709 2462 presentibus
1756 2383 2080 2446 Stanizlao
2127 2393 2187 2442 et
2235 2381 2532 2444 Stanech.

856 2574 921 2630 [ε
956 2575 1263 2651 ρνᾔεφὶεα
1323 2580 1567 2651 z'upana
1627 2575 2046 2649 zagrebac‘kog
2105 2573 2370 2632 Detrika
2431 2575 2517 2630 od
2546 2594 2609 2647 g.
2661 2576 2835 2630 1:268.
2891 2575 2974 2630 15.
3026 2581 3253 2629 marta.
3309 2606 3394 2612 —

679 2677 942 2752 Potonja
988 2678 1207 2735 listina
1254 2699 1293 2735 u
1341 2677 1563 2736 arkivu
1609 2678 1857 2756 kaptola
1906 2699 1944 2736 u
1993 2679 2294 2752 Zagrebu.

1943 3075 2136 3156 707.

681 3266 883 3333 1261.
946 3267 1007 3333 u
1052 3267 1345 3351 Pozeqi.

680 3456 868 3519 Pred
909 3456 1241 3539 kaptolom
1280 3456 1611 3541 poieffkae'm
1660 3457 2076 3542 zamjenjuje
2121 3465 2342 3542 :Zapan
2398 3458 2601 3519 Petar
2632 3456 2814 3541 svoje
2837 3455 3114 3541 posJ'ede
3171 3456 3390 3517 Procfu

765 3568 800 3631 ι’
858 3567 1193 3632 Vz's‘enovu
1240 3570 1485 3654 zemlju
1531 3591 1609 3631 sa
1656 3570 1908 3632 bratom
1961 3568 2242 3663 Ivanom
2291 3592 2365 3632 za
2413 3569 2654 3655 njegov
2695 3569 2936 3654 possed
2979 3569 3319 3632 Zelnateo‘.

854 3759 1217 3841 Capitulum
1268 3762 1532 3823 ecclesie
1578 3764 1748 3823 beati
1795 3763 1962 3824 Petri
2010 3763 2092 3824 de
2143 3764 2385 3843 Posega
2447 3764 2751 3823 vniuersis
2814 3760 3042 3825 Christi
3089 3758 3386 3821 fidelibus

676 3876 908 3952 quibus
953 3894 1215 3954 presens
1260 3879 1565 3956 scriptum
1614 3923 2115 3937 .........
2163 3877 2432 3937 salutem
2479 3877 2544 3937 in
2593 3874 2861 3936 domino
2907 3876 3385 3952 sempiternam.

676 3988 790 4050 Ad
838 3990 1273 4050 vniuersorum
1321 3991 1622 4050 noticiam
1672 3990 1894 4050 harum
1944 3992 2104 4051 serie
2151 3990 2444 4050 volumus
2492 3983 2891 4073 [peruenire]‚
2938 3986 3117 4065 quod
3165 3986 3385 4047 Petrus

676 4120 899 4175 comes
970 4097 1183 4186 [filiu]s
1249 4101 1557 4180 Stephani
1605 4122 1689 4163 ex
1759 4123 1882 4163 vna
1949 4115 2146 4182 parte,
2215 4123 2300 4163 ex
2367 4102 2564 4163 altera
2626 4120 2777 4161 vero
2819 4099 3148 4179 Johannes
3193 4099 3384 4159 frater

676 4215 961 4276 eiusdem
1012 4216 1175 4276 Petri
1222 4234 1442 4275 coram
1490 4217 1676 4275 nobis
1722 4217 2067 4289 constituti,
2114 4216 2308 4276 iidem
2371 4215 2644 4275 confessi
2692 4225 2840 4275 sunt
2887 4232 2955 4274 se
3004 4260 3378 4272 .......

675 4328 943 4390 consilio
989 4342 1053 4390 et
1098 4347 1359 4389 assensu
1427 4327 1553 4388 tale
1620 4330 1780 4388 inter
1827 4348 1896 4389 se
1946 4326 2191 4411 [secisse
2259 4323 2759 4410 concam]bium‚
2825 4325 3116 4387 videlicet
3179 4325 3381 4385 dictus

675 4441 897 4503 Petrus
942 4460 1161 4503 comes
1194 4442 1370 4501 dedit
1403 4440 1733 4520 quoddam
1781 4442 2074 4521 predium
2108 4460 2294 4502 suum
2327 4441 2776 4501 hereditarium
2823 4439 3068 4500 Procha
3101 4440 3378 4509 nomine,

677 4554 855 4631 quod
900 4557 1327 4616 communiter
1358 4574 1506 4615 cum
1540 4574 1655 4615 suo
1688 4555 1877 4616 fratre
1904 4554 2198 4634 Johanne
2236 4554 2606 4633 possidebat
2637 4572 2784 4613 cum
2818 4553 2946 4613 suis
2977 4552 3378 4631 pertinenciis

679 4664 763 4751 [et
812 4663 1202 4749 Vtilitatibus]
1238 4668 1357 4727 sub
1389 4670 1581 4727 certis
1622 4670 1807 4728 metis
1854 4668 2222 4729 distinctum
2257 4666 2432 4728 dicto
2467 4664 2756 4750 {Johanni
2806 4660 3006 4747 fratlri
3039 4682 3157 4724 suo
3189 4663 3377 4742 pleno

674 4783 808 4841 iure
853 4782 1118 4859 pacifice
1180 4781 1661 4860 possidendum,
1708 4784 1798 4842 sic
1843 4801 1992 4843 cum
2054 4793 2218 4843 terra
2269 4782 2328 4842 V
2335 4800 2492 4859 yson
2551 4779 2807 4841 Zdench
2858 4780 3141 4851 nomine,
3187 4794 3376 4855 quam

676 4894 977 4955 Nicolaus
1024 4894 1185 4955 filius
1230 4894 1549 4974 Dezyzlay
1598 4895 1678 4955 de
1726 4898 1863 4974 ipso
1898 4896 2120 4973 Vysen
2169 4896 2384 4973 precio
2431 4895 2828 4973 comparauit
2863 4902 2923 4953 et
2957 4889 3373 4971 postmodum

673 5007 849 5068 dicto
898 5008 1085 5069 Petro
1132 5010 1349 5069 comiti
1402 5005 1601 5091 {certo
1647 5004 1819 5089 cum}
1871 5011 2294 5068 instrumento
2342 5007 2627 5081 contulit,
2675 5008 2895 5067 Petrus
2929 5025 3080 5065 vero
3107 5004 3374 5084 Johanni

676 5125 801 5183 iam
852 5123 1183 5182 nominato
1231 5121 1408 5182 dedit
1454 5122 1737 5181 similiter
1782 5123 1843 5180 in
1892 5131 2272 5199 perpetuum
2335 5119 2812 5198 possidendam,
2861 5120 3012 5179 item
3075 5118 3379 5199 obligauit
