3797 5795
1532 397 1944 461 Ἥ(307--

391 584 751 645 huiusmodi
809 586 1289 647 immutabiliter
1346 600 1662 666 perpetuo
1724 600 2108 667 perseueret,
2153 598 2482 667 presentes
2541 589 2656 667 ipsi
2719 584 2982 647 ecclesie
3027 594 3093 643 et

388 700 526 759 eius
566 698 818 777 populis
862 702 1293 760 concessimus
1324 699 1562 762 litteras
1592 700 1860 780 duplicis
1892 702 2076 783 sigilli
2109 704 2304 762 nostri
2339 703 2693 761 munimine
2737 700 3088 761 roboratas

388 808 625 872 Datum
670 830 784 890 per
832 830 1059 872 manus
1106 814 1385 895 magistri
1448 800 1776 875 Benedicti
1825 813 2202 877 Orodiensis
2261 814 2529 875 ecclesie
2573 814 2895 893 prepositi,
2941 811 3088 873 aule

386 934 601 984 nostre
657 924 1169 998 vicecancellarii,
1215 925 1427 987 dilecti
1488 937 1553 987 et
1612 926 1817 988 fidelis
1880 930 2094 987 nostri.
2155 925 2353 988 Anno
2417 926 2660 987 domini
2709 923 3082 989 MCCLXX

384 1039 623 1115 prim0;
656 1037 831 1103 VIII.
864 1036 1173 1099 kalendas
1219 1041 1517 1113 octobris,
1548 1040 1908 1101 indiccione
1957 1040 2132 1113 XIV,
2180 1042 2354 1121 regni
2401 1049 2620 1100 autem
2669 1039 2864 1099 nostri
2913 1055 3085 1097 anno

382 1150 683 1212 secundo
715 1150 1209 1213 Venerabilibus
1240 1153 1525 1231 patribus
1557 1153 1847 1232 Philippo
1887 1152 2324 1234 Strigoniensi,
2355 1151 2686 1232 Stephano
2730 1149 3089 1223 Colocensi,

384 1263 533 1324 aule
585 1267 753 1345 regie
812 1265 1193 1326 cancellario
1254 1277 1316 1326 et
1370 1264 1663 1345 Johanne
1724 1264 2088 1345 Spalatensi
2155 1267 2661 1345 archiepiscopis.
2732 1263 3086 1341 Lamperto

382 1374 695 1457 Agriensi,
732 1376 858 1457 Job
905 1376 1591 1457 Quinqueecclesiensi,
1636 1378 1928 1458 Philippo
1978 1380 2316 1453 Waciensi‚
2364 1378 2562 1445 Paulo
2611 1376 3088 1456 Vesprimiensi‚

382 1488 795 1566 Thymotheo
856 1490 1281 1573 Zagrabiensi,
1344 1491 1737 1553 Lodomerio
1800 1492 2222 1567 Waradiensi,
2284 1492 2599 1571 Dyonisio
2654 1489 2960 1570 Jauriensi
3023 1499 3088 1548 et

388 1601 573 1663 Petro
631 1604 1051 1666 Transilvano
1112 1608 1429 1684 episcopis
1490 1605 1790 1666 ecclesias
1852 1606 1954 1666 dei
2022 1606 2282 1667 feliciter
2327 1603 2847 1686 gubernantibus,
2895 1601 3087 1679 Moys

382 1715 663 1793 palatino
724 1717 1137 1797 Supruniensi
1204 1721 1463 1798 comite·
1504 1718 1711 1780 iudice
1774 1717 2231 1791 Cumanorum,
2295 1717 2588 1797 Nycolao
2651 1716 2858 1777 iudice
2917 1716 3088 1775 curie

382 1830 553 1909 regie
595 1831 831 1890 comite
877 1830 1254 1913 Simigiensi,
1284 1832 1516 1913 Egidio
1551 1834 1855 1913 magistro
1897 1833 2365 1893 tavarnicorum
2413 1834 2649 1892 comite
2697 1830 3087 1901 Posoniensi,

376 1938 685 2021 Joachino
729 1944 903 2004 bano
949 1946 1154 2005 tocius
1199 1944 1559 2019 Sclauonie‚
1608 1944 1871 2005 Matheo
1921 1945 2218 2023 voyvoda
2265 1943 2688 2007 Transilvano
2735 1952 2797 2003 et
2844 1942 3082 2003 comite

388 2052 467 2115 de
508 2055 798 2129 Zonnuk,
846 2056 1202 2117 Laurencio
1264 2057 1435 2117 bano
1497 2057 1581 2118 de
1642 2056 1952 2120 Sceurino
1998 2068 2061 2119 et
2109 2057 2346 2118 comite
2408 2056 2491 2117 de
2551 2054 2851 2129 Doboka,
2898 2054 3087 2114 Petro

386 2170 687 2249 magistro
750 2169 1182 2249 dapiferorum
1246 2172 1481 2231 comite
1542 2171 1625 2231 de
1672 2169 2001 2243 Guechke,
2065 2170 2336 2231 Alberto
2383 2170 2687 2250 magistro
2732 2184 3086 2248 agasonum

384 2284 616 2343 comite
682 2282 767 2343 de
824 2282 1126 2357 ScibiniO,
1174 2284 1465 2363 Philippo
1534 2287 1837 2365 magistro
1905 2286 2373 2363 pincernarum,
2421 2282 2618 2343 Paulo
2686 2281 2922 2341 comite
2969 2279 3087 2339 Ba-

382 2392 637 2471 chiensi,
682 2392 995 2478 Gregorio
1063 2398 1368 2478 magistro
1438 2399 1906 2458 tavarnicorum
1975 2398 2238 2457 domine
2307 2397 2522 2477 regine
2583 2396 2820 2456 comite
2882 2390 3087 2455 Castri

382 2506 445 2568 F
446 2510 613 2583 errei,
671 2510 931 2588 Ponycli
1004 2510 1176 2569 bano
1241 2512 1479 2571 comite
1546 2509 1919 2583 Zaladiensi‚
1988 2508 2326 2589 Mychaele
2394 2508 2632 2568 comite
2679 2506 2977 2569 Nitriensi
3024 2512 3089 2565 et

380 2620 521 2681 aliis
564 2622 1045 2702 quampluribus
1090 2625 1433 2683 comitatus
1478 2634 1542 2683 et
1589 2623 1868 2683 honores
1915 2625 2090 2703 regni
2139 2622 2521 2683 tenentibus,

557 2815 743 2873 Liber
771 2816 1064 2893 privileg.
1112 2816 1369 2892 episcop.
1415 2814 1685 2889 Zagrab.
1732 2816 1844 2873 list
1891 2820 1943 2874 6.

565 2919 811 2978 Ykalc‘ic‘
849 2921 1126 2979 Ilffonum.
1175 2922 1431 2998 episcop.
1482 2918 1761 2996 Zagrab.
1810 2922 1862 2981 J.
1915 2924 2248 2979 159—160.
2297 2955 2375 2964 -
2425 2921 2682 2977 Farlati
2725 2919 2896 2991 [[ζγν.
2927 2935 3088 2974 sacr.

394 3024 454 3081 V.
510 3026 642 3080 375.
690 3027 909 3083 donosi
952 3035 1168 3100 regest.
1220 3059 1298 3068 —--
1365 3025 1610 3083 Wenzel
1658 3025 1801 3084 cod.
1852 3025 2000 3096 dipl.
2051 3025 2283 3102 Arpad.
2329 3034 2484 3083 cont.
2533 3023 2678 3082 XII.
2733 3025 2831 3081 43.
2874 3021 3096 3080 donosi

379 3136 601 3202 regest.
645 3162 727 3172 —
772 3127 1149 3205 Kukuljevic'
1188 3131 1338 3204 Reg.
1391 3149 1486 3187 no,
1532 3133 1705 3188 1045.

1674 3447 1809 3526 56.

384 3587 581 3668 1271,
627 3591 738 3655 27.
786 3583 1230 3672 septembra.

390 3777 675 3863 Stjepan
722 3778 909 3863 kralj
952 3776 1244 3862 ugarski
1269 3798 1293 3840 z
1326 3777 1647 3840 lzrvatski
1676 3777 2078 3863 potvrdy'uje
2125 3773 2442 3860 Petrinji
2473 3773 2839 3860 privilegis
2881 3773 3090 3837 Belin

1530 3892 1620 3954 od
1654 3913 1723 3976 g.
1758 3894 1950 3956 1242.

559 4079 971 4168 [S]tephanus
1031 4084 1131 4145 dei
1194 4085 1404 4166 gracia
1467 4085 1811 4166 Hungarie,
1857 4084 2206 4156 Dalmacie‚
2254 4082 2535 4156 Croacie,
2582 4083 2804 4156 Rame,
2849 4080 3090 4154 Seruie‚

384 4194 663 4272 Gallicie,
725 4198 1131 4272 Lodomerie,
1194 4196 1521 4271 Cumanie,
1582 4196 2001 4280 Bulgarieque
2061 4217 2174 4258 rex
2222 4195 2522 4258 omnibus
2567 4205 2933 4273 presentem
2978 4214 3092 4274 pa-

384 4312 595 4392 ginam
642 4312 1020 4391 inspecturis
1052 4311 1321 4373 salutem
1356 4314 1419 4372 in
1452 4310 1741 4372 omnium
1791 4311 2125 4373 saluatore.
2173 4307 2282 4371 Ad
2315 4308 2752 4368 vniuersorum
2785 4309 3089 4368 noticiam

383 4423 602 4486 harum
635 4427 793 4485 serie
823 4424 1119 4486 volumus
1149 4425 1499 4504 peruenire,
1531 4425 1707 4504 quod
1741 4423 2024 4503 hospites
2057 4423 2252 4483 nostri
2285 4421 2368 4481 de
2401 4420 2653 4482 Petrina
2686 4419 2769 4481 ad
2803 4430 3088 4481 nostram

382 4538 759 4599 accedentes
804 4539 1201 4618 presenciam
1250 4537 1654 4598 exhibuerim
1689 4537 1875 4597 nobis
1907 4534 2306 4616 priuilegium
2341 4534 2586 4595 domini
2634 4532 2786 4594 Bele
2833 4533 3086 4595 illustris

380 4653 541 4733 regis
588 4651 921 4733 Hungarie
968 4650 1161 4712 felicis
1206 4651 1677 4712 recordacionis
1723 4648 2036 4712 karissimi
2084 4650 2280 4727 patris
2327 4649 2522 4708 nostri
2571 4666 2761 4726 super
2802 4647 3089 4708 libertate

382 4765 662 4842 ipsorum
724 4764 879 4826 olim
944 4764 1165 4826 datum
1227 4774 1521 4844 petentes
1582 4783 1729 4825 cum
1778 4765 2105 4836 instancia,
2151 4772 2216 4821 vt
2263 4761 2434 4822 idem
2484 4772 2690 4821 ratum
2740 4761 2978 4820 habere
3023 4771 3088 4821 et

383 4889 598 4940 nostro
660 4878 1070 4960 dignaremur
1130 4878 1461 4960 priuilegio
1523 4876 1920 4938 confirmare.
1985 4873 2180 4940 Cuius
2240 4874 2502 4953 quidem
2550 4874 2856 4955 priuilegii
2906 4882 3092 4934 tenor

382 4990 519 5052 talis
564 5002 711 5052 estz·
2621 4975 2632 4984 ’

551 5107 815 5182 (Slijedi
856 5106 1073 5164 listina
1120 5105 1329 5182 kralja
1378 5106 1525 5162 Bele
1570 5108 1654 5163 od
1684 5107 1829 5179 god.
1877 5109 2046 5163 1242.
2095 5108 2182 5161 14.
2229 5105 2548 5176 augusta).

3205 4241 3249 4258 t
