3797 5795
1795 401 1880 409 —
1944 363 2211 428 308—-

1910 658 2105 739 803.

651 783 851 864 1264,
903 785 965 847 ¹7.
1016 782 1351 848 oktobra.

649 975 826 1036 Bela
889 973 1081 1056 kralj
1135 971 1430 1057 ugarskz'
1471 969 1502 1033 ι’
1539 970 1857 1034 krvatskc'
1914 971 2071 1055 daje
2138 970 2504 1034 slobos‘tine
2546 969 2734 1035 brac‘z'
2774 970 3027 1042 Kresu,
3076 969 3287 1032 Raku
3340 991 3365 1032 z

1354 1083 1626 1168 Kupzxz·
1667 1084 1699 1146 ι’
1737 1083 2005 1168 opz'suje
2050 1083 2329 1163 njz'lzove
2374 1085 2661 1170 zasluge.

829 1279 980 1340 Bela
1028 1279 1131 1340 dei
1179 1281 1388 1362 gracia
1435 1269 1780 1360 Hungarie‚
1827 1275 2177 1345 Dalmacic,
2226 1274 2511 1350 Croacie,
2556 1276 2777 1347 Rame,
2808 1273 3044 1347 Seruie,
3077 1271 3369 1348 Gallicie,

655 1391 1062 1467 Lodomerie,
1111 1389 1438 1464 Comanie,
1509 1391 1929 1472 Bulgarieque
1972 1409 2089 1450 rex
2136 1389 2439 1449 omnibus
2486 1387 2713 1451 Christi
2760 1388 3055 1449 fidelibus
3098 1405 3367 1466 presens

653 1508 960 1585 scriptum
1023 1505 1412 1566 intuentibus
1475 1505 1748 1565 salutem
1811 1505 1871 1563 in
1936 1523 2015 1563 eo
2063 1523 2101 1561 a
2148 1521 2278 1581 quo
2326 1501 2626 1580 triumphi
2688 1500 3033 1583 largiuntur
3085 1500 3366 1582 gloriosi,

654 1620 763 1698 qui
797 1621 859 1679 in
891 1639 958 1678 se
991 1619 1395 1679 credentibus
1436 1619 1642 1677 tocius
1690 1616 1860 1676 orbis
1907 1615 2162 1696 regibus
2210 1615 2811 1693 marchionibusque
2841 1624 2904 1674 et
2936 1614 3367 1693 potestatibus

655 1733 906 1810 prebuit
955 1731 1214 1792 feliciter
1261 1750 1524 1812 regnare
1571 1739 1636 1789 et
1682 1729 2015 1789 dominari.
2054 1729 2251 1808 Regie
2297 1727 2552 1787 excelse
2597 1728 2969 1788 sublimitati
3016 1747 3100 1787 ex
3146 1729 3365 1788 innata

655 1845 774 1905 sibi
822 1843 1195 1905 liberalitate
1241 1845 1560 1917 conuenit,
1607 1844 1896 1902 omnium
1947 1844 2287 1901 nacionum
2336 1843 2569 1920 pariter
2616 1851 2681 1900 et
2728 1841 3085 1921 linguarum
3125 1851 3373 1922 genteS,

656 1958 774 2017 sibi
838 1976 1091 2036 semper
1150 1958 1496 2018 subiectiue
1557 1956 1955 2026 adherentes»,
2036 1954 2117 2015 de
2183 1973 2406 2015 eorum
2471 1953 2873 2014 multitudine
2938 1952 3233 2034 gratulari
3306 1963 3373 2012 et

658 2070 921 2130 eosdem
974 2069 1178 2130 taliter
1222 2069 1579 2147 prouidere,
1624 2081 1687 2127 vt
1737 2068 2005 2128 vniuersi
2052 2067 2326 2145 amplius
2388 2068 2676 2127 uiuentes
2721 2076 2783 2126 et
2830 2067 3373 2144 superuenienteS,

657 2202 888 2242 eorum
936 2183 1099 2242 felici
1148 2180 1453 2261 exemplo
1501 2180 1903 2254 immitandO,
1950 2180 2034 2240 ad
2080 2199 2334 2240 summe
2382 2153 2699 2240 fidelitatis
2745 2199 2940 2258 opera
2988 2179 3373 2252 exercenda,

668 2298 914 2356 arccius
987 2293 1516 2374 frequenciusque
1591 2295 1986 2353 immitentur
2046 2307 2110 2353 et
2157 2292 2425 2353 eosdem
2471 2293 2771 2353 audacius
2832 2293 3115 2352 animent
3163 2291 3247 2351 ad
3292 2293 3376 2350 si-

661 2406 834 2468 milia
893 2408 1274 2480 exhibenda‚
1352 2407 1467 2467 illis
1528 2425 1803 2486 quoque,
1881 2425 2043 2484 quos
2106 2425 2222 2485 pro
2284 2407 2411 2466 suis
2457 2405 2805 2466 honoribus
2867 2404 3372 2482 commodisque

663 2531 727 2580 et
773 2523 1090 2600 prosperis
1148 2521 1538 2600 profectibus
1599 2521 1769 2579 fama
1831 2519 2097 2580 celebris
2159 2519 2658 2580 seruencioribus
2725 2517 3073 2579 detestatur
3139 2517 3365 2578 studiis

666 2633 1029 2708 desudasse,
1075 2633 1272 2714 digno
1319 2637 1674 2711 meritoque
1706 2633 2039 2693 dexteram
2074 2651 2186 2692 sue
2220 2630 2662 2692 munificencie
2700 2629 3070 2691 affluencius
3115 2630 3364 2710 elargiri

667 2756 730 2806 et
776 2766 869 2821 ea,
915 2766 1040 2826 que
1088 2766 1171 2806 ex
1221 2756 1372 2806 voto
1419 2748 1660 2806 sincere.
1707 2745 2115 2826 benignitatis
2162 2744 2593 2804 fauorabiliter
2654 2743 3095 2805 conceduntur
3139 2754 3202 2803 et
3249 2743 3367 2803 do-

669 2871 916 2933 nantur,
976 2861 1070 2920 ius
1132 2861 1393 2939 appetit,
1454 2859 1616 2919 ordo
1679 2857 2061 2938 expostulat,
2108 2859 2409 2935 racioque
2457 2857 2617 2918 iusta
2663 2859 2955 2936 exquirit,
3000 2867 3068 2917 vt
3114 2875 3373 2917 suarum

668 2971 1018 3034 lucidarum
1083 2973 1431 3033 litterarum
1492 2974 1650 3032 serie
1732 2972 2012 3032 debeant
2072 2971 2366 3042 exordiri,
2444 2990 2524 3031 ne
2584 2970 2767 3049 lapsu
2836 2972 3143 3049 temporis
3202 2969 3371 3029 cala-

670 3088 889 3147 mitate
949 3099 1318 3167 exurgente,
1381 3106 1461 3145 ex
1517 3084 1662 3145 hinc
1710 3084 2125 3145 incommoda
2175 3086 2506 3157 irritentur,
2554 3084 2753 3144 oculis
2796 3084 3097 3165 graciosis
3140 3083 3369 3144 intueri

670 3209 731 3259 et
777 3199 861 3259 ad
909 3200 1284 3259 memoriam
1335 3209 1736 3277 posterorum
1787 3199 2267 3257 extremitatum
2314 3208 2711 3275 perpetuam,
2758 3195 3105 3256 litterarum
3150 3210 3370 3275 patro-

671 3314 836 3372 cinio
908 3312 1187 3372 debeant
1255 3311 1710 3371 commendari.
1773 3310 2048 3370 Proinde
2110 3310 2192 3370 ad
2262 3312 2694 3371 Vniuersorum
2769 3321 2901 3369 tam
2970 3310 3369 3387 presencium

671 3445 870 3503 quam
933 3426 1288 3486 futurorum
1352 3425 1653 3484 noticiam
1717 3423 1941 3483 harum
2003 3426 2160 3483 serie
2221 3422 2517 3483 uolumus
2577 3424 2924 3501 peruenire,
2985 3420 3163 3500 quod
3222 3440 3371 3481 cum

671 3538 930 3600 humani
976 3540 1224 3619 generis
1269 3537 1539 3597 sordidis
1585 3536 1926 3596 sceleribus
1988 3536 2477 3614 preualentibus‚
2525 3534 2867 3595 multitudo
2934 3532 3374 3595 inestimabilis

670 3652 891 3713 rabide
963 3654 1168 3733 gentis
1236 3650 1620 3723 Thartarice,
1685 3669 1768 3709 ex
1837 3648 2091 3709 afluenti
2165 3649 2611 3730 indignacione
2680 3648 2869 3707 trium
2936 3646 3373 3707 machinarum

671 3762 916 3824 domini
978 3763 1378 3842 plasmatoris
1441 3763 1655 3835 nostri,
1716 3782 1829 3840 per
1889 3761 2143 3822 climata
2206 3763 2409 3821 tocius
2470 3762 2645 3841 regni
2709 3762 2903 3820 nostri
2950 3758 3219 3837 perfusa,
3282 3780 3377 3819 se-

670 3879 943 3939 uerrime
1004 3877 1365 3937 vlciscendo
1427 3878 1644 3936 fuisset
1690 3886 1754 3935 et
1801 3894 1921 3935 nos
1968 3895 2089 3935 una
2154 3893 2301 3935 cum
2364 3874 2507 3934 fidis
2576 3873 2949 3952 primatibus
2996 3884 3058 3932 et
3104 3874 3375 3953 egregiis

672 3991 993 4051 nobilibus
1057 3992 1285 4050 nostris
1348 4001 1527 4049 extra
1593 3988 2026 4048 monarchiam
2094 3999 2396 4061 nostram,
2464 4006 2662 4066 vsque
2731 3986 2811 4045 ad
2883 3986 3090 4045 littora
3136 3998 3378 4065 pontus

669 4106 992 4165 aerissime
1040 4102 1504 4181 persequend0‚
1535 4103 1596 4161 in
1631 4101 1957 4181 quandam
2009 4104 2393 4160 maritimam
2441 4099 2709 4160 insulam
2742 4098 2949 4179 Vegle
2989 4101 3381 4179 contiguam,

670 4217 1044 4295 repellendo
1104 4218 1631 4297 coercugisseto),
1695 4214 1776 4274 de
1838 4234 1965 4294 qua
2026 4216 2227 4275 eciam
2294 4215 2350 4272 vi
2412 4212 2743 4273 extrahere
2816 4220 3197 4293 satagenteS,
3266 4230 3380 4291 pei·

671 4332 848 4391 uaria
880 4330 1204 4411 naufragia
1249 4340 1311 4389 et
1353 4328 1700 4389 deriuatiua
1734 4329 1985 4408 ingenia
2035 4327 2306 4399 beluina,
2347 4328 2409 4385 in
2452 4345 2571 4386 nos
2609 4335 2675 4386 et
2705 4325 3053 4385 exercitum
3089 4334 3379 4384 nostrum

669 4440 906 4505 irruere
951 4454 1014 4504 et
1061 4452 1252 4521 eaput
1313 4452 1602 4501 nostrum
1663 4444 1905 4521 regium
1968 4441 2258 4512 truncari,
2304 4449 2410 4499 aut
2460 4457 2577 4498 nos
2622 4439 2687 4499 in
2734 4437 3091 4498 miserabile
3154 4438 3373 4517 iugum

671 4560 1172 4637 paganissimum
1245 4554 1574 4616 traducere
1642 4564 1956 4629 conasset,
2027 4552 2131 4612 vbi
2178 4554 2239 4611 in
2287 4552 2573 4631 quodam
2642 4552 2973 4611 turbinoso
3035 4551 3383 4610 inuasionis

672 4666 932 4738 afflictu,
979 4670 1163 4729 nobis
1209 4669 1356 4728 hinc
1403 4668 1549 4728 inde
1611 4666 1857 4745 trepide
1923 4665 2270 4737 dilatand0‚
2333 4666 2706 4725 imminente
2758 4673 3011 4737 euentu,
3072 4672 3383 4742 perpetuo

672 4777 898 4842 diuino
944 4782 1334 4842 anathemati
1381 4780 1552 4851 dam,
1598 4783 2097 4860 circumquaque
2144 4779 2551 4839 multitudine
2596 4786 3028 4859 pugnatorum
3080 4778 3379 4857 gencium

675 4890 964 4968 ipsorum
1009 4894 1421 4955 Tartarorum
1472 4894 1730 4967 obsessi,
1780 4894 1842 4952 in
1893 4894 2197 4953 vniuersis
2246 4890 2375 4970 mdj
2400 4890 2463 4969 (l)
2513 4890 2895 4972 (huiusmodi
2916 4888 2962 4972 ?)
3018 4904 3151 4951 tam
3199 4890 3386 4950 nouis

676 5003 1032 5083 insultibuS,
1105 5008 1464 5086 asperrimis
1546 5006 1778 5076 iaculiS,
1854 5004 2207 5066 crudelium
2284 5003 2621 5064 verberum
2704 5003 2950 5077 ictibuS,
3028 5002 3385 5064 afficiendis

677 5119 905 5199 gladiis
951 5120 1179 5181 feriunt
1228 5132 1468 5180 turmas
1516 5131 1778 5185 nostras,
1828 5120 2088 5200 sagittas
2120 5118 2505 5194 lanceasque
2537 5134 2680 5177 suas
2712 5116 3025 5177 inebriant
3071 5117 3381 5197 sanguine
