3797 5795
1834 389 2244 454 —398—

683 597 968 658 numque
1014 580 1258 640 habens
1302 599 1559 641 sensum
1595 582 1912 661 integrum
1959 593 2023 643 et
2068 581 2442 660 perfectum,
2489 592 2642 641 ante
2689 599 2884 660 quam
2928 580 3110 642 alicui
3159 599 3228 640 se
3273 599 3394 659 per

680 691 1147 771 professionem
1193 693 1473 773 aliquam
1522 694 1824 774 alligaret,
1872 693 2098 754 uolens
2157 704 2378 754 terena
2424 695 2486 754 in
2535 693 2794 754 celestia
2837 703 3231 768 conmutare‚
3278 711 3396 754 sua

678 815 1034 884 spontanea
1096 805 1429 867 uoluntate
1488 809 1707 867 omnia
1755 806 1930 868 bona
1973 825 2088 867 sua
2131 807 2522 887 ubicumque
2583 815 2784 878 erant,
2843 815 2974 866 tam
3023 807 3086 866 in
3133 805 3396 867 ciuitate

673 917 919 998 Jadere,
973 938 1169 998 quam
1218 923 1351 980 eius
1398 919 1687 980 districtu
1724 921 1989 981 mobilia
2035 929 2099 980 et
2139 919 2498 988 immobilia
2544 939 2672 1000 que
2719 919 2996 980 habebat
3043 919 3147 980 uel
3191 921 3398 998 possi-

678 1031 875 1092 debat
919 1034 1054 1093 siue
1102 1032 1381 1111 quelibet
1442 1034 1563 1094 alia
1624 1052 1900 1112 persona
1967 1053 2087 1095 suo
2157 1035 2439 1107 nomine,
2504 1032 2802 1093 videlicet
2869 1033 3124 1093 vineam
3193 1050 3396 1092 unam

678 1147 954 1223 positam
1000 1144 1085 1206 ad
1148 1146 1461 1206 Bibanum
1524 1165 1670 1207 cum
1742 1165 1908 1207 terra
1970 1147 2054 1208 ad
2117 1147 2351 1208 eadem
2411 1149 2666 1207 vineam
2726 1148 3089 1225 pertinente
3131 1156 3193 1206 et
3240 1164 3392 1206 cum

678 1257 979 1318 omnibus
1046 1260 1330 1318 terminis
1398 1270 1459 1319 et
1522 1261 1930 1338 pertinenciis
1991 1263 2136 1335 suis,
2206 1272 2340 1321 tam
2385 1259 2605 1320 subter
2650 1268 2904 1333 terram,
2949 1277 3148 1338 quam
3194 1276 3390 1336 supra

678 1379 927 1430 terram.
975 1367 1241 1452 Q(uam)
1290 1373 1541 1432 vineam
1589 1372 1855 1434 donauit
1886 1375 2007 1434 sibi
2053 1373 2229 1434 dicto
2260 1373 2389 1434 filio
2421 1391 2540 1433 suo
2572 1372 2745 1433 fratri
2794 1370 3098 1451 Cipriano
3144 1370 3391 1431 ordinis

682 1481 945 1542 fratrum
979 1480 1303 1544 Minorum
1332 1504 1443 1563 per
1477 1485 1805 1564 publicum
1855 1487 2366 1560 instrumentum,
2412 1496 2476 1546 et
2523 1487 2780 1564 insuper
2826 1483 3156 1564 quandam
3187 1484 3384 1544 aliam

679 1595 959 1656 mediam
1025 1598 1274 1656 vineam
1336 1600 1611 1675 positam
1672 1598 1756 1660 ad
1790 1598 2304 1674 Peschimanum,
2367 1617 2564 1678 quam
2625 1601 2762 1678 ipsa
2822 1597 3015 1659 habet
3062 1600 3126 1657 in
3174 1597 3390 1657 diuiso

678 1727 825 1769 cum
872 1707 1152 1770 condam
1207 1713 1437 1771 marito
1483 1730 1599 1771 suo
1646 1710 1980 1790 Stephano
2041 1712 2124 1773 de
2185 1712 2469 1788 Bellasec
2515 1713 2692 1772 iuxta
2739 1713 2990 1772 vineam
3040 1710 3247 1770 fratris
3294 1711 3392 1770 sui

676 1819 995 1884 Simeonis
1040 1843 1125 1883 ex
1170 1823 1415 1896 horrea,
1482 1843 1567 1884 ex
1612 1835 1830 1885 austro
1877 1826 2056 1885 iuxta
2105 1827 2355 1886 vineam
2417 1823 2838 1906 Dragosclaui
2885 1823 2966 1884 de
3014 1823 3257 1892 Vrana,
3303 1841 3392 1883 ex

676 1944 955 1996 trauersa
1016 1938 1193 1996 iuxta
1255 1933 1540 2018 terra(m)
1610 1936 1979 2019 Scognigne
2041 1938 2122 1999 de
2187 1938 2608 1999 Peschimano
2675 1949 2738 1997 et
2785 1956 2870 1997 ex
2916 1936 3136 1998 corina
3199 1954 3392 1996 mons

676 2046 951 2123 Corone,
1013 2049 1209 2124 dedit,
1278 2049 1508 2129 optulit
1553 2061 1617 2110 et
1662 2050 1929 2112 donauit
1992 2051 2117 2111 deo
2163 2061 2228 2112 et
2273 2051 2666 2112 monasterio
2736 2052 2934 2110 sancti
2983 2049 3260 2127 Nicolay
3307 2047 3394 2108 de

666 2160 916 2241 Jadera,
961 2163 1201 2223 ordinis
1246 2173 1465 2224 sancte
1514 2160 1699 2226 Clare
1745 2163 2066 2224 abbatisse
2111 2174 2178 2224 et
2223 2163 2546 2224 sororibus
2593 2165 2654 2223 in
2700 2162 2936 2223 eodem
2989 2163 3389 2223 monasterio

672 2275 1197 2353 permanentibus
1242 2275 1331 2336 ob
1376 2294 1637 2336 suorum
1682 2286 1747 2336 et
1792 2279 2276 2358 progenitorum
2322 2295 2584 2338 suorum
2631 2275 2916 2337 remedia
2947 2285 3388 2354 peccatorum,

673 2385 1093 2448 donationem
1154 2387 1457 2449 facientes
1517 2388 1677 2449 inter
1739 2390 1919 2449 viuos
1963 2389 2025 2448 in
2074 2398 2453 2468 perpetuum
2503 2389 2587 2449 de
2634 2389 2933 2468 predictis
2993 2388 3186 2448 rebus
3245 2388 3386 2448 siue

673 2501 856 2561 viniis
917 2500 1155 2560 cedens
1216 2503 1419 2561 eciam
1469 2519 1665 2561 omne
1716 2503 1811 2562 ius
1854 2503 1976 2580 ipsi
2021 2504 2430 2576 monasteriO,
2499 2502 2678 2579 quod
2723 2505 2788 2562 in
2834 2501 3138 2581 predictis
3181 2501 3385 2561 vineis

672 2611 955 2674 habebat
1002 2613 1104 2674 uel
1149 2612 1386 2674 habere
1416 2613 1771 2689 uidebatur,
1818 2624 1889 2675 ut
1933 2634 1972 2674 a
2019 2614 2220 2675 modo
2265 2617 2330 2675 in
2375 2624 2564 2676 antea
2611 2615 2901 2694 predicta
2943 2614 3274 2675 abbatissa
3319 2625 3384 2673 et

672 2745 925 2786 sorores
970 2725 1053 2787 de
1086 2727 1271 2788 dictis
1317 2728 1515 2788 vineis
1553 2736 1885 2806 tamquam
1926 2730 2053 2789 suis
2086 2730 2358 2808 propriis
2395 2727 2700 2808 quicquid
2733 2730 2826 2789 eis
2864 2728 3172 2806 placuerit
3200 2745 3388 2787 suam

671 2838 911 2901 exinde
978 2839 1186 2901 facere
1255 2838 1535 2901 debeant
1594 2840 1876 2920 plenarie
1929 2841 2349 2917 uoluntatem,
2415 2844 2676 2904 nemine
2719 2841 2839 2902 sibi
2886 2841 3392 2915 contradicente,

668 2951 779 3013 tali
825 2972 981 3014 uero
1027 2964 1269 3027 tenore,
1333 2954 1511 3034 quod
1572 2956 1709 3034 ipsa
1768 2954 2049 3029 uolebat,
2118 2956 2298 3034 quod
2357 2956 2648 3034 predicto
2669 2952 2732 3037 (Ι)
2803 2957 3036 3015 marito
3057 2950 3120 3035 (l)
3182 2973 3306 3015 suo
3325 2952 3387 3033 (Ι)

667 3062 1073 3149 Stephano(l)
1107 3066 1300 3128 debet
1334 3066 1626 3128 laborare
1659 3068 2074 3129 medietatem
2105 3068 2423 3130 dictarum
2453 3072 2784 3130 vinearum
2817 3070 2984 3129 bene
3015 3079 3082 3129 et
3112 3066 3390 3128 fideliter

666 3179 1026 3242 secundum
1073 3180 1610 3242 consuetudinem
1635 3179 1865 3262 Jadere
1895 3196 1960 3243 et
1992 3182 2230 3243 habere
2263 3182 2676 3243 medietatem
2723 3182 3014 3242 omnium
3061 3181 3384 3242 fructuum

663 3295 1000 3353 annuatim
1046 3294 1285 3355 exinde
1331 3291 1621 3376 habito(l)
1654 3295 1740 3356 ad
1785 3295 2278 3356 sustentandum
2325 3315 2411 3370 se,
2458 3296 2668 3357 donec
2716 3298 2850 3375 ipse
2897 3296 3127 3355 uixerit
3161 3296 3224 3354 in
3259 3294 3387 3355 hoc

664 3406 903 3479 secu10,
947 3405 1181 3467 stando
1225 3408 1345 3485 ipsi
1376 3404 1708 3486 Stephano
1742 3408 1805 3468 in
1839 3407 2042 3469 domo
2089 3426 2204 3469 sua
2233 3427 2392 3488 pure
2437 3419 2502 3469 et
2545 3420 2723 3470 caste
2768 3418 2832 3468 et
2879 3411 2942 3468 in
2989 3407 3166 3468 bono
3212 3416 3388 3467 statu

662 3519 1077 3579 conueniens.
1124 3518 1209 3580 Et
1253 3530 1601 3600 postquam
1657 3523 1794 3600 ipse
1838 3521 1924 3583 de
1969 3522 2092 3583 hoc
2137 3521 2354 3583 seculo
2401 3524 2734 3595 transierit,
2801 3521 3120 3600 predictas
3165 3521 3386 3581 vineas

663 3633 898 3691 reuerti
964 3631 1201 3693 debeat
1260 3633 1436 3695 dicto
1497 3635 1887 3696 monasterio
1956 3635 2279 3696 abbatisse
2322 3646 2387 3696 et
2435 3636 2762 3696 sororibus
2822 3635 2950 3695 suis
3013 3633 3244 3694 liberas
3317 3643 3381 3693 et

663 3742 993 3805 absolutas
1036 3746 1173 3807 sine
1219 3746 1432 3827 aliquo
1477 3750 1799 3809 interesse.
1846 3749 2196 3828 Postquam
2258 3748 2683 3809 donationem
2729 3747 2927 3809 libere
2971 3748 3209 3807 factam
3255 3756 3386 3807 tra-

664 3852 827 3917 didit
872 3868 935 3919 et
981 3858 1247 3920 deuouit
1292 3863 1705 3939 semetipsam
1736 3863 1799 3921 in
1830 3873 2208 3941 perpetuam
2257 3860 2555 3923 ancillam
2588 3861 2715 3922 deo
2761 3871 2826 3921 et
2873 3860 3114 3921 ordinis
3158 3871 3382 3921 sancte

668 3964 856 4031 Clare
914 3972 1217 4051 predictis
1275 3974 1597 4034 abbatisse
1656 3984 1721 4035 et
1780 3975 2106 4036 sororibus
2167 3975 2538 4036 monasterii
2600 3973 2920 4035 antedicti.
2979 3971 3222 4034 Actum
3285 3982 3382 4033 oet

665 4080 793 4145 hoc
838 4096 901 4145 et
944 4084 1270 4147 firmatum
1326 4105 1547 4148 coram
1606 4086 1725 4148 hiis
1770 4090 2018 4149 uocatis
2064 4098 2127 4149 et
2173 4089 2412 4170 rogatis
2472 4087 2759 4162 testibus,
2802 4086 3039 4148 scilicet
3101 4085 3381 4146 dominis

666 4192 869 4259 Cossa
926 4196 1253 4273 SaladinO,
1317 4197 1585 4261 Andrea
1646 4200 1729 4262 de
1798 4198 2182 4283 Cotopagna
2229 4211 2292 4262 et
2341 4199 2752 4281 Boninsegna
2819 4199 3065 4275 Boqum
3111 4207 3176 4259 et
3221 4198 3372 4259 aliis.

840 4312 1051 4388 (Drug
1062 4316 1089 4370 i
1132 4313 1426 4391 rukopis).

836 4422 919 4485 Et
964 4443 1089 4507 ego
1138 4424 1326 4487 Uitus
1370 4426 1453 4487 de
1500 4422 1705 4488 Cerna
1753 4425 1837 4487 de
1884 4426 2108 4508 Merga
2153 4427 2566 4488 examinator
2629 4444 2896 4487 manum
2943 4444 3158 4486 meam
3219 4425 3375 4485 misi.

838 4537 1167 4615 (Monogr.
1214 4537 1447 4615 notar.)

836 4649 979 4733 Ego
1026 4651 1325 4713 Viuerius
1367 4649 1605 4713 Allexii
1665 4651 2026 4732 Jaderensis
2073 4656 2356 4715 notarius
2417 4654 2672 4715 interfui
2720 4661 3000 4733 rogatuS,
3047 4660 3116 4712 ut
3160 4648 3370 4711 audiui

660 4764 897 4842 scripsi,
940 4762 1240 4826 roboraui
1286 4774 1349 4826 et
1394 4775 1705 4825 consueto
1748 4768 1936 4847 signo
1981 4768 2244 4848 signaui.

848 4974 1147 5049 Onginal
1170 4996 1211 5035 u
1236 4976 1495 5051 gubern.
1547 4975 1778 5045 arkivu,
1800 4996 1841 5033 u
1872 4975 2108 5047 Zadru,
2157 4977 2297 5036 odio
2328 4985 2693 5035 samostana
2739 4997 2827 5035 sv.
2875 4976 3103 5035 Nikole
3147 4978 3240 5035 br.
3277 4982 3370 5035 48.
