3797 5795
1860 400 2266 463 —310—

711 589 1103 648 reuerissime
1157 598 1333 648 tanta
1376 589 1563 649 nobis
1593 598 1657 649 et
1688 607 1887 670 regno
1936 601 2154 651 nostro
2186 600 2251 652 et
2282 609 2460 651 sacre
2507 599 2721 651 nostre
2766 608 3005 650 corone
3051 588 3412 649 fidelissima

710 697 1136 760 exhibuerunt
1182 703 1473 780 exequia,
1532 712 1845 780 quantum
1890 715 2084 782 caput
2153 715 2440 764 nostrum
2509 705 2750 784 regium
2817 702 3201 781 preualebat.
3261 701 3414 780 Que

710 813 854 874 licet
884 832 997 891 pre
1027 813 1203 873 tedio
1247 813 1604 893 legencium
1655 817 1939 877 misimus
1984 817 2262 891 silenci0,
2293 816 2406 878 sed
2437 828 2748 896 quantum
2797 817 3002 876 tocius
3048 813 3399 878 Christiane

710 927 1027 1008 religionis
1090 947 1209 987 vna
1272 929 1462 988 valuit
1530 947 1706 1002 zona,
1752 948 1869 1008 pro
1917 929 2152 1008 quibus
2199 928 2437 990 nedum
2484 930 2680 990 latam
2729 929 2825 989 vel
2869 927 3108 1010 largam
3157 941 3388 988 terram

710 1040 823 1100 sed
870 1040 1132 1120 dignum
1182 1039 1409 1115 dicere,
1441 1059 1631 1100 vnam
1678 1050 1926 1119 partem
1959 1045 2140 1104 vnius
2184 1044 2543 1116 comitatuS,
2575 1042 2672 1102 vel
2705 1041 2962 1102 honoris
3008 1045 3199 1102 nostri
3246 1043 3400 1122 regii

712 1155 775 1212 in
819 1171 1020 1234 regno
1068 1165 1305 1226 nostr0,
1351 1174 1387 1214 a
1449 1163 1665 1215 nostra
1711 1165 2021 1233 perpetue
2065 1166 2458 1216 mererentur
2503 1156 2792 1217 obtinere
2851 1155 3198 1227 maiestate,
3255 1173 3406 1214 nam

711 1275 776 1326 et
809 1268 921 1344 ipsi
970 1265 1151 1338 Krez,
1201 1264 1467 1345 Cupissa
1498 1278 1561 1326 et
1594 1266 1776 1327 Raak
1808 1269 1871 1327 in
1904 1267 2266 1328 huiusmodi
2309 1269 2594 1347 ipsorum
2640 1269 2910 1350 agilibus
2955 1267 3400 1328 certaminibus

712 1389 776 1439 et
806 1379 1016 1457 preliis
1065 1398 1194 1439 non
1244 1398 1437 1457 parua
1492 1379 1576 1440 ad
1623 1381 1831 1458 capita
1876 1393 1940 1440 et
1991 1380 2290 1442 humeros
2336 1400 2560 1442 eorum
2593 1381 2802 1442 letalia
2847 1381 3125 1441 tulerunt
3169 1381 3398 1440 wlnera

712 1502 775 1552 et
806 1493 1023 1572 viginti
1070 1494 1352 1571 quinque
1396 1491 1618 1554 fratres
1650 1505 1713 1552 et
1745 1495 2080 1572 proximos
2127 1513 2350 1554 eorum
2383 1497 2508 1556 vita
2541 1497 2847 1555 miserunt
2891 1505 3140 1555 exutos
3191 1493 3398 1554 Nichi-

712 1605 987 1665 lominus
1034 1615 1271 1678 tamen,
1330 1615 1394 1664 vt
1442 1607 1503 1665 in
1550 1605 1761 1684 aliqua
1825 1617 2004 1685 parte
2065 1626 2322 1668 suorum
2389 1607 2898 1668 fidelissimorum
2954 1607 3400 1684 obsequiorum

712 1729 777 1778 et
848 1718 1171 1798 sanguinis
1245 1715 1572 1790 effusione,
1642 1737 1718 1778 ac
1788 1719 2054 1779 fratrum
2115 1731 2178 1780 et
2239 1721 2682 1798 proximorum
2745 1737 3004 1780 suorum
3066 1737 3223 1779 nece
3287 1719 3398 1778 mi-

712 1833 987 1904 serrima,
1034 1850 1154 1891 nec
1224 1849 1355 1890 non
1423 1849 1849 1909 expensarum
1920 1832 2191 1910 plurima
2259 1833 2662 1904 onerositate,
2709 1853 2746 1892 a
2793 1843 3010 1892 nostra
3080 1832 3408 1892 maiestate

712 1944 989 2026 benigne
1034 1963 1103 2004 se
1146 1956 1498 2025 agnoscant
1559 1947 1960 2018 remunerati,
2021 1944 2184 2004 lianc
2243 1945 2485 2006 eisdem
2552 1945 2731 2018 Krez,
2802 1943 3064 2024 Cupissa
3119 1955 3182 2004 et
3227 1942 3404 2004 Raak

712 2056 1081 2136 prebuimus
1141 2057 1417 2138 graciam
1470 2069 1531 2118 et
1579 2056 1929 2132 liberatem,
1973 2070 2038 2118 vt
2085 2079 2121 2118 a
2165 2057 2363 2119 modo
2411 2061 2473 2118 in
2519 2070 2827 2131 eternum,
2889 2058 3106 2119 illibati
3169 2058 3412 2118 nobiles

712 2181 777 2232 et
820 2172 948 2231 veri
993 2170 1228 2231 aulices
1272 2170 1517 2252 regales
1560 2183 1943 2231 censeantur
1988 2181 2052 2231 et
2099 2181 2328 2232 cuncta
2375 2170 2666 2232 militaria
2735 2171 3024 2250 preludia
3069 2184 3217 2231 ante
3263 2189 3414 2230 con-

713 2293 1001 2363 spectum
1051 2294 1337 2343 nostrum
1387 2285 1629 2364 regium
1660 2295 1725 2344 et
1755 2283 1910 2344 alias
1940 2284 2142 2345 vbiuis
2171 2283 2380 2344 facere
2411 2285 2661 2345 valeant
2691 2295 2756 2344 et
2787 2285 3048 2363 possint.
3097 2282 3408 2362 Quocirca

714 2397 1023 2472 quasdam
1071 2397 1392 2474 spaciosas
1439 2406 1633 2456 terras
1680 2406 1930 2456 nostras
1975 2396 2235 2477 regaleS,
2269 2415 2462 2457 vnam
2492 2396 2784 2458 videlicet
2831 2400 3202 2478 contiguam
3249 2407 3412 2456 terre

712 2511 1073 2570 monasterii
1122 2509 1515 2570 sanctissime
1561 2521 1623 2569 et
1672 2512 1907 2570 intacte
1953 2509 2052 2570 dei
2102 2513 2419 2591 genitricis
2467 2509 2666 2571 Marie
2711 2513 2772 2570 in
2821 2509 3170 2590 Topolzka,
3217 2510 3406 2570 aliam

712 2626 776 2682 in
824 2625 1238 2704 contiguitate
1284 2633 1445 2682 terre
1490 2625 1927 2702 generacionis
1971 2621 2218 2698 Salach,
2281 2624 2589 2702 reliquam
2651 2627 2714 2684 in
2774 2626 3189 2704 contiguitate
3249 2632 3410 2682 terre

714 2738 1152 2816 generacionis
1211 2736 1292 2796 de
1343 2733 1601 2813 Resnyk
1663 2747 1920 2796 vocatas
1965 2755 2194 2797 omnes
2240 2738 2298 2797 in
2350 2740 2658 2797 comitatu
2703 2736 3103 2818 Zagrabiensi
3153 2738 3303 2796 sitas
3355 2747 3415 2795 et

718 2849 983 2923 habitaS,
1042 2868 1156 2929 per
1215 2849 1639 2911 venerabilem
1688 2851 1888 2910 virum
1941 2851 2307 2932 magistrum
2357 2848 2730 2911 Farkasium
2793 2850 3056 2913 ecclesie
3117 2847 3416 2911 Albensis

718 2966 1129 3042 prepositum,
1188 2963 1332 3024 aule
1400 2974 1614 3023 nostre
1681 2962 2146 3036 cancellarium,
2205 2962 2462 3024 fidelem
2532 2974 2594 3025 et
2660 2963 2962 3024 dilectum
3026 2975 3335 3035 nostrum,
3381 2982 3417 3021 a

720 3086 935 3137 nostra
984 3078 1313 3136 maiestate
1359 3075 1712 3155 specialiter
1758 3076 1841 3136 ad
1888 3076 2011 3136 hoc
2058 3076 2454 3156 deputatum,
2493 3077 2922 3137 reambulatas
2968 3090 3032 3136 et
3077 3079 3419 3155 separatim

717 3191 801 3250 ab
869 3190 1004 3250 aliis
1072 3191 1556 3267 possessionatis
1621 3188 1988 3249 hominibus
2055 3190 2369 3250 metaliter
2437 3190 2765 3251 distinctas
2810 3202 2872 3250 et
2919 3198 3286 3269 segregatas
3353 3200 3415 3248 et

720 3322 911 3363 vnam
960 3320 1353 3381 quamquam
1424 3304 1486 3361 in
1548 3320 1733 3364 suum
1794 3304 2000 3383 girum
2063 3303 2399 3371 consertas,
2461 3322 2537 3363 ac
2597 3303 2896 3363 omnibus
2955 3304 3420 3362 commetaneis

718 3425 781 3477 et
829 3418 1175 3476 conuicinis
1220 3416 1569 3475 earundem
1618 3427 1942 3487 terrarum,
1991 3416 2202 3493 palam
2235 3426 2298 3475 et
2331 3416 2600 3495 publice,
2632 3434 2706 3475 ac
2737 3414 2948 3475 lucide
2981 3430 3044 3475 et
3077 3415 3413 3475 manifeste

721 3530 1135 3589 denunciatas
1181 3538 1243 3589 et
1304 3528 1683 3609 designata5‚
1752 3547 1900 3588 cum
1969 3528 2268 3589 omnibus
2337 3530 2614 3607 ipsarum
2681 3541 2988 3589 terrarum
3051 3526 3420 3589 vtilitatibus

722 3654 785 3703 et
831 3644 1233 3720 pertinenciis
1300 3642 1571 3721 integris
1638 3660 1715 3701 ac
1782 3641 2323 3702 fructuositatibus
2391 3642 2710 3713 vniuersis‚
2774 3643 3005 3721 quouis
3051 3642 3317 3701 nomine
3365 3652 3424 3700 et

722 3755 1036 3816 vocabulo
1082 3756 1334 3815 censitis
1394 3766 1457 3815 et
1518 3754 1877 3836 designatiS,
1925 3756 2380 3833 prenominatis
2439 3752 2733 3815 fidelibus
2788 3756 3018 3813 nostris
3066 3753 3252 3825 Krez,
3301 3752 3420 3816 Cu-

724 3871 891 3948 pissa
950 3877 1012 3929 et
1076 3866 1257 3929 Raak
1324 3868 1406 3927 de
1468 3868 1755 3946 predicto
1836 3866 2092 3929 Sirimio
2165 3877 2227 3927 et
2299 3887 2520 3928 eorum
2591 3866 2928 3927 heredibus
2988 3865 3427 3946 heredumque

723 3981 1190 4043 successoribus
1249 3990 1311 4040 et
1375 3980 1849 4060 posteritatibus
1911 3982 2230 4052 vniuersiS,
2277 3980 2359 4041 de
2422 3980 2687 4041 consilio
2734 3991 2795 4040 et
2842 3980 3246 4057 beneplacita
3317 3998 3424 4038 vo·

724 4096 967 4156 luntate
1033 4093 1421 4172 prelatorum
1468 4107 1532 4154 et
1579 4093 1893 4154 baronum
1962 4112 2038 4153 ac
2107 4112 2444 4173 procerum
2507 4094 2683 4174 regni
2745 4095 2942 4153 nostri
2991 4095 3426 4152 vniuersorum

726 4220 1110 4288 prematur0‚
1156 4207 1466 4279 dedimuS,
1508 4207 1891 4267 donauimus
1953 4218 2014 4267 et
2077 4206 2478 4273 contulimus,
2525 4208 2656 4265 imo
2704 4206 2949 4277 damuS,
2997 4204 3320 4265 donamus
3365 4214 3426 4264 et

726 4322 1130 4400 perhenniter
1188 4319 1576 4381 conferimus
1636 4332 1700 4381 et
1763 4320 1877 4380 hiis
1939 4321 2186 4399 scriptis
2247 4322 2477 4380 nostris
2523 4319 2767 4381 eisdem
2815 4318 3143 4387 tenendas
3188 4317 3424 4399 gaude-

726 4433 995 4517 andas(l)
1043 4446 1106 4494 et
1152 4433 1575 4512 possidendas
1636 4445 1946 4512 perpetue
1993 4444 2056 4493 et
2103 4432 2610 4505 irrevocabiliter,
2679 4433 3036 4511 patrocinio
3103 4430 3423 4491 mediante

727 4546 1196 4607 confirmamus.
1280 4546 1532 4607 Exinde
1601 4565 1861 4625 quoque
1931 4548 2370 4606 vniuersorum
2437 4564 2835 4606 successores
2903 4555 3157 4604 nostros
3217 4543 3428 4604 felices

726 4678 907 4741 reges
956 4660 1301 4741 Hungarie‚
1348 4662 1411 4721 in
1460 4657 1709 4723 Christo
1756 4678 1906 4740 rege
1951 4661 2342 4737 sempiterno
2405 4658 2816 4719 deuotissime
2877 4658 3311 4731 obsecramus,
3367 4664 3430 4713 vt

726 4772 843 4833 hec
907 4784 1122 4834 nostra
1190 4773 1461 4835 liberalis
1531 4772 1805 4833 donacio
1876 4782 1942 4833 et
2009 4772 2412 4851 perhennalis
2477 4770 2910 4844 confirmaciO,
2971 4770 3428 4848 prenominatis

724 4886 1019 4947 fidelibus
1065 4889 1297 4946 nostris
1346 4885 1525 4959 Krez,
1574 4883 1838 4965 Cupissa
1884 4896 1948 4945 et
1997 4885 2195 4959 Raak,
2240 4904 2316 4945 ac
2363 4904 2584 4945 eorum
2631 4886 2877 4945 cunctis
2936 4882 3426 4961 posteritatibus

726 5010 1037 5080 perpetue
1082 4999 1467 5060 indemniter
1520 5010 1581 5059 et
1629 4999 1803 5060 illesa
1850 5000 2022 5059 acin
2055 5000 2354 5059 omnibus
2399 5017 2516 5059 suo
2565 4997 2764 5057 modo
2810 4996 3152 5055 obseruata
3185 4994 3434 5054 valeant

728 5112 1085 5191 perdurare.
1166 5112 1258 5172 Ita
1322 5122 1384 5171 et
1446 5114 1617 5172 enim
1680 5131 1755 5171 ac
1816 5130 1896 5171 eo
1945 5112 2145 5172 modo
2207 5113 2468 5173 seruicia
2537 5110 2892 5171 eorundem
2940 5109 3122 5175 Krez,
3170 5105 3428 5187 Cupissa
