3797 5795
1534 394 1607 401 —
1678 358 1944 421 625—

388 550 700 629 Dyonisio
755 549 1063 630 Jauriensi
1111 561 1174 610 et
1223 550 1413 611 Petro
1473 547 1914 621 Transilvan0‚
1959 549 2275 626 episcopis
2341 547 2638 608 ecclesias
2683 548 2784 608 dei
2833 546 3093 608 feliciter

390 664 905 745 gubernantibus,
953 662 1145 740 Moys
1190 662 1474 741 palatino
1522 663 1757 721 comite
1805 658 2217 739 Supruniensi
2269 670 2332 720 et
2380 660 2585 720 iudice
2635 657 3092 733 Comanorum‚

398 776 663 837 Nicolao
712 776 919 837 iudice
963 778 1134 835 curie
1199 785 1413 835 nostre
1456 776 1695 835 comite
1748 772 2150 854 Symigiensi,
2196 772 2428 853 Egidio
2475 775 2778 854 magistro
2825 775 3092 839 taverni-

392 908 615 949 corum
675 892 911 949 comite
960 888 1351 961 Posoniensi‚
1389 886 1701 967 Joachino
1749 886 1923 946 bano
1970 888 2162 946 totius
2209 885 2564 959 Selavonie‚
2611 885 2874 947 Matheo
2920 907 3092 965 woy-

396 1000 579 1060 woda
644 1000 1064 1062 Transilvano
1136 1001 1375 1060 comite
1442 1000 1525 1059 de
1613 997 1900 1073 Zounuk,
1968 997 2316 1060 Laurentio
2385 1001 2558 1059 bano
2639 1000 2723 1059 de
2790 998 3095 1061 Scevrino

392 1114 627 1173 comite
671 1113 755 1173 de
798 1112 1098 1185 Dobuka‚
1145 1113 1334 1174 Petro
1374 1114 1677 1193 magistro
1726 1112 2158 1191 dapiferorum
2207 1115 2443 1173 comite
2490 1110 2767 1185 Gueske,
2820 1110 3093 1173 Alberto

400 1227 698 1305 magistro
746 1245 1101 1307 agazonum
1149 1227 1388 1286 comite
1434 1225 1517 1285 de
1562 1224 1862 1298 Scibinio,
1913 1224 2204 1303 Philippo
2253 1228 2557 1305 magistro
2604 1208 3099 1304 princernarum,

405 1338 598 1398 Paulo
643 1340 881 1399 comite
928 1338 1277 1412 Bachiensi,
1346 1337 1659 1419 Gregorio
1708 1340 2012 1419 magistro
2061 1340 2528 1399 tavernicorum
2576 1340 2838 1399 domine
2885 1340 3100 1419 regine

404 1454 631 1509 comite
678 1448 1087 1524 Castriferrei‚
1146 1450 1399 1529 Ponyth
1430 1452 1603 1510 bano
1636 1453 1871 1511 comite
1909 1450 2279 1525 Zaladiensi‚
2326 1452 2516 1512 Petro
2548 1454 2785 1513 comite
2815 1450 3103 1525 Albensi,

404 1562 735 1640 Mychaele
781 1565 1014 1624 comite
1062 1562 1362 1624 Nitriensi
1409 1575 1472 1623 et
1518 1564 1654 1623 aliis
1702 1582 1893 1639 quam
1943 1563 2227 1641 pluribus
2272 1566 2615 1625 comitatus
2660 1566 2836 1646 regni
2883 1575 3102 1625 tenen-

404 1676 563 1736 tibus
607 1690 668 1735 et
721 1677 1013 1736 honores.

566 1869 764 1943 Fejjer
810 1868 954 1927 cod.
1003 1869 1153 1943 dipl.
1198 1869 1411 1943 Hung.
1472 1868 1565 1926 Vl.
1616 1872 1691 1937 2.,
1743 1870 2096 1926 393--396.
2142 1870 2304 1927 veli:
2357 1870 2498 1927 »Ex
2538 1872 2843 1944 orzginali
2871 1882 3102 1947 perga-

404 1991 576 2029 mena
620 1972 904 2046 oblonga,
953 1974 1178 2053 optime
1238 1981 1603 2029 conservata
1618 1993 1643 2040 ,·
1711 1973 1989 2047 sig-illum
2052 1975 2130 2029 de
2187 1992 2343 2031 zona
2405 1974 2590 2031 rubro
2656 1974 2794 2032 albo
2855 1976 3100 2033 cerulea

392 2078 667 2152 pendens
719 2077 1064 2134 avulsum«.
1111 2109 1198 2119 --
1246 2078 1344 2151 (U
1380 2079 1506 2134 α’νέ.
1554 2076 1778 2134 arkz'vu
1826 2078 2057 2134 badim.
2106 2078 2196 2133 mi
2238 2098 2316 2134 ne
2361 2080 2746 2153 naajosmoj.

1689 2471 1823 2550 73.

414 2630 610 2709 1272,
652 2626 842 2711 prije
889 2630 1001 2695 20.
1048 2628 1268 2711 maja.

415 2816 701 2904 Szjy‘epan
747 2818 935 2904 kralj
976 2816 1267 2904 ugarskz'
1292 2816 1326 2879 ι’
1349 2817 1667 2881 hrvatskz'
1702 2819 2100 2904 palma-'jaje
2146 2818 2398 2881 lz‘slz'nu
2444 2820 2620 2881 bana
2672 2817 2994 2903 Joakima
3025 2819 3115 2883 od

1119 2935 1226 2994 24.
1276 2938 1574 3016 augusta
1620 2935 1810 2996 1275.
1857 2955 1934 2996 za
1993 2931 2405 3016 Turopoljce.

594 3123 951 3202 Stephanus
1020 3124 1120 3184 dei
1191 3127 1401 3204 gracia
1462 3125 1764 3206 Vngarie,
1824 3124 2176 3196 Dalmacie.
2239 3123 2520 3198 Croacie,
2587 3124 2811 3200 Rame,
2876 3123 3114 3196 Seruie,

414 3233 697 3311 Gallicie‚
744 3237 1149 3310 Lodomerie,
1198 3235 1527 3312 Cumanie,
1574 3238 1996 3319 Bulgarieque
2038 3257 2152 3298 rex
2201 3238 2500 3298 omnibus
2548 3234 2774 3300 Christi
2822 3237 3115 3299 fidelibus

414 3360 742 3427 presentes
800 3351 1041 3412 litteras
1100 3353 1476 3429 inspecturis
1536 3351 1805 3412 salutem
1870 3353 1930 3410 in
1999 3353 2288 3411 omnium
2337 3350 2669 3411 saluatore.
2717 3349 2826 3410 Ad
2870 3353 3116 3411 vniuer-

417 3479 635 3521 sorum
702 3465 999 3525 noticiam
1071 3473 1295 3524 tenore
1361 3466 1761 3543 presencium
1830 3465 2126 3525 volumus
2192 3466 2544 3542 peruenire,
2590 3462 2766 3541 quod
2834 3462 3116 3542 Stanysk

421 3571 586 3633 filius
657 3575 1007 3655 Waraeysk
1075 3577 1331 3658 iobagio
1399 3578 1585 3638 castri
1654 3576 2092 3658 Zagrabiensis
2159 3595 2308 3637 cum
2371 3579 2793 3657 generacione
2859 3595 2972 3638 sua
3033 3576 3116 3637 ad

426 3697 703 3749 nostram
766 3690 1083 3750 accedens
1141 3691 1536 3768 presenciam
1599 3689 1889 3750 exhibuit
1951 3689 2138 3749 nobis
2196 3689 2434 3749 litteras
2493 3690 2913 3771 priuilegiales
2974 3688 3119 3769 Joa-

431 3799 588 3861 chini
633 3802 778 3862 bani
843 3804 1047 3864 tocius
1108 3803 1447 3865 Sclauonie
1511 3803 1722 3863 dilecti
1770 3815 1835 3863 et
1883 3801 2089 3862 fidelis
2135 3805 2334 3862 nostri
2381 3801 2500 3863 sub
2546 3803 2851 3880 pendenti
2913 3801 3118 3883 sigillo

430 3932 609 3994 super
676 3915 965 3976 libertate
1033 3936 1147 3977 sua
1214 3927 1277 3976 et
1344 3935 1605 3977 suorum
1674 3925 2100 3997 cognatorum
2169 3914 2594 3994 supplicando
2655 3915 2989 3989 humiliter,
3049 3924 3118 3976 ut

432 4028 747 4090 confectas
776 4029 1040 4090 easdem
1082 4040 1302 4091 nostro
1348 4029 1677 4110 priuilegio
1724 4025 2104 4088 confirmare
2148 4027 2574 4109 dignaremur,
2619 4046 2889 4107 quarum
2936 4038 3122 4088 tenor

432 4140 565 4201 talis
608 4153 731 4202 est:
794 4144 923 4217 (Gl.
977 4145 1195 4201 listinu
1242 4145 1328 4202 od
1368 4147 1468 4203 24.
1518 4153 1788 4218 augusta
1849 4145 2066 4216 1271).
2142 4140 2280 4201 Nos
2339 4142 2529 4221 igitur
2587 4139 2671 4200 ad
2732 4141 3120 4219 peticionem

430 4255 689 4332 predicti
734 4253 1017 4334 Stanysk
1071 4267 1133 4316 et
1187 4275 1446 4317 suorum
1493 4266 1935 4336 cognatorum,
1979 4253 2411 4314 fauorabiliter
2462 4252 2760 4327 inclinati,
2817 4251 2884 4313 id
2945 4253 3122 4333 quod

430 4385 540 4447 per
569 4369 925 4448 predictum
967 4368 1347 4449 Joachinum
1393 4369 1635 4429 banum
1683 4366 1941 4428 fidelem
1989 4377 2281 4427 nostrum
2326 4385 2516 4446 super
2562 4357 2854 4426 libertate
2898 4385 3122 4427 eorum

432 4492 637 4543 actum
717 4492 832 4557 est,
906 4493 1115 4544 ratum
1193 4482 1501 4544 habentes
1576 4492 1639 4542 et
1714 4492 2071 4560 acceptum,
2145 4479 2383 4541 litteras
2455 4478 2742 4541 eiusdem
2817 4479 2967 4539 bani
3041 4478 3124 4540 de

430 4595 621 4657 verbo
666 4595 751 4658 ad
796 4595 1063 4657 verbum
1107 4595 1511 4676 presentibus
1554 4596 1741 4655 inseri
1786 4594 2094 4654 facientes
2159 4595 2536 4654 auctoritate
2579 4594 2983 4671 presencium
3029 4592 3126 4652 lit-

433 4718 699 4770 terarum
762 4720 1125 4772 nostrarum
1186 4707 1642 4770 confirmamus
1708 4707 2024 4786 dupplicis
2069 4705 2249 4788 sigilli
2295 4707 2493 4767 nostri
2540 4705 2892 4766 munimine
2935 4701 3128 4764 robo—

432 4823 644 4883 rando.
709 4821 953 4884 Datum
999 4843 1113 4902 per
1158 4841 1387 4884 manus
1448 4823 1728 4903 magistri
1790 4819 2120 4882 Benedicti
2180 4820 2482 4898 prepositi
2553 4817 2947 4891 OrodiensiS‚
2990 4816 3135 4879 aule

435 4947 647 4996 nostre
690 4937 1184 5000 vicecancellarii
1229 4935 1442 4997 dilecti
1489 4946 1555 4996 et
1598 4933 1804 4996 fidelis
1848 4935 2066 5007 nostri,
2110 4950 2284 4993 anno
2329 4929 2574 4992 domini
2607 4931 2946 4992 millesimo
2993 4925 3142 4992 CC·

436 5053 906 5132 septuagesimo
940 5049 1271 5124 secunde,
1328 5050 1507 5130 regni
1552 5057 1769 5109 autern
1818 5049 2018 5108 nostri
2063 5063 2237 5107 anno
2283 5045 2587 5109 secundo,
2649 5037 3154 5106 Venerabilibus

516 5184 663 5230 con.
696 5184 863 5228 mm..
895 5183 957 5225 v.
2968 5149 3060 5213 40
