3797 5795
1830 411 1910 417 ——
1976 375 2101 438 338
2186 409 2240 414 -

674 569 942 630 comites
987 577 1048 627 et
1098 567 1471 648 iobagiones
1517 562 1918 647 cas(trenses)
1969 610 2476 625 .........
2528 562 2608 624 de
2659 563 2922 642 Ryuche
2963 561 3394 641 personaliter

674 691 955 742 astantes
1002 679 1089 761 (in
1138 675 1339 756 nullo)
1389 727 1767 738 .......
1818 677 2364 750 contradixerunt,
2410 696 2564 755 ymo
2613 677 3048 756 approbantes
3094 676 3178 736 de
3214 675 3396 735 bona

674 793 1003 855 voluntate
1048 811 1271 853 eorum
1322 791 1734 865 admiserunt,
1764 793 1883 852 sub
1919 795 2105 852 metis
2137 791 2543 869 infrascriptis
2589 792 2704 870 ipsi
2755 791 2958 851 Bense
3004 793 3394 868 porcionem

676 926 857 968 suam
920 916 982 968 et
1045 909 1107 966 in
1172 915 1550 984 perpetuum
1615 904 1943 983 possidere
2006 903 2268 983 pacifice
2327 914 2390 964 et
2452 905 2681 983 quiete.
2730 903 3019 982 Quarum
3068 913 3394 962 metarum

680 1021 885 1099 prima
925 1021 1159 1099 incipit,
1200 1022 1359 1080 sicut
1407 1019 1593 1079 nobis
1641 1018 1863 1099 (homo
1912 1013 2202 1096 predicti)
2267 1015 2673 1080 Chasmensis
2717 1016 2974 1094 capituli
3021 1016 3397 1095 expressius

677 1137 978 1208 constitit,
1038 1134 1122 1193 ab
1168 1132 1503 1194 occidente
1549 1135 1613 1192 in
1660 1131 1852 1192 fluvio
1919 1127 2180 1193 Conzka
2227 1132 2288 1190 in
2335 1130 2562 1190 arbore
2623 1147 2777 1211 egur
2837 1134 3284 1212 crucesignata
3331 1143 3396 1190 et

679 1258 849 1308 meta
898 1259 1100 1307 terrea
1148 1247 1525 1306 circumfusa
1574 1255 1635 1305 et
1682 1244 2042 1323 procedens
2089 1243 2171 1302 ad
2217 1246 2526 1303 orientem
2591 1245 2767 1304 iuxta
2828 1253 3060 1305 terram
3113 1245 3397 1323 Vydose

676 1361 850 1421 venit
896 1360 978 1420 ad
1028 1361 1192 1420 viam
1241 1361 1417 1419 iuxta
1464 1377 1661 1438 quam
1708 1373 1803 1418 est
1854 1369 2022 1418 meta
2069 1368 2271 1417 terrea
2303 1367 2364 1416 et
2401 1353 2912 1440 (circumeun)do
2962 1359 3163 1437 ipsam
3221 1359 3392 1418 viam

673 1473 963 1552 procedit
1012 1476 1073 1533 in
1122 1473 1391 1552 planicie
1437 1473 1500 1532 in
1550 1489 1788 1552 magno
1851 1471 2068 1549 spacio
2117 1481 2178 1530 et
2227 1472 2396 1530 venit
2443 1470 2526 1530 ad
2575 1482 2817 1531 metam
2877 1482 3171 1532 terream.
3230 1471 3396 1531 Inde

672 1586 758 1647 ad
804 1587 1099 1646 arborem
1163 1585 1374 1645 harazt
1435 1585 1940 1665 crucesignatam
1987 1593 2052 1644 et
2100 1594 2269 1643 meta
2331 1595 2534 1644 terrea
2597 1585 3080 1660 circumfusam;
3147 1585 3396 1645 deinde

674 1700 865 1758 intrat
911 1701 973 1758 in
1021 1716 1248 1758 nemus
1295 1708 1358 1758 et
1404 1697 1619 1756 eundo
1667 1698 1729 1756 in
1778 1698 1917 1775 ipso
1988 1715 2250 1756 nemore
2298 1700 2467 1756 venit
2513 1697 2597 1758 ad
2643 1698 2937 1758 arborem
2988 1697 3126 1776 byk
3169 1717 3395 1761 cruce-

672 1813 985 1892 signatam
1053 1810 1173 1872 sub
1234 1829 1359 1890 qua
1408 1820 1502 1870 est
1552 1823 1723 1869 meta
1785 1819 2006 1870 terrea.
2057 1809 2212 1869 Inde
2259 1828 2371 1888 per
2417 1812 2710 1871 semitam
2775 1811 2906 1871 exit
2953 1812 3036 1872 ad
3082 1813 3394 1873 arborem

672 1921 1006 2006 horozthtl)
1050 1926 1557 2004 crucesignatam
1603 1933 1665 1984 et
1716 1933 1885 1983 meta
1947 1933 2150 1983 terrea
2196 1923 2646 1983 circumfusam
2694 1925 2910 2003 ibique
2969 1937 3389 1987 conmetatur

673 2049 837 2098 terre
906 2037 1235 2116 Pangracii
1303 2038 1570 2096 comitis
1621 2035 1777 2096 Inde
1847 2037 2122 2097 tendens
2191 2039 2361 2096 venit
2427 2037 2511 2098 ad
2580 2049 2772 2116 caput
2843 2037 3164 2098 Dobouch
3239 2040 3392 2100 sicci

672 2152 889 2230 ibique
953 2152 1168 2229 incipit
1232 2160 1449 2210 tenere
1512 2160 1715 2210 metas
1762 2168 1909 2210 cum
1961 2149 2169 2210 Prelsa
2215 2152 2451 2210 comite
2497 2170 2610 2228 per
2659 2169 2852 2228 quem
2899 2149 3160 2213 fluvium
3211 2153 3392 2213 vadit

672 2265 931 2325 inferius
990 2264 1074 2324 ad
1138 2265 1468 2324 meridiem
1516 2272 1581 2323 et
1626 2263 1796 2323 cadit
1856 2265 1920 2322 in
1987 2261 2246 2322 fluvium
2295 2261 2772 2336 Clokocheuch,
2835 2283 2948 2342 per
2991 2283 3186 2343 quem
3241 2285 3391 2344 pro-

674 2379 912 2438 cedens
966 2379 1097 2438 exit
1144 2377 1228 2437 ad
1276 2395 1579 2457 magnam
1640 2377 1805 2436 viam
1870 2375 1953 2436 de
2015 2375 2214 2435 domo
2267 2376 2477 2435 Prelse
2537 2378 2804 2450 comitiS,
2851 2378 2910 2437 in
2959 2396 3085 2457 qua
3131 2381 3258 2439 itur
3305 2379 3390 2438 ad

676 2492 938 2569 Ryuche
1002 2491 1216 2568 ibique
1278 2501 1680 2550 conmetatur
1742 2499 1906 2549 terre
1967 2491 2401 2564 castrensium,
2445 2489 2595 2550 inde
2660 2492 2722 2550 in
2786 2491 3012 2551 eadem
3062 2493 3162 2551 via
3213 2493 3392 2552 vadit

672 2604 757 2664 ad
805 2603 1209 2664 occidentem
1280 2604 1341 2662 in
1413 2621 1650 2683 magno
1721 2605 1939 2680 spacio
2003 2622 2118 2681 per
2185 2613 2389 2662 metas
2457 2619 2692 2663 terreas
2737 2615 2800 2663 et
2848 2605 3108 2665 arbores
3169 2623 3392 2666 crucc-

672 2721 951 2798 signatas
997 2726 1059 2777 et
1107 2718 1278 2776 venit
1326 2715 1408 2775 ad
1460 2727 1701 2775 metam
1748 2726 2020 2774 terream
2069 2717 2245 2776 iuxta
2293 2718 2458 2774 viam
2509 2727 2572 2774 et
2619 2716 2700 2774 ibi
2749 2730 3155 2778 conmetatur
3219 2731 3390 2779 terre

674 2829 1032 2894 Laurencii.
1083 2828 1240 2889 Inde
1287 2829 1537 2888 divertit
1584 2827 1667 2888 ad
1717 2837 1966 2906 partem
2014 2828 2604 2906 septemtrionalem
2637 2840 2698 2889 et
2733 2832 2904 2890 venit
2950 2830 3035 2891 ad
3083 2833 3386 2892 arborem

673 2945 763 3005 tul
803 2946 1308 3023 crucesignatam
1342 2943 1460 3002 sub
1494 2961 1619 3021 qua
1652 2955 1746 3002 est
1780 2954 1952 3001 meta
1999 2952 2219 3002 terrea.
2269 2942 2424 3003 Inde
2456 2943 2539 3002 ad
2573 2944 2974 3004 occidentem
3023 2946 3390 3023 procedens

670 3060 894 3119 transit
958 3075 1071 3136 per
1135 3054 1416 3115 mlakam
1465 3065 1528 3115 et
1575 3055 1744 3115 cadit
1794 3056 1852 3114 in
1903 3054 2162 3115 fluvium
2227 3054 2499 3116 Konzka
2561 3057 2776 3131 ibique
2835 3068 2930 3117 est
2991 3059 3184 3117 arbor
3229 3078 3390 3139 egur

671 3173 1107 3251 crucesignata
1154 3169 1273 3229 sub
1322 3187 1448 3247 qua
1496 3180 1591 3228 est
1648 3178 1818 3229 meta
1864 3179 1927 3228 et
1977 3172 2037 3227 in
2087 3168 2322 3228 eodem
2383 3168 2574 3229 fluvio
2638 3171 2926 3247 procedit
2973 3171 3055 3230 ad
3101 3184 3388 3250 septem-

672 3287 945 3344 trionem
996 3285 1057 3341 in
1106 3299 1345 3361 magno
1393 3282 1611 3359 spacio
1644 3290 1706 3340 et
1738 3280 1989 3340 rediens
2035 3280 2204 3341 cadit
2239 3282 2300 3340 in
2335 3292 2574 3341 metam
2623 3284 2914 3360 primitus
2962 3286 3384 3345 nominatam.

674 3396 811 3457 Nec
856 3396 979 3455 hoc
1041 3395 1581 3473 pretermittimus
1631 3392 1806 3470 quod
1870 3393 2044 3453 idem
2093 3392 2296 3453 Bense
2343 3406 2404 3453 et
2452 3397 2544 3453 sui
2593 3397 2871 3456 consocii
2921 3396 3098 3456 liberi
3143 3398 3386 3458 scilicet

672 3508 985 3588 prediales
1052 3508 1317 3567 liberam
1388 3507 1624 3567 habent
1692 3506 2081 3573 facultatem,
2152 3525 2593 3585 quoscumque
2665 3508 2974 3569 voluerint
3043 3509 3127 3571 ad
3195 3529 3380 3571 suam

672 3624 1047 3701 porcionem
1094 3620 1472 3699 recipiendi;
1519 3637 1637 3679 nec
1686 3622 1955 3679 comites
2001 3620 2082 3679 de
2132 3620 2396 3697 Ryuche
2458 3622 2630 3699 ipsos
2691 3632 2993 3699 poterunt
3041 3622 3122 3683 de
3171 3622 3382 3683 huius-

672 3735 850 3795 modi
898 3736 1273 3812 recepcione
1319 3733 1653 3792 hominum
1686 3732 2042 3811 prohibere.
2095 3730 2201 3793 Ad
2235 3733 2352 3793 hec
2383 3733 2669 3807 dicimus,
2701 3736 2860 3795 sicut
2893 3755 3006 3814 per
3037 3736 3376 3797 dominum

670 3866 888 3927 regem
935 3858 997 3906 et
1046 3865 1163 3906 nos
1209 3847 1417 3906 extitit
1465 3846 1812 3919 decretum,
1859 3846 2163 3924 sepedicti
2214 3849 2430 3927 viginti
2482 3849 2764 3926 quinque
2811 3849 3124 3927 prediales
3171 3863 3384 3930 preter

670 3962 1015 4037 constituta
1077 3960 1321 4018 domini
1384 3962 1548 4039 regis
1614 3978 1737 4037 que
1802 3958 2050 4038 plenius
2098 3962 2157 4019 in
2208 3960 2428 4020 litteris
2491 3961 2732 4020 eisdem
2804 3964 3252 4040 exprimuntur
3298 3965 3380 4024 de

671 4076 845 4134 omni
914 4073 1344 4132 iurisdictione
1406 4072 1556 4132 dicti
1620 4076 1801 4132 castri
1854 4084 1917 4132 et
1964 4075 2307 4133 comitatus
2355 4074 2436 4132 de
2485 4074 2724 4134 Riuche
2785 4088 2932 4134 sunt
2981 4079 3270 4155 exempti
3316 4092 3376 4137 et

670 4188 923 4266 penitus
990 4185 1292 4263 expediti.
1360 4186 1429 4245 ln
1492 4187 1669 4246 cuius
1738 4188 1822 4245 rei
1892 4188 2330 4245 testimonium
2399 4198 2907 4265 perpetuamque
2965 4189 3372 4250 stabilitatem

667 4299 916 4379 prefato
968 4298 1171 4358 Hense
1218 4310 1279 4357 et
1328 4300 1454 4358 suis
1502 4298 1841 4358 heredibus
1887 4309 2215 4377 presentes
2260 4298 2647 4359 contulimus
2693 4300 2880 4379 sigilli
2929 4304 3124 4362 nostri
3173 4306 3375 4362 muni·

669 4414 842 4473 mine
910 4412 1258 4472 roboratas.
1322 4410 1613 4491 (Dlatum
1684 4422 1746 4471 et
1814 4422 2028 4472 actum
2099 4422 2395 4489 presente
2465 4414 2769 4493 magistro
2838 4414 3045 4491 MoyS,
3083 4414 3266 4493 Jursa
3312 4428 3373 4475 et

676 4524 989 4605 Gregorio
1059 4525 1401 4585 comitibus
1472 4524 1555 4585 de
1625 4523 1908 4602 Ryuche‚
1978 4524 2303 4603 inculpatu
2365 4527 2425 4584 in
2490 4524 2653 4585 festo
2709 4526 3018 4607 Johannis
3083 4528 3372 4606 baptiste.

671 4636 867 4698 Anno
916 4637 1159 4697 domini
1212 4635 1314 4696 M⁰
1359 4633 1502 4699 CC⁰
1548 4635 1701 4697 LX⁰
1747 4639 1990 4715 quinto.

842 4830 908 4887 [ε
953 4830 1305 4903 ortginalne
1360 4831 1617 4904 potvrde·
1676 4802 1883 4903 kralja
1949 4831 2094 4885 Be’le
2139 4831 2224 4885 od
2254 4832 2486 4904 gocn‘ne
2537 4834 2708 4886 1266.
2758 4852 2798 4889 u
2861 4832 3084 4890 arkivu
3143 4834 3372 4909 obitelji

678 4935 955 5010 Ba'tory'fy.

852 5038 996 5095 cod.
1043 5038 1193 5113 dipl.
1231 5038 1485 5113 patrius
1545 5038 1677 5096 Vll.
1726 5043 1994 5095 94—96.
2051 5074 2122 5083 —
2190 5039 2558 5115 Kukuffiwffl
2601 5044 2748 5115 lt'e‘g.
2797 5062 2893 5100 no.
2945 5046 3073 5099 891.
