3797 5795
764 529 939 608 quod
1009 540 1401 588 memoratus
1460 526 1775 610 Georgius
1820 548 1972 589 usus
2017 529 2130 590 suit
2179 529 2394 590 debita
2443 527 2744 588 facultate
2789 536 2852 585 et
2896 528 3103 604 potuit
3153 545 3266 584 eos
3315 545 3466 585 ven-

763 642 931 714 dere,
963 643 1109 716 quia
1139 645 1298 702 serui
1332 645 1467 702 cius
1500 642 1856 702 hereditarii
1887 644 2250 702 extiterunt.
2284 640 2770 722 Assignansque
2801 638 3122 717 predictus
3147 635 3464 719 Georgius

762 754 1269 816 iurisdiccionem
1336 766 1398 815 et
1462 757 1920 834 proprietatem
1991 755 2308 815 dictorum
2378 754 2712 814 hominum
2781 763 2842 811 et
2874 829 2881 838 ο
2913 754 3082 830 ipsos
3156 751 3464 821 homines,

761 886 909 929 cum
958 870 1284 928 nascituris
1328 888 1412 928 ex
1459 870 1548 928 eis
1594 867 1861 928 domino
1907 869 2228 946 episcopo,
2279 866 2607 948 Obligauit
2653 885 2720 925 se
2765 875 2830 925 et
2878 864 3143 924 heredes
3189 882 3342 923 suos
3385 861 3468 924 ad

762 980 1234 1059 expediendam
1296 1000 1576 1053 omnem,
1646 999 1840 1059 quam
1905 999 2093 1059 super
2137 980 2520 1041 uendicione
2581 978 2811 1038 factam
2861 980 3000 1037 oriri
3047 979 3470 1056 contingeret,

764 1096 1169 1172 questionem
1218 1105 1281 1154 et
1328 1093 1707 1154 saluandam
1740 1095 1801 1152 in
1830 1096 2103 1173 propriis
2151 1093 2473 1154 laboribus
2519 1103 2582 1152 et
2627 1091 2929 1168 expensis
2973 1099 3198 1150 contra
3245 1107 3474 1148 omnes

766 1207 874 1285 qui
920 1208 1123 1284 ipsam
1170 1209 1233 1266 in
1281 1207 1457 1266 litem
1505 1206 1900 1266 deducerent
1932 1217 1996 1266 et
2026 1208 2226 1267 teneri
2273 1205 2356 1266 ad
2403 1223 2599 1264 omne
2631 1204 2986 1282 dampnum
3032 1215 3094 1262 et
3145 1204 3468 1274 interesse,

765 1320 939 1399 quod
986 1319 1251 1379 domino
1300 1332 1521 1380 nostro
1567 1321 1872 1398 episcopo
1921 1330 1986 1379 et
2031 1320 2500 1380 successoribus
2548 1319 2674 1378 suis
2721 1318 3083 1376 immineret
3129 1317 3472 1375 occasione

765 1432 1099 1492 hominum
1158 1433 1606 1511 predictorum.
1674 1432 1743 1493 In
1805 1435 1981 1492 cuius
2041 1435 2126 1491 rei
2189 1432 2628 1492 testimonium
2691 1440 3015 1508 presentes
3079 1427 3470 1488 contulimus

763 1545 941 1626 sigilli
1012 1548 1207 1605 nostri
1278 1548 1631 1607 munimine
1698 1546 2045 1606 roboratas,
2131 1545 2372 1606 Datum
2434 1547 2496 1604 in
2561 1554 2790 1603 octaua
2862 1542 3072 1614 Pasce,
3143 1559 3320 1601 anno
3395 1541 3478 1600 ab

767 1659 1211 1718 incarnacione
1258 1658 1502 1719 domini
1554 1656 1863 1721 MCCLX
1911 1669 2157 1719 octavo.

936 1867 1127 1924 Liber
1158 1867 1446 1943 privileg.
1508 1876 1781 1944 eppatus.
1834 1867 2102 1942 Zagrab.
2154 1869 2264 1924 list
2311 1871 2396 1924 61.
2446 1901 2524 1910 —-
2583 1867 2837 1925 Tkaleic'
2893 1867 3167 1924 Alorcum.
3219 1867 3475 1942 episcop.

766 1972 1029 2046 Zagrab.
1089 1973 1139 2030 I·.
1204 1975 1337 2030 1:37.
1382 2007 1467 2013 —-
1530 1972 1773 2029 Wenzel
1836 1972 1979 2032 Coa,
2044 1972 2190 2048 dipl.
2251 1973 2396 2047 Arp.
2463 1973 2574 2030 XI.
2645 1975 2782 2028 579.
2847 1971 3065 2028 donosi
3124 1979 3347 2044 regest.
3393 2005 3473 2010 —

769 2077 1141 2152 Kukuljevic‘
1182 2079 1335 2150 Reg.
1386 2097 1479 2134 no,
1532 2079 1666 2132 948.

2021 2439 2216 2517 930.

769 2629 965 2711 1268,
1011 2629 1120 2695 29.
1169 2630 1434 2712 apl-ila.
1481 2629 1540 2694 U
1586 2629 1846 2695 Zadru.

768 2821 988 2884 Lovro
1050 2819 1435 2904 nadbz'skup
1496 2819 1818 2882 zadarskz'
1875 2818 2048 2881 sudi
2088 2842 2125 2882 o
2173 2821 2510 2905 medjama
2573 2841 2667 2881 na
2734 2819 3089 2882 Parmam
3157 2840 3204 2881 u
3269 2818 3480 2882 korz'sf

1642 2939 2036 2996 sanem-fana
2082 2955 2175 2996 sv.
2235 2935 2609 2996 Krs‘evana.

941 3126 1011 3185 In
1058 3123 1284 3188 Christi
1344 3127 1604 3185 nomine
1651 3144 1858 3185 amen.
1910 3124 2107 3186 Anno
2155 3128 2603 3186 incarnationis
2651 3128 2785 3185 eius
2833 3126 3171 3186 millesimo
3247 3126 3476 3185 ducen-

768 3241 997 3299 tesimo
1044 3240 1444 3319 sexagesimo
1493 3248 1743 3311 octauo,
1792 3242 2028 3299 mensis
2068 3238 2295 3317 aprilis,
2327 3239 2430 3298 die
2463 3239 2830 3317 penultima,
2885 3238 3237 3299 indictione
3291 3239 3476 3297 vnde-

767 3355 949 3425 cima‚
1001 3350 1207 3431 Jadre.
1268 3351 1698 3427 Temporibus
1767 3351 2010 3412 domini
2075 3353 2350 3430 Rayneri
2416 3350 2571 3433 Geni
2621 3353 2814 3412 incliti
2863 3351 3040 3412 ducis
3093 3352 3369 3413 Venetie
3414 3363 3474 3411 et

771 3465 1051 3545 magistri
1084 3464 1411 3524 Laurencii
1448 3464 1819 3525 venerabilis
1844 3464 2165 3543 Jadrensis
2210 3465 2685 3544 archiepiscopi,
2710 3484 2784 3525 ac
2817 3464 3064 3543 Phylipi
3101 3465 3472 3527 Mauroceni

768 3578 1003 3658 egregii
1048 3578 1313 3637 comitis.
1362 3576 1526 3640 Cum
1576 3580 1735 3638 inter
1784 3578 2038 3638 Petrum
2089 3577 2539 3638 Machulellum
2575 3599 2691 3657 pro
2723 3588 2904 3656 parte
2950 3580 3145 3657 patris
3177 3582 3274 3639 sui
3311 3578 3474 3639 Dese

769 3700 1271 3765 conquerentem
1318 3710 1401 3749 ex
1449 3710 1575 3750 una
1608 3702 1784 3770 parte
1830 3700 1893 3749 et
1943 3690 2281 3750 honestum
2331 3710 2406 3751 ac
2453 3691 2813 3772 religiosum
2863 3693 3064 3751 virum
3113 3691 3474 3770 dompnum

770 3802 1109 3864 Nicolaum
1152 3803 1456 3863 abbatem
1519 3804 1881 3864 monasterii
1931 3805 2131 3863 sancti
2181 3800 2518 3885 Grisogoni
2571 3804 2653 3863 de
2692 3802 2884 3884 jadra
2929 3815 2993 3864 et
3039 3824 3188 3865 suos
3252 3805 3472 3865 fratres

767 3936 853 3976 ex
913 3916 1125 3989 altera,
1186 3917 1646 3994 respondentes
1708 3934 1898 3994 super
1945 3916 2331 3994 quibusdam
2393 3920 2570 3976 terris
2631 3927 2695 3977 ct
2757 3920 2944 3978 metis
3005 3936 3224 3979 coram
3293 3918 3472 3977 nobis

770 4029 1129 4090 Laurencio
1176 4029 1275 4090 dei
1322 4032 1521 4109 gratia
1568 4030 1997 4108 suprascripto
2043 4029 2525 4108 archiepiscopo
2566 4029 2896 4108 Jadratino
2929 4030 3002 4091 lis
3033 4044 3096 4091 et
3129 4032 3466 4091 contencio

766 4154 1137 4210 uerteretur,
1214 4143 1466 4202 dicebat
1530 4161 1809 4221 namque
1868 4142 2078 4203 dictus
2129 4143 2363 4214 PetruS,
2411 4143 2591 4221 quod
2651 4146 2860 4204 rustici
2914 4144 3060 4204 dicti
3113 4145 3472 4204 monasterii

760 4270 1147 4335 acceperant
1180 4266 1385 4315 metas
1428 4257 1667 4333 positas
1712 4258 1873 4315 inter
1922 4266 2154 4316 terram
2202 4274 2401 4324 suam,
2448 4275 2574 4335 que
2621 4267 2717 4316 est
2763 4259 2827 4317 in
2873 4256 3074 4317 insula
3121 4258 3464 4317 Pistumani

762 4381 831 4429 et
880 4383 1113 4431 terram
1158 4367 1443 4429 eiusdem
1490 4370 1855 4428 monasterii
1901 4380 1963 4428 et
2013 4371 2399 4429 intrauerant
2445 4372 2609 4429 intra
2655 4368 2931 4430 confinia
2977 4382 3138 4431 terre
3185 4388 3315 4431 sue.
3361 4368 3468 4430 Ad

768 4480 890 4542 hec
938 4494 1154 4543 autem
1203 4480 1411 4540 dictus
1455 4480 1656 4540 abbas
1702 4480 2157 4559 respondendo
2219 4480 2492 4555 dicebat,
2549 4482 2724 4561 quod
2775 4492 2944 4543 mete
2995 4484 3278 4562 predicte
3325 4486 3478 4543 sicut

766 4591 1101 4672 actenustl)
1148 4595 1265 4654 site
1310 4593 1559 4654 fuerant
1604 4613 1717 4671 per
1761 4612 1888 4666 eos
1938 4596 2044 4671 qui
2093 4604 2291 4653 terras
2336 4596 2506 4671 ipsas
2550 4596 2797 4675 prefato
2847 4599 3234 4657 monasterio
3279 4596 3473 4655 dona-

770 4718 1002 4769 uerunt
1047 4718 1225 4769 erant
1272 4705 1499 4781 adhuc,
1534 4724 1652 4766 nec
1699 4706 1827 4765 ullo
1875 4724 2158 4784 unquam
2208 4718 2504 4785 tempore
2551 4728 2662 4787 per
2707 4711 2914 4787 ipsum
2959 4710 3060 4769 uel
3109 4710 3327 4769 fratres
3373 4726 3478 4767 seu

772 4822 1145 4904 iobagiones
1191 4838 1339 4880 suos
1384 4830 1629 4880 remote
1692 4818 1938 4879 fuerant
2007 4830 2069 4879 et
2129 4830 2282 4879 tunc
2345 4820 2479 4898 ipse
2547 4822 2762 4883 Petrus
2811 4822 3002 4882 dixit:
3065 4825 3264 4882 immo
3309 4821 3471 4881 dicte

776 4946 948 4995 mete
996 4954 1120 5013 que
1166 4944 1347 4994 erant
1393 4935 1553 4993 inter
1584 4942 1817 4992 terram
1863 4950 2046 4992 suam
2091 4943 2154 4993 et
2199 4944 2397 4993 terras
2445 4936 2812 4995 monasterii
2859 4935 3120 5013 sepefati
3170 4935 3252 4995 de
3297 4952 3470 4993 nouo

782 5060 1027 5108 remote
1073 5047 1319 5108 fuerant
1354 5058 1417 5106 et
1449 5056 1627 5105 erant
1676 5047 1883 5123 posite
1915 5045 1975 5103 in
2011 5056 2244 5107 terram
2277 5064 2460 5105 suam
2505 5066 2723 5107 uersus
2755 5048 3034 5116 boream,
3081 5048 3478 5109 introducens
