3797 5795
1630 411 1713 417 —
1776 373 2044 438 259—

1734 667 1926 746 759.

477 860 679 939 1263,
724 859 914 943 prije
961 860 1072 926 13.
1121 857 1451 925 oktobra.

474 1049 649 1112 Bela
694 1049 872 1133 kraly
922 1047 1211 1134 ugarski
1250 1047 1284 1110 ι’
1322 1049 1629 1112 hrvatskz
1668 1049 2004 1133 poklanja
2053 1048 2390 1134 magistra
2439 1047 2753 1132 Mz‘lzajlu
2804 1047 2972 1110 neko
3023 1067 3184 1109 zem-

1528 1160 1715 1244 ljzxte
1762 1183 1809 1223 u
1858 1161 2134 1226 Garic‘u.

646 1354 796 1416 Bela
842 1355 945 1415 dei
990 1356 1199 1436 gracia
1246 1354 1546 1436 Vngarie,
1592 1353 1940 1430 Dalmacie‚
2011 1352 2293 1426 Croacie,
2339 1355 2561 1428 Rame,
2607 1353 2845 1430 Seruie,
2893 1353 3182 1428 Gallicie,

471 1467 879 1541 Lodomerie‚
926 1465 1366 1546 Cumanieque
1410 1486 1543 1527 rex.
1591 1465 1914 1530 Omnibus
1958 1475 2286 1545 presentes
2331 1467 2570 1528 litteras
2600 1469 2972 1545 inspecturis
3017 1467 3182 1528 salu-

467 1590 603 1641 tem
648 1581 712 1641 in
760 1600 912 1641 uero
958 1581 1228 1642 salutari.
1290 1578 1471 1641 Solet
1531 1581 1921 1641 excellencia
1983 1582 2154 1661 regia
2214 1579 2427 1640 litibus
2487 1579 2770 1660 legitime
2829 1582 3182 1641 terminatis

466 1693 663 1754 finem
724 1695 1053 1772 imponere
1112 1713 1367 1754 suarum
1428 1696 1797 1754 testimonio
1865 1694 2232 1766 litterarum,
2300 1711 2384 1752 ne
2441 1711 2746 1772 processu
2811 1702 3178 1771 temporum

466 1808 709 1867 ueritati
757 1807 1081 1885 preualeat
1127 1805 1361 1868 falsitas
1406 1817 1470 1867 et
1515 1805 1655 1867 lites
1700 1825 1784 1867 ex
1830 1807 2042 1868 litibus
2106 1809 2402 1868 oriantur.
2475 1805 2752 1866 Proinde
2797 1805 2880 1866 ad
2925 1809 3174 1867 vniuer-

463 1937 682 1980 sorum
714 1920 1017 1979 noticiam
1049 1929 1270 1979 tenore
1309 1920 1710 1998 presencium
1757 1918 2056 1980 uolumus
2087 1921 2448 1997 peruenire:
2499 1919 2677 1997 quod
2709 1938 2856 1979 cum
2895 1917 3176 1997 Wolkey

464 2043 529 2092 et
574 2031 885 2092 Keremer
943 2030 1049 2093 filii
1112 2030 1281 2093 Ratk
1324 2031 1407 2092 de
1453 2030 1667 2112 Garig‚
1724 2031 2026 2092 Borokun
2089 2042 2154 2092 et
2215 2031 2268 2092 F
2273 2029 2480 2104 ork05‚
2544 2041 2814 2111 nepotes
2881 2031 3170 2092 eiusdem

462 2143 653 2220 Ratk,
720 2146 1089 2224 magistrum
1160 2143 1539 2206 Michaelem
1609 2143 1807 2206 filium
1874 2143 2195 2223 SymoniS,
2271 2143 2355 2204 ad
2419 2156 2704 2206 nostram
2773 2147 3172 2224 presenciam

462 2268 856 2332 euocassent,
900 2270 1368 2337 proposuerunt
1396 2268 1619 2318 contra
1650 2259 1877 2337 ipsum.
1925 2258 2104 2336 quod
2149 2270 2378 2318 terram
2427 2261 2716 2336 ipsorum
2747 2257 2830 2319 de
2861 2257 3172 2339 Garigseu

460 2388 586 2446 que
630 2369 972 2431 Ratkfelde
1036 2381 1437 2450 nuncupatur
1480 2370 1791 2432 detineret
1852 2371 2135 2432 indebite
2199 2382 2596 2450 occupatam.
2661 2370 2947 2432 Prefatus
3012 2389 3169 2431 uero

458 2486 757 2564 magister
826 2483 1098 2546 Michael
1142 2503 1227 2544 ex
1288 2484 1557 2544 aduerso
1622 2484 1970 2563 respondit,
2031 2483 2306 2544 eandem
2366 2494 2599 2545 terram
2669 2503 2737 2544 se
2799 2504 2883 2544 ex
2947 2493 3164 2546 nostra

456 2597 817 2657 donacione
864 2597 1205 2675 possidere,
1264 2616 1453 2676 super
1499 2615 1630 2675 quo
1677 2596 1966 2658 exhibuit
2013 2597 2200 2656 nobis
2267 2597 2668 2678 priuilegium
2733 2607 3042 2672 nostrum,
3103 2598 3166 2656 in

455 2728 588 2789 quo
633 2709 907 2770 vidimus
966 2713 1292 2784 contineri,
1354 2711 1531 2787 quod
1578 2709 1717 2770 filiis
1763 2710 1914 2771 dicti
1963 2709 2133 2770 Ratk
2180 2709 2594 2771 homicidium
2657 2710 3168 2790 perpetrantibus

454 2835 519 2883 et
566 2841 633 2883 se
693 2823 1215 2884 transferentibus
1274 2823 1356 2884 de
1417 2823 1665 2896 eadem,
1730 2827 1864 2903 ipsa
1934 2834 2098 2883 terra
2168 2842 2368 2884 uacua
2439 2833 2847 2897 remanserat,
2911 2842 2987 2883 ac
3050 2841 3168 2883 nos

452 2936 926 2998 contuleramus
970 2955 1149 2997 more
1194 2937 1569 3016 predialium
1617 2938 1919 3018 magistro
1967 2936 2262 2997 Michaeli
2307 2948 2664 3015 prenotato.
2715 2937 2966 2997 Verum
3017 2938 3166 3015 quia

453 3049 541 3110 nil
571 3050 903 3129 prodesset
934 3050 1274 3110 humilibus
1304 3050 1639 3123 humilitaS,
1670 3052 1719 3109 si
1752 3060 2162 3128 contemptus
2193 3050 2679 3110 contumacibus
2712 3068 2846 3111 non
2881 3050 3165 3121 obesset,

452 3182 573 3223 nos
616 3174 877 3243 propter
936 3164 1193 3242 culpam
1238 3162 1671 3241 predictorum
1723 3162 1995 3223 filiorum
2043 3161 2227 3235 Ratk,
2289 3162 2564 3223 eandem
2613 3174 2847 3222 terram
2903 3180 3164 3240 compe-

374 3318 379 3323 ·
449 3278 685 3337 rientes
727 3277 812 3336 ab
856 3278 945 3337 eis
990 3276 1175 3337 fuisse
1236 3275 1593 3349 alienatam,
1653 3279 1811 3335 sicut
1874 3278 2159 3355 superius
2205 3286 2300 3337 est
2347 3294 2746 3355 expressum,
2810 3278 2958 3353 ipsis
3023 3274 3164 3335 filiis

448 3401 514 3449 et
562 3390 899 3469 nepotibus
944 3387 1115 3450 Ratk
1158 3399 1535 3468 perpetuum
1585 3407 1773 3465 super
1804 3387 1929 3447 hoc
1960 3387 2262 3448 duximus
2309 3388 2638 3449 silencium
2691 3388 3162 3467 imponendum

448 3501 803 3563 secundum
852 3502 1123 3563 formam
1156 3502 1462 3582 priuilegii
1496 3504 1691 3577 nostri
1723 3502 1963 3579 prioris,
2009 3503 2524 3579 prenominatam
2574 3514 2806 3561 terram
2855 3504 3160 3582 magistro

445 3614 744 3676 Michaeli
790 3626 854 3675 et
898 3617 1024 3675 suis
1069 3613 1407 3675 heredibus
1452 3614 1881 3693 relinquentes
1942 3624 2254 3693 perpetuo
2316 3614 2790 3692 possidendam.
2861 3614 2930 3674 In
2979 3617 3156 3675 cuius

442 3730 530 3789 rei
581 3730 956 3789 memoriam
1002 3740 1331 3807 presentes
1374 3728 1669 3787 dedimus
1716 3727 1954 3787 litteras
1997 3726 2176 3808 sigilli
2228 3729 2422 3787 nostri
2470 3727 2736 3806 duplicis
2801 3728 3155 3787 munimine

443 3843 796 3902 roboratas
842 3841 1083 3903 Datum
1128 3860 1241 3919 pei·
1287 3858 1513 3901 manus
1560 3842 1839 3921 magistri
1905 3839 1958 3900 F
1961 3842 2198 3913 arcasii,
2259 3841 2560 3919 prepositi
2629 3838 2950 3911 AlbensiS,
3011 3839 3155 3899 aule

442 3964 662 4015 nostre
693 3954 1201 4027 vicecancellarii,
1246 3954 1458 4015 dilecti
1492 3962 1555 4014 et
1588 3953 1791 4015 fidelis
1815 3956 2032 4014 nostri.
2079 3951 2279 4015 Anno
2309 3953 2393 4013 ab
2427 3953 2869 4012 incarnacione
2901 3951 3151 4011 domini

441 4066 627 4131 MCC
673 4070 1077 4149 sexagesimo
1127 4069 1337 4127 tercio,
1388 4068 1589 4147 Regni
1636 4076 1853 4127 autem
1902 4067 2101 4126 nostri
2150 4065 2450 4127 XXVIII.

612 4260 806 4317 Liber
840 4260 1127 4337 privileg.
1186 4267 1456 4335 eppatus.
1507 4260 1632 4333 Zag
1644 4258 1771 4315 rab.
1823 4259 1933 4315 list
1978 4262 2070 4317 52.
2119 4292 2204 4299 -—
2259 4257 2505 4314 Ykalc‘ic
2561 4258 2833 4313 silanum.
2885 4258 3140 4333 episcop.

436 4365 705 4440 Zagrab.
755 4366 803 4423 J.
854 4368 980 4421 128.
1032 4398 1117 4405 —-
1179 4363 1423 4421 Wenzel
1490 4364 1631 4420 Cad.
1700 4364 1846 4438 dipl.
1913 4362 2058 4438 Arp.
2127 4362 2234 4419 XI.
2305 4364 2435 4417 525.
2509 4362 2728 4417 donosi
2792 4370 3005 4433 regest.
3067 4396 3155 4403 —

436 4468 510 4525 K
500 4469 813 4543 ukuljevz'c'
853 4470 1001 4543 Reg.
1052 4488 1145 4525 no.
1200 4472 1335 4524 849.
