3797 5795
1556 417 1640 424 ——
1703 381 1975 444 305—

417 573 600 632 uenit
629 574 686 632 in
715 589 1014 644 cerasum,
1045 571 1196 632 inde
1226 571 1312 632 ad
1343 572 1748 650 supercilium
1795 573 2035 632 montis
2081 573 2437 634 ascendens
2468 576 2644 634 uenit
2680 577 2741 634 in
2774 572 3111 657 kercum(!)

421 685 490 744 in
537 703 654 765 qua
698 694 786 744 est
830 702 1007 760 crux,
1045 684 1194 745 inde
1239 684 1478 747 directe
1525 694 1748 752 contra
1794 684 2203 746 occidentem
2247 687 2309 746 in
2360 697 2649 748 montem
2698 688 3112 749 ascendendo

425 801 599 858 uenit
639 801 696 858 in
740 799 904 857 uiam
950 810 1013 858 et
1057 817 1171 877 per
1216 799 1389 858 illam
1450 799 1724 859 tendens
1783 799 1957 858 uenit
2006 800 2067 858 in
2114 799 2304 859 aliam
2376 801 2545 860 uiam
2593 800 2676 861 ad
2723 812 2954 862 terram
3004 819 3113 882 ge-

429 912 760 972 neracionis
824 910 1158 989 Hudyzlai‚
1203 912 1312 972 ubi
1374 911 1650 972 declinat
1710 921 1933 972 contra
1994 914 2519 991 septemtrionem
2584 925 2649 973 et
2712 914 2950 974 directe
2997 933 3113 992 per

430 1029 596 1087 uiam
637 1024 978 1105 procedens
1021 1027 1194 1086 uenit
1243 1027 1306 1085 in
1353 1027 1578 1105 pirum,
1624 1026 1773 1086 inde
1820 1028 1995 1086 uenit
2042 1028 2103 1087 in
2152 1027 2339 1086 aliam
2404 1029 2630 1106 pirum,
2675 1027 2783 1087 ubi
2832 1027 3109 1088 declinat

434 1159 640 1200 uersus
697 1141 1002 1200 orientem
1047 1148 1110 1199 et
1157 1159 1272 1218 per
1332 1151 1612 1200 ueterem
1678 1141 1848 1198 uiam
1914 1140 2090 1199 iuxta
2134 1139 2365 1200 uallem
2414 1140 2774 1218 procedens
2822 1142 2997 1199 uenit
3044 1141 3110 1202 in

435 1271 719 1323 cerasun,
761 1251 908 1312 inde
968 1255 1141 1312 uenit
1189 1255 1252 1313 in
1300 1271 1494 1313 unam
1556 1255 1869 1326 semitam,
1917 1252 2066 1312 inde
2128 1254 2301 1312 uenit
2350 1255 2413 1312 in
2462 1270 2765 1335 magnam
2831 1255 2999 1313 uiam
3048 1262 3113 1313 et

437 1385 546 1444 per
597 1366 752 1426 illam
819 1366 1054 1426 directe
1114 1375 1338 1426 contra
1399 1368 1708 1426 orientem
1772 1365 2131 1444 procedens
2192 1367 2367 1425 uenit
2429 1369 2491 1425 in
2554 1384 2749 1426 unam
2799 1367 3112 1438 semitam,

436 1480 577 1540 inde
633 1482 793 1539 uenit
836 1482 898 1538 in
946 1481 1238 1539 arborem
1288 1479 1513 1560 iorsa(!)
1563 1491 1880 1550 uocatam,
1936 1478 2085 1538 inde
2132 1479 2300 1538 cadit
2348 1480 2410 1538 in
2458 1477 2721 1539 fluuium
2772 1477 3107 1538 Preznicha

435 1606 729 1666 uocatum,
771 1593 876 1653 ubi
945 1603 1040 1652 est
1107 1603 1346 1670 portus,
1393 1593 1476 1652 de
1536 1603 1724 1671 portu
1794 1603 2009 1652 autem
2080 1593 2304 1652 exiens
2371 1603 2593 1651 contra
2663 1593 2975 1651 orientem
3047 1593 3107 1650 in

435 1716 705 1767 montem
749 1705 1098 1766 ascendens
1145 1707 1318 1766 uenit
1365 1709 1427 1765 in
1473 1707 1901 1784 pomiferium,
1934 1705 2083 1764 inde
2129 1725 2243 1784 per
2285 1708 2615 1783 antiquam
2665 1707 2833 1764 uiam
2885 1714 3109 1764 contra

434 1822 718 1880 orientem
777 1819 1130 1898 procedens
1189 1819 1474 1878 ascendit
1522 1821 1584 1878 in
1631 1829 1924 1878 montem
1972 1819 2078 1877 ubi
2127 1830 2220 1877 est
2268 1819 2458 1878 arbor
2520 1816 2812 1898 gurtansa
2858 1827 3108 1890 uocata,

433 1933 514 1992 ibi
555 1933 811 1992 declinat
877 1943 1100 1992 contra
1169 1932 1498 1992 meridiem
1548 1943 1611 1991 et
1659 1930 1896 1991 directe
1964 1950 2079 2009 per
2148 1933 2315 1991 uiam
2386 1933 2563 1991 iuxta
2627 1942 2859 1991 terram
2922 1933 3109 1990 castri

431 2045 760 2124 procedens
805 2048 976 2105 uenit
1009 2048 1072 2105 in
1105 2045 1400 2104 arborem
1449 2044 1703 2104 sorbelli
1735 2043 1819 2103 ad
1867 2045 2143 2122 primam
2186 2055 2425 2104 metam
2475 2054 2539 2103 et
2586 2044 2670 2102 ibi
2717 2045 3107 2104 terminatur.

433 2157 558 2218 Nos
597 2161 799 2236 itaque
848 2159 1107 2218 seruicia
1155 2160 1347 2236 ipsius
1395 2156 1774 2230 Leustachii‚
1823 2175 1949 2234 que
1996 2157 2181 2218 nobis
2227 2175 2503 2217 unacum
2568 2156 2867 2217 Rolando
2936 2157 3107 2218 bano

428 2274 613 2331 tocius
668 2271 1018 2341 Sclauonie,
1065 2271 1334 2332 domino
1395 2289 1510 2330 suo
1574 2269 1904 2348 impendit,
1966 2269 2388 2330 ascendentes
2449 2269 2799 2347 predictam
2866 2283 3098 2330 terram

432 2384 739 2444 Preznicha
771 2405 848 2444 eo
881 2387 1180 2457 maxime,
1231 2387 1374 2462 quia
1423 2384 1592 2444 idem
1642 2383 2061 2444 Leustachius
2101 2385 2215 2462 ipsi
2264 2393 2473 2442 castro
2520 2383 2685 2443 utilis
2733 2382 3106 2458 habebatur,

429 2497 619 2557 eidem
681 2497 1060 2558 Leustachio
1119 2500 1496 2557 auctoritate
1557 2498 1956 2574 presencium
2020 2495 2543 2556 confirmauimus
2592 2539 3103 2559 .........

427 2611 872 2688 possidendam.
921 2611 990 2670 In
1037 2613 1214 2671 cuius
1259 2611 1343 2670 rei
1393 2612 1772 2670 memoriam
1819 2609 2317 2688 firmitatemque
2362 2620 2741 2686 perpetuam
2775 2621 3105 2687 presentes

431 2725 830 2784 concessimus
907 2724 1142 2784 litteras
1203 2723 1471 2802 duplicis
1532 2722 1710 2803 sigilli
1774 2725 1968 2782 nostri
2034 2723 2386 2783 munimine
2451 2722 2798 2782 roboratas.
2861 2721 3101 2782 Datum

430 2855 534 2914 per
575 2855 783 2899 manus
830 2839 1107 2918 magistri
1155 2836 1430 2896 Farcasii
1491 2835 1676 2896 electi
1727 2839 1787 2894 in
1834 2837 2225 2915 prepositum
2276 2833 2649 2909 Albensem,
2696 2835 2839 2895 aule
2886 2847 3101 2895 nostre

431 2952 903 3024 vicecancellarii,
951 2951 1159 3011 dilecti
1209 2960 1273 3010 et
1317 2950 1520 3010 fidelis
1567 2952 1780 3009 nostri.
1828 2946 2027 3009 Anno
2074 2948 2395 3009 dominice
2458 2950 2919 3008 incarnacionis
2966 2948 3104 3008 mil·

431 3062 632 3123 lesimo
673 3065 1110 3125 ducentesimo
1155 3064 1558 3144 sexagesimo
1606 3075 1851 3141 quart0,
1908 3061 2081 3122 VIII.
2114 3060 2423 3121 kalendas
2470 3062 2865 3140 septembris
2926 3064 3102 3142 regni

431 3185 622 3236 autem
665 3180 854 3238 nostri
901 3196 1072 3237 anno
1118 3177 1420 3237 vicesimo
1469 3195 1660 3235 nono.

595 3369 876 3445 Ortjgy'nal
917 3390 956 3427 u
1002 3368 1226 3427 arkivu
1289 3368 1572 3425 nadbz'sk.
1617 3366 2010 3439 zagrebac'ke.
2074 3368 2531 3441 l'rivilegialia.
2580 3402 2665 3407 —
2716 3368 2802 3423 Sa
2850 3366 3103 3423 crvenilt

434 3492 598 3531 vrvca
639 3485 804 3552 ozjbao
839 3480 1045 3551 βείω.

593 3579 828 3638 Tkalc'ic'
867 3581 1138 3637 Manum.
1187 3580 1439 3655 episcop.
1490 3576 1758 3651 Zagrab.
1808 3577 1858 3634 I.
1911 3580 2248 3634 129—130.
2300 3610 2382 3617 —-
2447 3577 2690 3633 [Venzel
2763 3576 2903 3633 cod.
2952 3574 3103 3649 dipl.

435 3681 635 3757 Arpad.
681 3694 828 3742 cont.
878 3685 988 3743 XI.
1043 3686 1177 3739 537.
1229 3684 1447 3739 donosi
1471 3690 1694 3767 'regest
1755 3716 1836 3722 —-
1884 3679 2259 3754 Kukuljevic‘
2286 3660 2449 3753 'Regu
2501 3700 2594 3735 no.
2653 3682 2788 3736 869.

1656 3972 1846 4051 801.

421 4140 599 4219 1264,
646 4142 702 4205 3.
749 4141 1190 4225 septembrii..
1237 4141 1296 4205 U
1342 4138 1794 4205 Cittaveehii.

428 4332 637 4394 Urban
685 4330 812 4394 JV.
857 4338 1036 4415 papa
1085 4328 1372 4392 z'z'uzlma
1416 4335 1764 4391 samostan
1811 4349 1903 4390 εἴ).
1938 4326 2192 4389 ΛῙίᾸόἰε
2238 4327 2327 4389 od
2365 4326 2626 4410 plczz‘efia
2676 4327 2839 4387 neke
2886 4333 3089 4403 svote,

416 4444 560 4528 koju
608 4467 716 4507 mu
747 4446 830 4529 je
877 4449 1246 4506 nametnuo
1309 4440 1694 4526 nadbz'skup
1752 4440 2090 4513 zadarskz',
2142 4440 2482 4524 podjedno
2538 4462 2629 4523 ga
2691 4444 2965 4523 ορναέία,
3017 4461 3093 4501 :a

1164 4554 1266 4619 tri
1295 4554 1552 4640 gozline
1599 4556 1686 4616 od
1729 4553 1969 4617 manilz
2010 4553 2317 4639 prz'nosa.

573 4752 867 4814 Urbanus
912 4754 1248 4830 episcopus
1294 4767 1511 4809 seruus
1580 4766 1909 4808 seruorum
1968 4748 2067 4807 dei
2135 4746 2378 4806 dilectis
2432 4750 2495 4806 in
2546 4744 2798 4808 Christo
2847 4743 3096 4805 filiabus

411 4912 889 4927 .........
951 4861 1270 4925 abbatisse
1317 4872 1380 4922 et
1425 4862 1768 4921 conuentui
1843 4860 2217 4919 monialium
2264 4857 2649 4919 inclusarum
2698 4858 3087 4918 monasterio

407 4982 590 5039 sancti
647 4978 894 5039 Nicolai
949 4977 1270 5057 Jadrensis
1345 4976 1583 5035 ordinis
1658 4984 1878 5033 sancte
1958 4970 2141 5035 Clare
2202 4972 2285 5031 ad
2348 4990 2683 5032 romanam
2755 4970 3092 5031 ecclesiam

409 5090 568 5153 nullo
612 5092 827 5153 medio
874 5092 1246 5170 pertinentis
1291 5090 1560 5150 salutem
1595 5100 1657 5147 et
1703 5084 2128 5166 apostolicam
2176 5084 2715 5146 benedictionem.
2764 5083 2866 5143 Ex
2910 5094 3093 5162 parte

485 5224 620 5266 con.
654 5225 816 5266 DIPL.
848 5224 910 5265 v.
2928 5194 3011 5258 20
