3797 5795
1842 460 1924 466 —
1985 422 2114 487 606
2176 458 2258 465 -—

694 620 1021 698 presencia
1069 616 1335 679 Andree
1379 617 1715 695 primicerii
1752 616 2092 696 veglensis
2137 624 2201 675 et
2247 613 2713 676 Omnebonum
2761 613 2986 689 prioris
3032 609 3402 670 monasterii

696 732 896 792 sancti
935 730 1242 812 Johannis
1271 730 1355 790 de
1383 728 1594 810 Vegla
1625 737 1690 789 et
1720 746 1940 789 coram
1973 728 2090 788 hiis
2119 726 2392 807 ydoneis
2422 726 2718 786 testibus:
2753 726 3056 805 magistro
3091 722 3404 794 Luciano,

695 842 980 925 Georgio
1024 844 1108 904 de
1154 843 1384 925 Ingiso,
1424 840 1717 922 Johanne
1778 840 1911 901 filio
1971 839 2179 904 Stasie
2223 839 2307 900 de
2351 837 2613 900 Tukero
2659 847 2724 898 et
2769 838 2908 898 aliis
2951 836 3036 896 ad
3084 836 3202 896 hec
3246 853 3402 896 con-

695 959 939 1017 uocatis
986 966 1051 1017 et
1096 958 1335 1039 rogatis
1381 955 1663 1016 testibus

868 1069 1011 1151 Ego
1057 1068 1277 1130 Petrus
1337 1068 1645 1129 diaconus
1704 1076 1900 1147 atque
1949 1066 2287 1148 Veglensis
2333 1066 2617 1126 notarius
2662 1063 2777 1124 hiis
2825 1064 3075 1124 interfui
3123 1072 3404 1143 rogatu5,

698 1192 766 1241 ut
810 1182 1023 1243 audiui
1070 1182 1305 1260 scripsi,
1352 1180 1673 1260 compleui
1720 1190 1782 1241 et
1830 1180 2149 1240 roboraui.

872 1293 1197 1370 (Monogr.
1246 1292 1479 1371 notar.)

883 1488 1180 1562 Orzginal
1234 1508 1273 1544 u
1336 1486 1558 1545 arkivu
1605 1484 2092 1563 jugoslavenske
2153 1484 2503 1560 akademije
2564 1503 2604 1540 u
2649 1481 2934 1557 Zagrebu
2953 1502 2973 1539 .·
3019 1482 3408 1539 Documenta

698 1612 757 1651 a.
809 1596 970 1647 1271.

870 1697 1248 1773 Kukuljevic'
1286 1698 1440 1769 Reg.
1490 1714 1587 1755 no.
1638 1700 1811 1753 1044.

1990 1986 2121 2064 55.

690 2147 887 2227 1271,
933 2146 1044 2210 24.
1096 2141 1548 2225 septembra.

694 2335 985 2421 Stjepan
1038 2336 1235 2419 kralj
1273 2333 1567 2420 ugarskz'
1607 2333 1641 2397 ι’
1678 2334 1996 2398 krvatskz'
2053 2334 2278 2396 uzz'ma
2331 2332 2737 2419 podloz'nike
2788 2334 2980 2396 crkve
3025 2335 3422 2418 zagrebac‘ke

1596 2469 1642 2510 u
1686 2448 1885 2532 svoju
1935 2446 2196 2510 osobz'tu
2241 2446 2512 2510 zaftz'tu.

886 2641 1255 2721 Stephanus
1322 2640 1426 2701 dei
1494 2643 1705 2723 gracia
1773 2640 2077 2721 Vngarie,
2144 2638 2494 2714 Dalmacie,
2555 2638 2838 2711 Croacie‚
2897 2640 3120 2713 Rame,
3177 2639 3420 2724 Serme,

693 2754 981 2829 Gallicie,
1030 2754 1435 2827 Lodomerie,
1482 2751 1809 2827 Comanie,
1858 2753 2278 2835 Bulgarieque
2323 2772 2441 2814 rex
2480 2755 2782 2814 omnibus
2827 2763 2958 2813 tam
3007 2755 3420 2832 presentibus

697 2888 898 2947 quam
960 2868 1181 2929 futuris
1242 2876 1610 2949 presentem
1670 2869 1974 2949 paginam
2037 2868 2411 2947 inspecturis
2479 2866 2752 2928 salutem
2814 2868 2879 2927 in
2940 2868 3230 2928 omnium
3295 2868 3418 2929 sal-

696 2992 939 3042 uatore.
1003 2981 1173 3044 Satis
1232 2980 1637 3041 sublimitatis
1696 2991 1915 3042 nostre
1975 2981 2224 3062 fastigia
2269 2999 2566 3042 curamus
2613 2979 2962 3060 prudenter
3007 2980 3318 3054 attollere,
3364 2984 3414 3042 si

698 3096 1037 3170 vnicuique
1082 3093 1258 3174 quod
1306 3112 1491 3154 suum
1539 3105 1635 3155 est
1684 3095 2051 3168 tribuentes
2084 3113 2426 3173 oppressos
2471 3094 2834 3154 releuamus
2879 3104 2941 3153 et
2985 3094 3303 3154 releuatos
3351 3097 3412 3153 in

699 3225 927 3269 eorum
994 3207 1231 3268 iuribus
1298 3225 1409 3268 seu
1478 3207 1873 3268 libertatibus
1944 3209 2265 3268 consuetis
2311 3217 2374 3267 et
2421 3208 2702 3284 antiquis
2770 3207 3202 3286 indempniter
3262 3225 3416 3267 con-

700 3338 1046 3381 seruamus.
1093 3319 1369 3380 Proinde
1414 3319 1499 3379 ad
1544 3322 1984 3381 vniuersorum
2031 3321 2333 3381 noticiam
2382 3330 2608 3380 tenore
2653 3322 3052 3398 presencium
3115 3320 3412 3381 volumus

701 3435 1035 3511 peruenire
1080 3433 1257 3510 quod
1302 3451 1449 3493 cum
1494 3433 1773 3512 populos
1818 3432 2255 3514 Zagrabiensis
2301 3431 2564 3493 ecclesie
2619 3443 2755 3493 tam
2786 3434 3068 3512 episcopi
3113 3432 3412 3494 uidelicet

704 3563 901 3624 quam
946 3545 1204 3625 capituli
1249 3565 1363 3624 per
1408 3548 1796 3607 uexaciones
1856 3548 2194 3607 continuas
2238 3555 2304 3607 et
2350 3545 2696 3607 descensus
2761 3546 3140 3625 multiplices
3185 3548 3414 3607 sensis-

704 3677 920 3719 semus
978 3659 1379 3736 frequencius
1440 3658 1628 3720 fuisse
1686 3660 1987 3719 atrociter
2046 3670 2445 3740 aggrauatOS,
2512 3677 2634 3719 nos
2700 3658 3226 3738 predecessorum
3293 3678 3410 3720 no-

705 3782 980 3833 strorum
1042 3771 1418 3833 salutaribus
1486 3772 1909 3850 exemplariis,
1957 3790 2068 3832 eos
2115 3773 2178 3831 in
2226 3772 2526 3832 omnibus
2594 3771 3007 3846 libertatibus,
3055 3772 3290 3833 iuribus
3335 3791 3412 3833 ac

707 3884 895 3945 bonis
958 3885 1441 3946 condicionibus
1500 3903 1724 3945 eorum
1786 3905 1822 3944 a
1887 3887 2123 3946 sanctis
2184 3884 2698 3966 progenitoribus
2759 3887 2989 3945 nostris
3054 3885 3266 3945 eidem
3313 3904 3416 3946 ec-

708 3997 895 4060 clesie
942 3999 1123 4072 datis,
1169 3997 1425 4058 indultis
1469 4009 1533 4059 et
1580 4001 1900 4059 concessis
1961 3997 2367 4068 intendentes
2437 3997 2646 4058 illesos
2692 4007 2755 4057 et
2799 3998 3215 4058 inconcussos
3260 4017 3408 4059 cum

706 4112 896 4191 plena
945 4113 1304 4192 integritate
1348 4129 1745 4173 conseruare.
1814 4113 2221 4190 Recipientes
2268 4109 2714 4171 nichilominus
2755 4110 3089 4170 ecclesiam
3137 4111 3412 4172 eandem

708 4243 784 4284 ac
827 4227 963 4285 iura
1008 4226 1201 4303 ipsius
1246 4225 1533 4285 vniuersa
1579 4227 1642 4285 in
1688 4235 1996 4298 nostram,
2042 4234 2110 4285 ut
2158 4234 2469 4298 tenemur,
2514 4225 2994 4302 proteccionem
3025 4235 3088 4284 et
3133 4227 3414 4305 graciam

708 4336 1071 4414 specialem,
1118 4339 1551 4398 concessimus
1582 4347 1932 4398 statuentes
1963 4347 2027 4397 et
2060 4337 2506 4398 nichilominus
2553 4337 2964 4418 iniungendO,
2995 4337 3172 4417 quod
3207 4337 3418 4399 nullus

708 4447 793 4509 de
839 4459 1054 4511 cetero
1101 4468 1312 4529 neque
1372 4467 1661 4531 magnuS,
1708 4469 1921 4528 neque
1983 4469 2234 4528 parum,
2280 4469 2492 4528 neque
2539 4450 2714 4524 bam,
2761 4468 2882 4510 nec
2927 4451 3185 4510 inferior
3227 4470 3421 4531 super

707 4561 985 4641 populos
1029 4565 1223 4641 ipsius
1267 4562 1532 4623 ecclesie
1592 4565 2028 4640 cuiuscunque
2091 4562 2487 4624 condicionis
2549 4563 2894 4623 descensus
2955 4574 3283 4642 presumat
3329 4565 3418 4626 fa—

708 4691 855 4736 cere
915 4675 1246 4748 uiolentos
1294 4695 1414 4736 nec
1474 4674 1718 4754 aliquas
1780 4676 2106 4737 molestias
2151 4686 2259 4736 aut
2305 4679 2678 4757 grauamina
2741 4675 2951 4736 eidem
2999 4677 3265 4738 ecclesie
3310 4687 3418 4738 aut

708 4790 964 4866 populis
1006 4789 1471 4868 pertinentibus
1520 4789 1602 4850 ad
1648 4809 1793 4850 eam
1841 4789 2057 4869 aliquo
2112 4789 2370 4870 ingenio
2417 4790 2517 4850 uel
2564 4788 2778 4849 studio
2823 4800 2932 4849 aut
2977 4792 3234 4867 propria
3279 4808 3420 4869 pre-

709 4905 1106 4981 sumpcione,
1150 4921 1265 4982 per
1310 4921 1505 4982 quam
1552 4903 1819 4964 effectus
1863 4913 2082 4963 nostre
2128 4903 2338 4983 gracie
2383 4911 2602 4980 posset
2647 4901 2939 4980 impediri
2987 4920 3098 4962 seu
3142 4902 3424 4978 dissolui,

710 5013 947 5075 audeat
994 5015 1093 5076 uel
1139 5027 1466 5094 presumat
1512 5016 1916 5094 aliquatenus
1961 5018 2256 5094 irrogare,
2304 5016 2462 5074 sicut
2511 5013 2630 5075 hec
2677 5016 2739 5075 in
2787 5014 2923 5074 aliis
2968 5014 3236 5076 ecclesie
3285 5035 3424 5076 mu-

712 5125 1029 5202 nimentiS,
1060 5146 1187 5208 que
1220 5127 1455 5189 illibata
1488 5130 1721 5190 seruari
1768 5129 2078 5201 volumuS,
2108 5126 2357 5205 plenius
2388 5129 2811 5189 continentur.
2861 5127 2950 5188 Vt
2983 5128 3171 5209 igitur
3207 5133 3419 5210 gracia
