3797 5795
71 3021 73 3032 -
70 2688 77 3018 .*—

1483 377 1890 440 -535—

319 576 535 653 ipsum
566 572 958 654 priuilegium
990 581 1212 632 nostro
1243 569 1578 650 priuilegio
1614 568 2024 650 dignaremur
2062 563 2466 626 confirmare.
2501 560 2694 625 Cuius
2723 560 3042 639 siquidem

319 697 511 748 tenor
570 686 711 748 talis
768 695 893 746 est:
957 685 1240 755 (Listina
1316 686 1579 761 mjeseca
1652 686 1815 757 juna
1874 682 2110 757 godine
2174 681 2386 752 1269.)
2462 674 2600 737 Nos
2647 676 2886 750 itaque·
2907 691 3049 753 pre-

321 800 569 861 dictum
610 798 1008 880 priuilegium
1056 796 1313 876 capituli
1362 797 1701 856 memorati
1748 792 2042 855 uidentes
2073 810 2206 852 non
2253 772 2394 853 esse
2439 788 2882 859 cancellatum,
2913 803 3046 845 non

320 914 644 985 uiciatum‚
689 930 816 972 non
862 910 1182 983 abrasum,
1228 928 1349 970 nec
1394 910 1811 981 interiectum,
1856 905 1973 967 sed
2019 906 2083 965 in
2129 916 2303 965 carta
2334 906 2494 965 etin
2539 900 2651 963 filo
2681 912 2746 961 et
2776 902 2838 959 in
2887 917 3035 958 cera

321 1027 593 1086 omnino
658 1042 789 1085 non
853 1034 1243 1103 suspectum,
1289 1025 1499 1101 ipsum
1561 1020 1959 1102 priuilegium
2023 1018 2107 1079 de
2169 1018 2369 1079 uerbo
2431 1016 2514 1077 ad
2576 1013 2846 1075 uerbum
2894 1031 3035 1092 pre-

323 1139 613 1201 sentibus
656 1140 883 1199 nostris
930 1138 1149 1198 litteris
1194 1138 1381 1197 inseri
1428 1136 1751 1205 facientes⁹
1782 1132 1867 1194 ad
1907 1134 2294 1212 peticionem
2344 1140 2405 1191 et
2453 1129 2832 1191 instanciam
2879 1125 3030 1186 dicti

324 1252 703 1313 venerabilis
746 1252 943 1330 patris
989 1251 1369 1311 auctoritate
1398 1250 1572 1329 regia
1604 1248 1910 1309 duximus
1954 1244 2492 1317 confirmandum,
2538 1241 2808 1320 duplicis
2854 1238 3036 1319 sigilli

326 1366 531 1424 nostri
590 1366 937 1425 munimine
996 1361 1387 1424 roborando,
1448 1359 1690 1422 Datum
1738 1354 1851 1439 pei·
1898 1378 2128 1419 manus
2193 1358 2475 1438 magistri
2520 1354 2849 1428 Demetrii,
2893 1370 3035 1431 pre-

326 1478 523 1555 positi
566 1473 879 1551 AlbensiS,
921 1477 1065 1537 aule
1109 1486 1328 1537 nostre
1372 1473 1885 1547 vicecancellarii,
1933 1472 2144 1534 dilecti
2191 1482 2256 1532 et
2301 1468 2506 1531 fidelis
2552 1470 2768 1529 nostri.
2835 1464 3036 1528 Anno

334 1588 583 1649 domini
640 1586 824 1652 MCC
884 1591 1379 1671 septuagesimo.
1450 1560 1658 1669 Regni
1703 1595 1921 1647 autem
1971 1587 2166 1645 nostri
2215 1604 2387 1645 anno
2434 1584 2756 1644 tricesimo
2799 1582 3032 1659 quinto

506 1781 695 1839 Liber
731 1781 1021 1858 privileg.
1069 1782 1328 1858 episcop.
1378 1780 1647 1855 Zagrab.
1696 1781 1808 1837 list
1854 1782 1953 1833 47.
1987 1754 1994 1759 ”

514 1882 775 1944 Tkalc'ic‘
835 1886 1111 1943 Monum.
1161 1886 1422 1963 episcop.
1470 1884 1736 1959 Zagrab.
1786 1885 1837 1941 J.
1884 1886 2203 1939 151—152.
2257 1915 2335 1923 —
2403 1881 2646 1939 Wenzel
2695 1879 2838 1938 Cod.
2888 1876 3038 1955 dipl.

327 1989 564 2067 Arpad.
609 1998 763 2047 cont.
810 1990 919 2047 XI.
973 1992 1107 2046 597.
1158 2009 1253 2047 no.
1313 1991 1454 2047 443.
1503 1990 1723 2046 donosi
1780 1986 1992 2044 kralkz‘
2051 1995 2268 2061 regest.
2317 2020 2403 2028 —
2449 1984 2830 2060 Kukuljevic‘
2885 1984 3039 2056 Reg.

330 2114 423 2151 κο.
475 2098 647 2154 1005.

1591 2443 1781 2523 997.

256 2728 265 2745 ι
332 2640 533 2719 1270,
575 2638 765 2722 prije
812 2639 875 2704 3.
922 2638 1145 2720 maja..

340 2846 509 2910 Bela
558 2847 745 2932 kralj
782 2846 1074 2934 ugarski
1114 2845 1147 2910 i
1185 2844 1503 2910 lzrvatski
1558 2846 1806 2930 daruje
1872 2852 2149 2930 &upana
2198 2841 2504 2908 Perd‘inu
2551 2844 2784 2929 zemlje
2830 2842 2863 2906 ι’
2902 2842 3043 2907 izu-

1020 2959 1245 3043 zz‘mlje
1280 2981 1375 3044 ga
1424 2957 1621 3044 ispod
1661 2957 1878 3022 vlastz'
1916 2956 2337 3043 iupamjske.

516 3177 661 3239 Bela
707 3179 811 3239 dei
856 3181 1067 3261 gracia
1115 3179 1464 3260 Hungarie,
1509 3175 1859 3250 Dalmacie‚
1908 3175 2192 3250 Croacie,
2239 3177 2462 3251 Rame‚
2493 3175 2728 3251 Servie,
2761 3175 3047 3251 Gallicie,

342 3289 743 3365 Lodomerie,
790 3290 1234 3369 Cumanieque
1296 3311 1429 3364 rex,
1474 3291 1775 3351 omnibus
1835 3308 2100 3370 presens
2161 3292 2466 3369 scriptum
2529 3291 2908 3369 inspecturis
2952 3309 3050 3351 sa-

342 3403 540 3464 lutem
571 3405 633 3464 in
664 3407 954 3464 omnium
1000 3403 1329 3465 salvatore.
1377 3402 1487 3465 Ad
1534 3405 1970 3464 universorum
2020 3405 2326 3464 noticiam
2374 3413 2596 3464 tenore
2641 3406 3047 3483 presencium

340 3516 626 3577 volumus
683 3520 1033 3597 pervenire,
1077 3516 1256 3596 quod
1318 3535 1463 3577 cum
1528 3535 1749 3577 comes
1810 3516 2154 3577 Perchinus
2223 3519 2374 3576 civis
2436 3514 2775 3578 Grecensis
2844 3516 3048 3578 fidelis

340 3639 551 3690 noster
594 3630 840 3690 diversa
887 3631 1073 3690 nobis
1132 3632 1393 3690 servicia
1454 3629 1857 3709 impenderit,
1907 3649 2026 3690 nos
2072 3631 2180 3708 qui
2228 3649 2314 3690 ex
2359 3629 2574 3691 officio
2622 3630 2900 3708 suscepti
2948 3649 3045 3691 re-

338 3743 585 3821 giminis
642 3745 903 3804 servicia
963 3754 1341 3804 cunctorum
1390 3743 1577 3803 nobis
1622 3743 1893 3804 fideliter
1954 3742 2410 3805 famulancium
2459 3745 2663 3804 metiri
2711 3742 3045 3818 debemuS,

336 3855 617 3916 volentes
678 3856 892 3917 eidem
953 3857 1170 3916 comiti
1233 3854 1545 3917 Perchino
1590 3875 1708 3934 pro
1754 3857 2028 3917 serviciis
2089 3857 2217 3916 suis
2293 3857 2625 3918 meritoriis
2672 3856 2860 3917 nobis
2904 3855 3044 3917 dili-

336 3979 551 4047 genter
610 3970 915 4048 impensis
974 3970 1151 4050 regio
1211 3986 1543 4028 occurrere
1588 3987 1733 4029 curn
1784 3969 2016 4042 favore,
2064 3968 2392 4048 quandam
2440 3980 2672 4030 terram
2721 3973 2904 4030 castri
2955 3970 3037 4031 de

337 4078 587 4156 Riuche,
635 4101 761 4160 que
811 4081 1116 4142 villicatus
1179 4081 1474 4142 Machich
1538 4092 1958 4161 nuncupatur,
2004 4083 2187 4142 sitam
2255 4084 2432 4142 iuxta
2479 4102 2714 4162 aquam
2769 4082 3042 4160 Welike,

337 4209 475 4253 cum
537 4195 837 4264 omnibus
898 4193 1275 4256 utilitatibus
1334 4205 1398 4256 et
1461 4197 1869 4273 pertinenciis
1929 4199 2058 4257 suis
2103 4197 2186 4258 ab
2235 4198 2373 4275 ipso
2435 4209 2643 4257 castro
2691 4209 3039 4277 exceptam

336 4307 577 4380 penitus
636 4319 699 4368 et
762 4319 1093 4369 exemtam
1156 4308 1470 4383 dedimus
1518 4309 1900 4370 donavimus
1965 4320 2028 4370 et
2092 4310 2470 4370 tradidimus
2525 4329 2600 4370 ac
2646 4311 3038 4372 contulimus

338 4417 445 4495 ipsi
489 4423 707 4482 comiti
756 4421 1065 4482 Perchino
1099 4432 1161 4484 et
1192 4441 1307 4500 per
1338 4441 1487 4484 eum
1520 4421 1859 4483 heredibus
1906 4424 2033 4484 suis
2079 4422 2518 4501 heredumque
2562 4425 3038 4486 successoribus

336 4530 459 4592 iure
502 4544 817 4612 perpetuo
865 4545 926 4594 et
974 4534 1465 4596 irrevocabiliter
1523 4535 2018 4614 possidendam;
2086 4536 2391 4610 volenteS,
2436 4536 2615 4615 quod
2660 4537 3042 4618 iobagiones

335 4645 607 4708 eiusdem
654 4649 907 4708 comitis
953 4648 1259 4722 Perchini,
1296 4651 1403 4727 qui
1453 4667 1640 4726 super
1686 4659 1920 4708 terram
1971 4648 2321 4727 predictam
2371 4652 2738 4731 congregati
2788 4650 3036 4725 fuerint,

334 4757 551 4819 nullius
593 4761 849 4839 penitus
896 4760 1117 4821 iudicis
1164 4759 1397 4821 iudicio
1459 4763 1711 4822 comitis
1755 4761 1838 4820 de
1884 4761 2146 4835 Riuche,
2194 4763 2309 4821 nisi
2357 4772 2577 4823 nostro
2627 4763 2725 4824 vel
2775 4764 2932 4824 bani
2980 4765 3043 4824 in

332 4885 594 4945 persona
640 4875 899 4952 propria
943 4893 1061 4953 pro
1108 4885 1401 4953 tempore
1449 4875 1775 4934 constituti
1823 4875 2150 4936 subiacere
2197 4885 2551 4936 teneantur.
2601 4877 2776 4938 Mete
2822 4886 3046 4937 autem

332 4990 485 5046 terre
530 4986 833 5065 predicte,
878 4998 1069 5066 prout
1102 4988 1164 5048 in
1198 4987 1417 5048 litteris
1462 4987 1718 5067 capituli
1768 4987 2206 5069 Zagrabiensis
2252 4989 2524 5050 vidimus
2570 4993 2900 5064 contineri,
2923 4989 3050 5050 hoc

333 5096 541 5159 ordine
587 5098 1041 5181 distinguntur:
1094 5101 1305 5162 Prima
1352 5111 1523 5162 meta
1571 5102 1789 5180 incipit
1836 5121 1871 5160 a
1919 5115 2100 5180 parte
2145 5102 2648 5179 septemtrionali
2697 5104 2759 5162 in
2809 5113 3047 5164 monte
