3797 5795
1581 363 1846 426 -229
1911 399 1992 407 —

1696 657 1887 736 733.

429 843 639 922 1262,
687 846 749 909 6.
790 841 969 924 jula.
1016 843 1076 908 U
1120 840 1472 926 Zaqrebu.

432 1031 728 1115 Fabz'jan
792 1039 1013 1116 §upon
1076 1031 1468 1116 zagrebabkt'
1518 1033 1691 1095 sudi
1740 1053 1784 1095 u
1823 1031 2112 1116 pumici
2151 1055 2226 1096 za
2273 1033 2516 1117 zemlju
2581 1033 2744 1117 kraj
2784 1033 3126 1096 Lomm‘oe’.

606 1227 743 1288 Nos
788 1227 1135 1307 Fabyanus
1194 1248 1413 1289 comes
1473 1228 1911 1310 Zagrabiensis
1972 1239 2198 1290 notum
2265 1230 2533 1290 facimus
2595 1230 2825 1308 quibus
2871 1230 3133 1308 expedit

434 1343 751 1414 vniuersiS,
821 1342 994 1416 quod
1060 1343 1142 1404 W
1148 1341 1255 1402 lxa
1301 1354 1362 1402 et
1410 1341 1647 1403 Roduk
1693 1341 1800 1403 filii
1847 1341 2196 1420 Vratyzlay
2243 1342 2614 1423 iobagiones
2675 1344 2859 1402 castri
2907 1343 3132 1424 Zagra-

424 1455 661 1514 biensis
708 1465 976 1532 accepto
1022 1476 1061 1516 a
1108 1456 1291 1514 nobis
1337 1454 1642 1535 pristaldo
1691 1455 1942 1533 Nepric,
2003 1455 2238 1515 scilicet
2301 1466 2578 1536 cognato
2646 1455 2927 1528 Velizlai‚
2979 1457 3129 1516 cita—

431 1580 651 1628 uerant
698 1571 759 1627 in
810 1579 1093 1628 nostram
1142 1571 1534 1646 presenciam
1586 1567 1906 1638 Luchach‚
1959 1567 2110 1646 Vyd
2165 1580 2226 1628 ct
2261 1588 2410 1628 suos
2445 1569 2664 1629 fratres
2697 1568 2857 1628 filios
2891 1567 3126 1641 Endre,

436 1693 870 1760 proponentes
914 1693 1136 1741 contra
1168 1701 1295 1751 eos⁹
1329 1680 1505 1759 quod
1536 1699 1684 1741 cum
1718 1681 1910 1742 iidem
1944 1681 2046 1742 filii
2085 1681 2298 1742 Endre
2333 1685 2588 1743 racione
2632 1681 3132 1760 composicionis

432 1795 598 1855 facte
660 1797 821 1854 inter
881 1813 993 1855 eos
1054 1813 1166 1872 per
1226 1795 1617 1854 sentenciam
1678 1795 2031 1872 proborum
2097 1796 2372 1856 uirorum
2437 1796 2519 1855 de
2582 1806 2746 1855 terra
2805 1798 2920 1855 sita
2969 1797 3130 1855 inter

438 1906 860 1968 Lomnicham
909 1927 991 1966 ex
1040 1918 1219 1985 parte
1264 1918 1428 1967 terre
1475 1905 1860 1985 populorum
1907 1907 1990 1967 de
2041 1906 2238 1970 Chehi
2288 1910 2541 1988 triginta
2589 1919 2923 1968 veretenos
2968 1919 3132 1968 terre

434 2020 549 2080 sibi
598 2019 983 2094 debuissent,
1042 2021 1201 2080 sicut
1248 2021 1311 2079 in
1358 2020 1502 2080 loco
1549 2023 1926 2080 sacramenti
1985 2041 2098 2099 per
2142 2024 2640 2082 sentenciatores
2688 2023 2984 2081 extiterat
3032 2040 3130 2080 or-

436 2133 744 2207 dinatum,
792 2132 965 2210 quod
1027 2145 1496 2193 sacramentum
1556 2132 1799 2192 eisdem
1863 2132 2002 2193 filiis
2064 2133 2280 2194 Endre
2343 2133 2951 2208 adiudicaueramuS,
2998 2153 3126 2194 non

433 2245 774 2306 dedissent.
824 2243 1063 2308 Contra
1110 2246 1287 2324 quod
1334 2245 1597 2324 predicti
1632 2244 1735 2306 filii
1784 2246 2002 2306 Endre
2047 2248 2514 2325 responderunt
2560 2266 2748 2325 super
2792 2247 2917 2307 hoc
2957 2247 3128 2307 facto

431 2377 499 2418 se
544 2358 885 2437 expeditos
931 2377 1069 2418 esse
1115 2359 1457 2419 referentes
1502 2359 1795 2432 dicendo,
1842 2359 2018 2434 quod
2066 2363 2319 2421 racione
2374 2361 2731 2421 concambii
2781 2360 2975 2420 iidem
3023 2357 3126 2419 filii

432 2471 750 2533 Vratuzlai
798 2471 936 2532 illos
981 2472 1235 2553 triginta
1280 2483 1611 2532 veretenos
1657 2483 1818 2532 terre
1849 2474 1967 2532 sibi
2001 2473 2400 2546 dimisissent,
2448 2474 2625 2554 quod
2670 2474 3122 2534 concambium

431 2605 549 2664 pro
608 2585 849 2645 eisdem
904 2585 1097 2644 Wlxa
1157 2595 1221 2644 et
1285 2583 1517 2644 Roduk
1564 2586 1625 2644 in
1673 2596 1837 2645 terra
1882 2605 2104 2646 eorum
2167 2606 2314 2647 cum
2379 2584 2839 2650 Chehiensibus
2907 2587 3126 2646 secisse

426 2699 791 2767 retulerunt,
837 2700 1011 2758 cuius
1072 2699 1427 2758 concambii
1488 2700 1677 2758 series
1723 2699 1785 2756 in
1831 2699 2050 2759 litteris
2117 2700 2374 2778 capituli
2433 2700 2682 2778 plenius
2748 2702 3128 2776 continetur,

429 2831 618 2890 super
678 2814 816 2890 ipso
878 2814 1147 2892 negocio
1194 2831 1263 2871 se
1310 2810 1709 2872 fideiussores
1770 2810 2004 2872 habere
2066 2824 2433 2873 asserentes
2485 2813 2620 2873 Nos
2669 2816 2856 2894 igitur
2901 2814 3130 2875 auditis

436 2928 621 2987 dictis
674 2929 959 3005 parcium
1004 2929 1177 3004 ipsos
1223 2926 1475 3006 triginta
1530 2938 1864 2985 veretenos
1915 2936 2340 2987 statueramus
2386 2926 2525 2987 filiis
2574 2928 2936 3005 Vratuzlay‚
2983 2931 3130 3005 quia

427 3040 799 3101 caucionem
848 3038 1285 3117 expedicionis
1315 3057 1426 3099 sue
1458 3049 1519 3098 et
1554 3035 1954 3098 fideiussores
2000 3030 2148 3099 su'os
2180 3042 2240 3098 in
2277 3042 2484 3117 primo
2531 3043 2804 3099 termino
2851 3051 3128 3101 statuere

430 3172 559 3213 non
620 3165 965 3232 potuerunt
1028 3151 1133 3211 filii
1195 3151 1410 3211 Endrc
1469 3154 1825 3226 memorati,
1886 3152 2272 3225 ordinantes,
2336 3152 2512 3230 quod
2574 3154 2622 3211 si
2680 3155 2770 3213 eis
2830 3154 3126 3232 placeret,

430 3268 629 3345 ipsam
698 3279 932 3325 terram
1001 3268 1391 3344 requirerent
1452 3286 1489 3325 a
1551 3263 1692 3325 filiis
1754 3266 2096 3327 Vratuzlai.
2179 3265 2599 3326 Postmodum
2671 3266 2974 3344 sepedicti
3021 3266 3126 3327 filii

430 3379 645 3440 Endre
717 3389 1073 3439 statuerunt
1148 3396 1365 3437 coram
1444 3378 1629 3439 nobis
1703 3378 2107 3439 fideiussores
2167 3398 2334 3452 suOS,
2411 3378 2702 3439 videlicet
2779 3379 3126 3440 Martinum

434 3492 840 3564 Uentrosum,
916 3491 1242 3564 Dazlaum‚
1322 3491 1544 3564 ssomh,
1624 3491 1970 3565 Leuchem‚
2040 3490 2381 3565 Bosenum,
2449 3492 2852 3570 Stephanum
2925 3492 3122 3554 filium

432 3604 693 3678 Nicolai‚
758 3604 1057 3679 Endrich‚
1118 3604 1505 3665 Minuzlaum
1568 3615 1630 3664 et
1694 3603 2082 3682 Oporisium‚
2145 3607 2252 3682 qui
2317 3606 2734 3683 personaliter
2795 3610 3123 3667 constituti

426 3737 495 3778 se
541 3716 943 3778 fideiussores
1004 3736 1141 3778 esse
1200 3736 1319 3797 pro
1380 3716 1519 3777 filiis
1584 3718 1902 3779 Vratuzlai
1966 3736 2096 3777 non
2131 3733 2546 3798 negauerunt,
2594 3719 2896 3792 dicentes,
2944 3721 3124 3799 quod

416 3850 565 3891 cum
627 3829 735 3890 filii
800 3830 1017 3891 Endre
1080 3831 1332 3909 populis
1377 3831 1460 3891 de
1510 3828 1707 3893 Chehi
1758 3833 1817 3891 in
1868 3842 2034 3891 terra
2097 3851 2320 3891 eorum
2367 3852 2483 3910 pro
2537 3832 2730 3893 Wlxa
2777 3848 2839 3893 et
2889 3832 3126 3893 Roduk

421 3945 871 4005 concambium
942 3945 1268 4006 dedissent
1334 3965 1453 4023 pro
1523 3965 1619 4017 eo,
1670 3946 1818 4023 quia
1887 3956 2050 4005 terra
2121 3945 2476 4005 eorundem
2557 3944 2828 4006 filiorum
2910 3946 3126 4007 Endre

426 4058 653 4118 melior
696 4069 831 4117 erat
878 4077 1071 4136 quam
1120 4070 1285 4119 terra
1333 4057 1803 4132 Chehiensium,
1850 4058 1988 4119 illos
2035 4060 2290 4139 triginta
2343 4071 2679 4120 vei-etenos
2724 4059 3122 4139 reliquissent

424 4183 736 4250 perpetuo
769 4172 1196 4250 possidendos
1228 4171 1334 4233 filii
1368 4172 1687 4233 Vratuzlai
1722 4174 2079 4245 memorati,
2112 4170 2470 4251 obligantes
2502 4192 2588 4246 se,
2619 4173 2798 4251 quod
2833 4173 3122 4251 quando-

424 4303 703 4363 cumque
734 4285 911 4344 litem
944 4304 1133 4364 super
1164 4285 1281 4345 illis
1312 4286 1565 4365 triginta
1598 4287 1910 4346 veretenis
1942 4295 2296 4357 mouerent,
2315 4304 2396 4343 ex
2431 4284 2555 4344 1100
2587 4285 3123 4363 calumpniatores

424 4398 649 4458 fierent
710 4398 1025 4459 manifesti
1072 4409 1135 4458 et
1182 4398 1550 4458 facultatem
1612 4398 1922 4459 haberent
1974 4398 2235 4460 Wlxam
2302 4397 2665 4475 captiuandi
2715 4409 2776 4458 et
2825 4398 3118 4459 tradendi

422 4510 507 4571 ad
556 4529 783 4571 manus
848 4510 1139 4578 chhile,
1186 4514 1410 4571 iterato
1472 4512 1555 4571 ad
1619 4512 1741 4572 hoc
1804 4513 2040 4572 litteras
2104 4524 2352 4572 nostras
2399 4510 2792 4571 exhibentes.
2841 4511 2924 4571 Et
2974 4514 3122 4589 quia
3185 4578 3190 4583 ,

420 4623 800 4684 habundans
844 4623 1091 4684 cautela
1139 4643 1269 4683 non
1318 4636 1523 4694 nocet,
1572 4624 1723 4701 quid
1772 4644 1961 4702 super
2009 4624 2132 4684 1100
2179 4624 2306 4685 fieri
2358 4624 2640 4695 deberet,
2680 4625 3122 4702 requisiuimus

422 4737 670 4797 nobiles
720 4739 915 4818 regni,
965 4737 1257 4797 videlicet
1307 4735 1679 4798 Mirozlaum
1729 4757 2054 4818 magnum,
2103 4737 2336 4799 Herrik
2380 4738 2704 4811 comitem,
2741 4736 3120 4798 Michaelem

418 4848 501 4909 de
550 4848 740 4919 Vtris,
781 4849 945 4929 Joan
1008 4849 1204 4911 filium
1269 4851 1527 4929 Iruzlay,
1574 4850 1887 4912 Noretam
1949 4850 2148 4913 filiurn
2207 4852 2363 4930 Jaco
2409 4862 2472 4910 et
2521 4850 2866 4911 Martinum
2923 4849 3118 4911 filium

419 4962 654 5023 chou
702 4964 783 5023 de
832 4962 1030 5041 Elina,
1078 4966 1183 5038 qui
1232 4963 1549 5037 dixerunt,
1596 4964 1775 5043 quod
1820 4964 2346 5042 condempnandi
2394 4975 2603 5024 essent
2635 4965 2793 5023 sicut
2837 4963 3120 5041 calump-

416 5078 693 5137 niatores
764 5076 1095 5137 manifesti.
1184 5077 1337 5136 ideo
1406 5080 1577 5155 ipsos
1646 5078 1902 5159 triginta
1972 5088 2268 5138 vretenos
2328 5087 2492 5136 terre
2553 5076 2921 5151 reliquimus
2981 5075 3122 5136 filiis
