3797 5795
1553 392 1816 457 —2‘19
1881 430 1955 435 —

413 590 498 644 de
545 588 706 646 Lika.
769 620 842 627 ——
910 587 1019 643 SS.
1089 585 1189 643 Th.
1248 586 1403 642 doct.
1455 585 1692 642 Basilie
1741 589 1906 641 1559.
1960 588 2025 643 in
2088 592 2139 643 k.
2182 596 2246 663 p.
2302 589 2632 643 751—752.
2696 588 2757 643 E
2806 586 3109 661 diploma-

414 695 585 749 tario
634 692 1062 750 Cornidesiano
1119 690 1174 747 Τ
1165 710 1276 748 om.
1324 690 1418 748 Vl.
1454 692 1591 747 299.
1649 690 1889 749 Collect.
1939 692 2081 747 item
2128 690 2277 767 dipl.
2324 691 2405 748 N.
2457 689 2809 755 Jankovich
2842 691 2935 747 ad
2958 690 3016 747 h.
3050 710 3109 748 a.

409 798 680 871 diploma
708 796 812 853 hoc
841 794 1207 852 transumsit
1233 794 1572 869 capitulum
1605 794 2029 869 Zagrabiense
2060 816 2117 853 a.
2162 798 2426 867 1362ffi2),
2462 794 2863 869 confirmauit
2905 794 3109 853 Paulo

413 900 694 957 §kkalicle
740 900 900 957 alias
946 898 1319 967 Szkalicher,
1367 899 1817 955 Ferdinandus
1847 918 1905 957 a.
1942 904 2102 957 1:355.
2155 901 2327 956 Bona
2377 898 2486 955 lzec
2536 899 2627 955 acl
2651 901 2927 955 comitem
2986 900 3107 955 Un-

409 1002 600 1075 gnad
636 1005 1040 1061 deuenerunt‹
1053 1050 1066 1061 .

1659 1294 1852 1375 774.

404 1441 615 1509 1263.

400 1632 690 1717 Sz‘skpan
757 1572 970 1695 mladi'
1021 1633 1215 1717 kralj
1270 1633 1516 1712 daruje
1574 1633 1814 1716 zemlju
1879 1634 2187 1695 Borotku-
2246 1655 2291 1695 u
2350 1631 2673 1717 §upam‘ji
2738 1631 3112 1716 vukovskoj

1221 1744 1536 1829 Mihajlu
1584 1744 1752 1809 sinu
1802 1746 2274 1831 Aslz’lzajlovom.

583 1937 926 2017 Stephanus
958 1937 1058 1998 dei
1091 1941 1303 2019 gracia
1335 1940 1539 2000 iunior
1572 1959 1684 1998 rex
1719 1938 2067 2020 Hungarie,
2099 1937 2235 1999 dux
2264 1938 2768 2003 Transsiluanus,
2803 1938 3102 1998 dominus

394 2050 827 2115 Cumanorum
861 2052 1162 2111 omnibus
1196 2049 1422 2114 Christi
1455 2050 1751 2112 fidelibus
1784 2070 2045 2131 presens
2078 2054 2379 2131 scriptum
2415 2053 2790 2129 inspecturis
2836 2051 3106 2111 salutem

391 2168 462 2225 in
541 2163 737 2225 salutis
801 2174 1080 2225 auctore.
1157 2164 1528 2225 Fidelitates
1605 2176 1668 2225 et
1739 2168 1963 2225 merita
2032 2165 2431 2225 subditorum
2508 2163 2591 2223 ad
2668 2164 3104 2243 ampliandam

390 2276 671 2357 regalem
714 2279 990 2357 graciam
1039 2279 1099 2337 in
1147 2276 1416 2339 subditis
1463 2277 1903 2339 celsitudinem
1954 2280 2193 2359 regiam
2243 2279 2469 2337 nonin
2506 2280 2734 2337 merito
2782 2277 3103 2337 attrahunt

393 2402 462 2450 et
525 2391 792 2463 inuitant,
853 2400 918 2449 vt
965 2389 1088 2450 hoc
1147 2390 1454 2469 exemplo
1523 2390 1742 2452 fideles
1811 2392 1892 2452 ad
1963 2390 2351 2469 acquirende
2410 2393 2619 2471 gracie
2688 2390 3101 2469 cupiditatem

395 2502 598 2563 multo
641 2502 868 2563 sorcius
924 2503 1374 2563 accendantur.
1439 2504 1712 2565 Proinde
1776 2504 1860 2565 ad
1924 2506 2363 2565 uniuersorum
2426 2505 2825 2583 presencium
2892 2514 3105 2582 poste-

395 2634 730 2695 rorumque
797 2616 1096 2676 noticiam
1162 2614 1385 2677 harum
1451 2618 1608 2677 serie
1671 2618 1969 2678 uolumus
2037 2618 2383 2695 peruenire,
2452 2617 2629 2697 quod
2698 2616 3104 2677 attendentes

397 2728 724 2789 fidelitates
755 2740 820 2788 et
853 2730 1264 2790 seruiciorum
1315 2732 1540 2790 merita
1572 2728 1903 2791 Michaelis
1948 2730 2055 2791 filii
2105 2729 2432 2790 Michaelis
2479 2730 2683 2790 fidelis
2730 2732 2926 2790 nostri
2976 2749 3102 2809 que

399 2840 574 2902 nobis
617 2841 906 2903 exhibuit
951 2840 1222 2905 fideliter
1267 2854 1330 2904 et
1378 2843 1631 2917 deuote,
1679 2846 1740 2904 in
1774 2846 2451 2923 recompensacionem
2484 2845 2895 2906 seruiciorum
2942 2844 3103 2904 eius-

399 2954 539 3014 dem
585 2955 913 3032 quandam
963 2955 1174 3016 villam
1235 2956 1476 3017 Borotk
1523 2967 1836 3030 vocatam,
1901 2976 2027 3036 que
2072 2969 2141 3017 ut
2186 2977 2222 3016 a
2273 2957 2719 3038 iobagionibus
2787 2959 2971 3017 castri
3020 2957 3103 3016 de

401 3065 626 3128 Wolko
673 3081 736 3128 et
782 3069 866 3128 ab
913 3068 1046 3129 aliis
1091 3073 1399 3130 ueraciter
1429 3072 1743 3142 sciuimu5‚
1789 3071 1992 3132 fuerat
2039 3073 2235 3149 patris
2267 3071 2549 3132 eiusdem
2587 3081 2649 3130 et
2681 3069 3099 3149 postmodum

398 3181 668 3260 quodam
717 3183 918 3242 modo
967 3182 1140 3243 dicto
1189 3195 1397 3244 castro
1461 3195 1696 3244 statuta
1743 3183 1965 3257 fuerat,
2012 3184 2223 3244 eidem
2288 3183 2577 3244 Michaeli
2628 3196 2689 3244 et
2737 3184 2864 3244 suis
2924 3184 3101 3244 here-

397 3294 569 3356 dibus
642 3295 1034 3357 heredumue
1101 3297 1569 3358 successoribus
1637 3297 1756 3357 sub
1825 3296 2093 3357 hiisdem
2171 3299 2358 3357 metis
2422 3308 2483 3357 et
2550 3299 2847 3370 terminis,
2911 3308 3099 3377 prout

395 3407 609 3468 eadem
677 3419 842 3469 terra
912 3428 1026 3488 per
1093 3410 1334 3488 primos
1395 3429 1792 3489 possessores
1860 3428 2011 3469 suos
2080 3410 2344 3470 limitata
2408 3410 2609 3471 fuerat
2673 3420 2735 3471 et
2800 3428 3099 3490 possessa

396 3539 533 3581 cum
575 3521 874 3582 omnibus
937 3521 1308 3582 utilitatibus
1375 3525 1502 3583 suis
1548 3522 1935 3583 contulimus
1981 3526 2111 3583 iure
2156 3534 2469 3602 perpetuo
2517 3523 2979 3602 poscidendam
3032 3524 3098 3583 in

393 3631 548 3694 filios
590 3633 880 3695 filiorum.
943 3635 1030 3698 Ut
1087 3637 1272 3717 igitur
1332 3635 1450 3697 hec
1511 3647 1727 3697 nostra
1790 3637 2067 3697 donacio
2114 3648 2177 3698 et
2225 3636 2491 3698 collacio
2551 3638 2745 3698 robur
2806 3637 3097 3697 obtineat

393 3759 686 3824 perpetue
755 3747 1088 3823 firmitatiS,
1149 3767 1270 3809 nec
1339 3767 1642 3810 processu
1689 3761 2055 3828 temporum
2123 3771 2237 3830 per
2305 3753 2671 3830 quempiam
2736 3753 2935 3830 possit
2994 3751 3099 3812 uel

393 3858 611 3920 debeat
673 3854 1012 3936 retractari,
1079 3880 1361 3939 presentt
1487 3865 1919 3924 concessimus
1970 3862 2206 3924 litteras
2276 3865 2589 3943 dupplieis
2655 3862 2833 3946 sigilli
2901 3866 3099 3924 nostri

395 3974 732 4034 munimine
779 3974 1124 4035 roboratas
1173 3975 1412 4037 Datum
1447 3995 1561 4056 per
1593 3995 1820 4037 manus
1867 3979 2145 4058 magistri
2209 3977 2531 4038 Benedicti
2582 3978 2888 4057 prepositi
2935 3976 3096 4039 Oro-

393 4083 614 4145 diensis
678 4087 821 4146 aule
883 4097 1098 4147 nostre
1173 4088 1664 4149 vicecancellarii
1712 4089 1924 4149 dilecti
1974 4100 2037 4150 et
2084 4089 2288 4151 fidelis
2348 4093 2563 4164 nostri,
2632 4108 2804 4151 anno
2853 4089 3095 4151 domini

394 4197 715 4260 millesimo
761 4199 1201 4262 ducentesimo
1247 4203 1651 4283 sexagesimo
1697 4205 1911 4264 terci0.
2384 4195 2389 4200 ’

564 4391 858 4466 Omginal
899 4413 938 4450 u
983 4391 1075 4450 ἐν.
1112 4413 1292 4467 ugar.
1327 4395 1532 4452 drfiav.
1581 4395 1804 4453 arkz'vu
1840 4417 1878 4453 u
1915 4400 2307 4474 Eudimpesti
2328 4420 2348 4455 .·
2393 4399 2481 4454 M.
2530 4399 2596 4455 O.
2638 4399 2717 4454 l).
2753 4398 2823 4454 L.
2866 4401 3095 4455 33717.

395 4493 572 4554 Stura
615 4498 948 4570 sagmatum
995 4498 1077 4556 Ν.
1113 4499 1186 4556 R.
1219 4497 1289 4556 A.
1323 4501 1499 4575 fasc.
1541 4503 1706 4562 1502.
1743 4520 1838 4558 κο.
1877 4507 1928 4559 4.
1962 4503 2067 4560 Na
2101 4502 2305 4560 liste'm'
2332 4504 2456 4560 visi
2488 4523 2522 4560 0
2557 4504 2809 4578 crvenoj
2834 4502 3099 4577 svilenqj

390 4601 553 4658 vrvci
593 4601 838 4660 ulomak
885 4601 1166 4678 dvoguba
1200 4608 1446 4679 pedata,
1491 4624 1576 4661 na
1619 4604 1814 4682 kqjem
1860 4627 1928 4663 se
1982 4606 2269 4665 razabire
2290 4627 2323 4664 s
2344 4609 2543 4683 jedne
2588 4616 2801 4665 strane
2848 4606 3095 4664 ulomak

387 4703 528 4760 slike
569 4707 852 4782 ,sjedec‘eg
891 4705 1120 4781 kralja‚
1170 4727 1211 4764 a
1254 4728 1286 4764 s
1331 4709 1529 4782 druge
1574 4708 1744 4784 kralj
1772 4729 1856 4766 na
1887 4711 2075 4786 konju
2109 4731 2149 4768 u
2202 4711 2407 4787 bojnoj
2447 4712 2683 4788 opremi
2720 4732 2753 4768 s
2796 4711 3094 4785 kactgom,

389 4808 575 4866 §titom
620 4811 648 4866 i
686 4809 962 4887 kopgjem.
1040 4811 1330 4868 Potvrdio
1377 4812 1622 4888 kasnije
1670 4803 1858 4887 kralj'
1886 4815 2083 4872 Karlo
2134 4816 2393 4872 Roberto
2442 4819 2613 4872 1324.
2665 4819 2750 4872 21.
2780 4818 3092 4892 januara.

393 4912 499 4981 (M.
540 4913 605 4972 0.
637 4915 717 4973 D.
747 4915 819 4974 L.
872 4917 1129 4980 33.718.)
2280 4911 2283 4914 ’

553 5017 924 5095 Kukuljevic‘
965 5021 1112 5094 Re’g.
1161 5041 1254 5078 ne.
1308 5026 1438 5078 852.
