3797 5795
1480 379 1747 442 —269
1813 415 1884 420 —

1598 689 1788 769 767.

333 864 541 944 1263,
591 864 699 929 10.
745 862 1169 930 novembro..
1214 863 1277 929 U
1320 863 1680 945 Zagrebu.

332 1053 660 1118 Rolando
705 1053 835 1116 ban
884 1053 1241 1138 odredjuje
1304 1054 1523 1138 medje
1580 1053 1863 1138 zemalja
1908 1053 2292 1117 darovam'h
2333 1063 2419 1140 po
2467 1054 2808 1140 ngepanu
2853 1056 3040 1120 banu

1452 1168 1664 1230 knezu
1716 1153 1923 1231 Semi.

512 1359 841 1420 Rolandus
873 1359 1079 1420 banus
1102 1361 1307 1420 tocius
1330 1358 1671 1422 Sclauonie
1702 1359 2003 1419 omnibus
2035 1370 2361 1438 presentes
2393 1360 2631 1421 litteras
2664 1362 3040 1439 inspecturis

329 1472 623 1533 salutem.
688 1471 1095 1534 Universitati
1164 1475 1455 1532 omnium
1526 1470 2016 1552 significandum
2090 1472 2394 1533 duximus
2462 1475 2864 1552 presencium
2924 1493 3040 1553 per

329 1597 644 1656 tenorem,
677 1585 855 1663 quod
888 1603 1036 1646 curn
1070 1575 1407 1646 Ladizlaus
1454 1582 1616 1644 filius
1660 1583 1932 1645 Renaldi
1967 1584 2050 1645 de
2085 1584 2320 1645 Bozteh
2365 1603 2556 1664 super
2602 1588 3039 1666 occupacione

330 1707 401 1758 et
448 1709 761 1759 metarum
826 1698 1253 1759 distruccione
1312 1707 1478 1758 terre
1540 1695 1838 1775 Gurbysa
1884 1716 2000 1774 per
2045 1695 2444 1776 Stephanum
2508 1700 2750 1760 banum
2796 1702 2900 1779 pie
2945 1719 3042 1760 re-

332 1812 735 1873 cordacionis
779 1810 1011 1873 Scema
1058 1812 1275 1871 comiti
1322 1809 1553 1870 collate
1584 1821 1647 1870 et
1678 1808 2100 1888 postmodum
2131 1829 2245 1888 per
2277 1814 2650 1893 magistrum
2697 1812 3038 1873 Nicolaum

332 1924 536 1985 filium
582 1923 869 1985 eiusdem
915 1934 980 1984 et
1024 1923 1248 1984 fratres
1292 1943 1442 1984 suos
1487 1925 1602 2002 ipsi
1653 1922 1954 1983 Ladizlao
2016 1923 2264 1995 tradite,
2310 1921 2660 2006 Georgium
2731 1927 3036 1986 comitem

334 2036 539 2097 filium
572 2037 855 2098 Mauricii
888 2036 973 2097 ad
1007 2047 1291 2096 nostram
1324 2047 1663 2096 evocatum
1705 2039 2098 2114 presenciam
2149 2039 2582 2112 convenisset;
2619 2037 2788 2098 idem
2822 2057 3044 2100 comes

336 2147 655 2230 Georgius
686 2168 723 2209 e
752 2167 1065 2210 converso
1112 2147 1459 2226 respondit,
1507 2149 1683 2226 quod
1730 2158 1895 2210 terra
1942 2149 2137 2228 ipsius
2181 2149 2301 2210 sub
2346 2151 2532 2210 certis
2579 2151 2764 2212 metis
2809 2171 2845 2211 a
2879 2160 3043 2212 terra

337 2259 639 2339 Gurbysa
701 2272 867 2322 esset
912 2263 994 2321 ab
1040 2262 1309 2341 antiquo
1369 2272 1660 2340 separata
1707 2271 1771 2322 et
1818 2262 2116 2323 distincta
2177 2272 2240 2323 et
2301 2263 2436 2340 ipse
2496 2263 2616 2323 sub
2675 2262 3040 2324 huiusmodi

334 2349 529 2434 rnetis
594 2377 901 2434 terminos
962 2384 1025 2434 et
1094 2373 1546 2434 distincciones
1615 2384 1930 2435 metarum
2000 2393 2256 2435 suarum
2325 2377 2460 2435 sine
2527 2375 3046 2438 contradiccione

338 2487 551 2565 aliqua
598 2487 906 2547 hactenus
966 2487 1372 2564 possedisset,
1418 2505 1607 2566 super
1672 2504 1940 2564 quarum
1987 2496 2156 2548 statu
2202 2497 2264 2547 et
2312 2490 2471 2549 serie
2517 2505 2630 2567 per
2678 2507 2795 2550 nos
2841 2493 3047 2569 requi-

338 2601 513 2674 situS,
575 2600 817 2660 nullum
879 2600 1089 2678 potuit
1150 2601 1624 2660 munimentum
1686 2617 1798 2660 seu
1858 2599 2255 2682 privilegium
2317 2600 2638 2661 exhibere.
2711 2602 3048 2664 Ladizlaus

340 2722 559 2772 autem
607 2722 980 2791 prenotatus
1024 2731 1213 2790 super
1278 2723 1451 2772 certa
1512 2711 1884 2773 habitudine
1932 2723 1995 2773 et
2042 2713 2430 2774 obtencione
2477 2725 2640 2774 terre
2686 2715 3049 2793 supradicte

342 2825 585 2886 litteras
616 2824 840 2885 ordine
872 2825 1196 2886 iudiciario
1228 2844 1417 2905 super
1448 2825 1619 2886 facto
1652 2828 1847 2905 ipsius
1878 2836 2044 2886 terre
2075 2837 2298 2886 contra
2331 2827 2650 2906 prefatum
2698 2825 3049 2909 Georgium

344 2941 651 2999 comitem
712 2956 1045 3018 processas
1089 2950 1153 2999 et
1197 2939 1593 3020 privilegium
1643 2940 1792 2999 dicti
1854 2938 2165 3018 Stephani
2213 2939 2364 3000 bani
2410 2940 2597 3000 nobis
2641 2942 3049 3019 presentavit,

348 3051 545 3111 talem
594 3054 931 3112 continens
975 3061 1269 3112 tenorem
1317 3062 1381 3111 et
1426 3068 1814 3130 processum.

522 3167 783 3241 (Slg'jedi
823 3166 1041 3223 listina
1089 3166 1385 3241 Sfjepana
1432 3165 1598 3223 bana
1642 3166 1729 3223 od
1756 3187 1822 3240 g.
1881 3169 2041 3224 1251.
2107 3166 2195 3222 br.
2253 3170 2364 3221 410
2425 3166 2566 3242 kosa
2595 3168 2672 3242 je
2715 3170 3047 3242 stampana

339 3289 421 3356 po
466 3280 835 3353 originales).

526 3389 667 3451 Nos
711 3392 903 3471 igitur
946 3390 1265 3451 intellecta
1312 3393 1471 3451 serie
1516 3392 1709 3469 ipsius
1754 3390 2058 3471 privilegii
2127 3390 2525 3468 sepedictum
2571 3392 2877 3452 comitem
2925 3391 3051 3455 Ge-

350 3505 603 3585 orgium
648 3505 1103 3583 requisivimus,
1149 3504 1197 3563 si
1246 3504 1707 3564 contradiceret
1771 3504 1886 3582 ipsi
1950 3503 2278 3584 privilegio
2323 3516 2388 3563 et
2433 3504 2655 3565 litteris
2715 3506 3053 3567 antedictis

353 3635 475 3679 nec
514 3636 614 3691 ne,
649 3619 849 3697 quiin
882 3616 1061 3677 nullo
1105 3615 1279 3677 dicto
1324 3616 1652 3698 privilegio
1698 3618 1910 3677 extitit
1957 3615 2408 3690 contradictor,
2454 3616 2569 3677 sed
2612 3620 2838 3696 pocius
2882 3620 3050 3679 iusti-

352 3730 565 3791 ficavit
596 3739 659 3790 et
690 3750 805 3809 per
836 3732 1051 3790 omnia
1097 3730 1492 3809 approbavit,
1524 3729 1924 3807 acceptando
1957 3730 2096 3789 viva
2127 3748 2302 3790 voce.
2353 3729 2546 3792 Unde
2577 3749 2695 3791 nos
2725 3731 3051 3793 mediante

354 3845 681 3905 sentencia
741 3842 1050 3903 nobilium
1112 3841 1721 3903 circumsedencium
1781 3860 1897 3920 per
1959 3840 2316 3921 Johannem
2385 3842 2584 3903 filium
2635 3842 2896 3904 Henrici
2943 3844 3056 3905 ho-

358 3960 598 4019 minem
667 3966 956 4016 nostrum
1026 3955 1383 4016 secundum
1453 3955 1727 4016 formam
1796 3955 2026 4033 prefati
2094 3954 2399 4035 privilegii
2468 3968 2698 4016 terram
2748 3956 3060 4017 antedicti

358 4069 657 4149 Gurbysa
702 4068 785 4129 de
832 4071 1019 4129 metis
1079 4068 1165 4129 ad
1227 4078 1431 4129 metas
1502 4066 1881 4128 reambulari
1930 4067 2196 4127 fecimus
2242 4078 2306 4127 et
2353 4070 2520 4146 ipsas
2565 4078 2810 4129 veteres
2856 4082 3060 4130 metas

358 4184 645 4245 eiusdem
693 4194 859 4245 terre
904 4183 1259 4243 destructas
1303 4200 1418 4260 per
1462 4180 1741 4242 eundem
1806 4177 2160 4262 Georgium
2221 4184 2526 4241 comitem
2574 4190 2636 4242 et
2683 4183 3055 4243 combustas

360 4297 706 4359 ordinatim
750 4296 1061 4374 renovari,
1106 4296 1503 4376 assignantes
1548 4294 1810 4355 easdem
1849 4296 2029 4354 iuxta
2069 4294 2500 4354 donacionem
2545 4292 2851 4373 Stephani
2911 4295 3066 4356 bani

359 4409 689 4489 possidere
744 4407 1011 4487 pacifice
1056 4419 1119 4469 et
1166 4410 1381 4488 quiete
1444 4406 1748 4467 Ladizlao
1808 4408 2022 4484 sepius
2081 4415 2412 4467 annotato
2463 4406 2598 4468 Nec
2645 4407 2768 4468 hoc
2827 4419 3065 4487 preter-

363 4524 691 4595 mittimuS,
740 4521 918 4601 quod
964 4523 1114 4599 quia
1158 4520 1481 4600 predictus
1546 4538 1769 4580 comes
1828 4516 2146 4601 Georgius
2190 4518 2378 4580 falsas
2423 4528 2629 4579 metas
2673 4529 2738 4581 et
2784 4519 3066 4582 occultas

364 4638 425 4695 in
473 4646 641 4696 terra
686 4632 987 4713 Gurbysa
1033 4635 1278 4695 tociens
1324 4634 1571 4712 repetiti
1594 4629 1659 4713 (1)
1707 4642 2014 4705 erexerat,
2059 4632 2401 4693 intendens
2431 4650 2546 4712 per
2576 4634 2745 4711 ipsas
2788 4631 3065 4693 eandem

364 4766 697 4827 occupare,
742 4757 967 4808 contra
1028 4746 1396 4808 Ladizlaum
1469 4744 1906 4824 supradictum
1953 4756 2048 4804 est
2094 4746 2423 4806 convictus
2468 4744 2694 4806 ordine
2741 4745 3063 4806 iudiciario

366 4878 583 4921 coram
630 4860 833 4921 nobis.
880 4859 981 4921 De
1028 4878 1155 4939 qua
1200 4856 1708 4939 conuincioness)
1757 4858 1942 4918 nobis
1989 4866 2322 4933 tamquam
2368 4858 2556 4919 iudici
2603 4869 2668 4918 et
2713 4856 2832 4918 sibi
2877 4866 3066 4938 prout

368 4973 732 5034 adversario
776 4973 1098 5047 satisfecit,
1142 4974 1303 5033 sicut
1348 4972 1709 5050 requirebat
1754 4970 1918 5031 ordo
1965 4972 2130 5043 iuris,
2173 4980 2406 5031 terram
2455 4971 2721 5050 predicti
2768 4968 3066 5050 Gurbysa

370 5086 579 5149 eidem
640 5086 969 5166 possidere
1028 5086 1164 5147 sine
1226 5083 1742 5145 contradiccione
1803 5082 2060 5160 aliquali
2122 5082 2573 5163 permittendo
2623 5083 2696 5145 In
2755 5086 2932 5145 cuius
2975 5085 3064 5144 rei
