3797 5795
1590 385 1961 446 —295—

426 587 497 636 et
543 574 916 653 impendere
984 577 1219 653 poterit
1287 577 1349 634 in
1421 575 1721 648 futurum,
1768 575 1980 635 eidem
2050 573 2322 653 Symoni
2391 575 2520 636 filio
2588 575 2954 637 Salomonis
3021 574 3142 634 sub

428 688 669 749 eodem
715 690 982 749 seruicio
1013 697 1076 748 et
1110 690 1170 747 in
1204 688 1435 748 eadem
1482 687 1773 748 libertate
1810 691 1871 747 in
1908 707 2034 766 qua
2081 687 2372 765 Danych‚
2421 687 2742 749 Guruzlou
2775 701 2839 747 et
2873 687 3140 748 Brassan

428 801 808 882 iobagiones
869 801 1054 861 castri
1131 799 1564 882 Symigiensi8‚
1633 802 1741 879 qui
1809 800 2164 880 predictam
2246 811 2480 862 terram
2559 801 2729 862 dicto
2808 801 3142 861 Salomoni

432 914 747 996 Hungaro
793 912 1155 975 uendidisse
1202 913 1636 986 dinoscuntur,
1685 926 2023 974 tenuerunt
2071 925 2134 974 et
2181 914 2604 992 possederunt
2651 923 2715 973 et
2762 911 3140 973 liberalitate

430 1029 603 1109 regia
650 1027 953 1087 duximus
998 1024 1471 1087 conserendam.
1523 1024 1717 1090 Cuius
1766 1037 1954 1097 mete,
1987 1029 2144 1087 sicut
2193 1029 2256 1087 iu
2303 1027 2546 1087 eisdem
2595 1027 2813 1086 litteris
2861 1027 3142 1106 magistri

432 1139 629 1218 Moys
691 1151 754 1200 et
818 1139 1071 1218 capituli
1134 1139 1436 1200 antedicti
1500 1139 1775 1199 uidimus
1836 1143 2165 1211 contineri,
2215 1140 2339 1200 hoc
2399 1139 2622 1200 ordine
2685 1139 3143 1220 distinguntur:

430 1252 643 1313 Prima
692 1261 863 1312 meta
908 1253 1126 1331 incipit
1174 1271 1287 1331 per
1334 1271 1527 1320 unam
1576 1253 1873 1313 arborem
1921 1251 2118 1331 byksa
2160 1253 2682 1334 crucesignatam,
2729 1251 2848 1312 sub
2889 1270 3014 1331 qua
3047 1261 3142 1311 est

430 1376 607 1425 meta
669 1375 870 1426 terrea
934 1367 1109 1425 iuxta
1171 1368 1337 1426 uiam
1408 1383 1729 1445 magnam,
1776 1369 2088 1426 transiens
2148 1369 2352 1445 ipsam
2419 1367 2584 1426 uiam
2649 1365 2852 1426 tendit
2923 1382 3146 1425 uersus

430 1480 749 1539 orientem
798 1497 911 1557 per
959 1497 1151 1539 unam
1202 1479 1453 1551 uallem,
1500 1477 1736 1539 deinde
1783 1479 2074 1558 procedit
2106 1479 2188 1538 ad
2220 1479 2381 1539 duas
2426 1479 2686 1539 arbores
2733 1477 2949 1556 byksa,
2996 1477 3145 1538 inde

432 1591 610 1651 uadit
642 1593 927 1669 superius
958 1590 1040 1651 ad
1074 1611 1266 1652 unam
1301 1591 1501 1670 byksa
1534 1592 1642 1652 ubi
1675 1603 2149 1652 commetantur
2172 1571 2534 1653 'castrenses
2567 1592 2648 1652 de
2677 1589 3042 1652 Korbonuk
3062 1587 3145 1663 (l),

430 1705 673 1765 exinde
732 1714 946 1765 autem
1008 1705 1339 1766 descendit
1384 1705 1467 1765 ad
1514 1725 1749 1785 aquam
1804 1703 2166 1766 Gurbonuk
2229 1705 2334 1765 ubi
2383 1715 2478 1765 est
2524 1724 2650 1765 una
2697 1705 2888 1765 arbor
2938 1703 3136 1776 naria,

430 1827 505 1877 ut
551 1836 663 1895 per
708 1817 978 1878 eandem
1028 1837 1261 1897 aquam
1312 1837 1535 1897 parum
1584 1820 1870 1897 superius
1918 1820 2181 1879 ueniens
2227 1821 2450 1879 transit
2495 1820 2701 1897 ipsam
2747 1837 2984 1898 aquam
3032 1835 3147 1896 per

432 1929 597 1990 duas
642 1931 900 1990 arbores
946 1931 1163 2011 egurfa
1212 1941 1275 1992 et
1323 1951 1437 2010 per
1484 1951 1679 1992 unum
1730 1933 2002 1993 riuulum
2051 1931 2340 1992 ascendit
2386 1934 2674 2011 superius
2719 1933 2802 1991 ad
2851 1941 3174 1990 montem·

432 2062 653 2104 uersus
716 2044 1195 2103 meridionalem
1242 2056 1305 2104 et
1352 2046 1435 2104 ibi
1484 2057 1912 2105 commetatur
1954 2045 2208 2105 cuidam
2263 2048 2442 2104 vinee
2499 2047 2934 2113 castrensium,
2987 2043 3140 2103 inde

436 2156 769 2217 descendit
814 2156 899 2216 ad
946 2175 1141 2216 unam
1190 2156 1417 2217 uallem
1466 2158 1767 2219 siluosam
1816 2170 1878 2219 et
1925 2177 2040 2237 per
2086 2161 2288 2238 ipsam
2359 2158 2590 2219 uallem
2639 2161 2812 2218 uenit
2861 2158 3146 2235 superius

432 2268 521 2328 ad
569 2287 871 2350 magnam
936 2271 1105 2328 uiam
1154 2283 1215 2328 et
1266 2271 1349 2330 ibi
1398 2283 1824 2332 commetatur
1885 2272 2312 2331 castrensibus
2373 2271 2455 2330 de
2519 2269 2788 2341 Mus-ina,
2836 2269 2985 2330 inde
3033 2288 3149 2347 per

435 2381 761 2461 quandam
834 2384 1000 2444 uiam
1076 2403 1201 2462 que
1271 2386 1445 2444 uenit
1517 2404 1603 2445 ex
1668 2385 2063 2445 meridionali
2129 2384 2461 2444 descendit
2509 2387 2730 2444 iterum
2781 2383 2864 2443 ad
2910 2399 3146 2460 aquam

436 2493 799 2557 Gorbonuk
859 2511 922 2556 et
985 2516 1097 2576 per
1160 2497 1435 2557 eandem
1498 2516 1733 2577 aquam
1796 2497 1970 2557 uadit
2018 2497 2098 2557 ad
2149 2497 2551 2558 occidentem
2607 2517 2720 2576 per
2768 2496 3063 2576 longinea
3082 2493 3146 2576 (l)

435 2608 541 2668 ubi
592 2623 737 2670 sunt
785 2609 934 2670 dicti
982 2622 1337 2671 castrenses
1384 2613 1811 2670 commetanei
1846 2622 1910 2670 et
1942 2609 2178 2670 exinde
2225 2609 2516 2689 procedit
2551 2610 2633 2669 ad
2669 2627 2864 2669 unam
2913 2607 3143 2669 uallem

438 2721 591 2799 Ivya
640 2724 898 2783 nomine
944 2723 1027 2783 ad
1074 2724 1665 2802 septemtrionalem
1697 2733 1760 2783 et
1793 2724 1873 2783 ibi
1911 2733 2340 2783 commetatur
2385 2737 2549 2782 terre
2584 2721 2877 2800 Voycha,
2909 2720 3147 2781 exinde

438 2837 723 2913 superius
793 2837 1053 2896 ueniens
1121 2836 1408 2896 ascendit
1454 2837 1537 2897 ad
1588 2855 1888 2919 magnam
1955 2839 2124 2897 uiam
2196 2837 2302 2896 ubi
2352 2847 2447 2896 est
2495 2854 2619 2896 una
2688 2835 2877 2894 arbor
2945 2833 3148 2913 byksa

438 2952 890 3030 crucesignata,
922 2950 1029 3009 ubi
1064 2962 1159 3010 est
1192 2959 1362 3011 meta
1412 2962 1611 3010 terrea
1645 2961 1708 3011 et
1742 2951 1825 3010 ibi
1859 2960 2218 3011 cometatur
2264 2961 2428 3010 terra
2476 2949 2780 3010 Drasmer
2811 2960 2872 3007 et
2907 2947 3148 3008 exinde

437 3079 553 3139 per
596 3061 871 3123 eandem
936 3065 1103 3123 uiam
1168 3066 1431 3123 ueniens
1493 3074 1921 3124 commetatur
1981 3074 2145 3123 terre
2207 3060 2510 3137 Scebesk,
2557 3060 2914 3140 procedens
2975 3061 3150 3121 enim

436 3192 551 3251 per
597 3176 798 3252 ipsam
831 3178 999 3236 uiam
1034 3178 1208 3237 uenit
1242 3186 1305 3237 et
1339 3188 1769 3237 commetatur
1813 3187 1978 3237 terre
2027 3179 2240 3257 magni
2288 3176 2610 3254 Tyburcii,
2657 3174 2894 3235 deinde
2925 3185 3146 3233 autem

437 3306 554 3366 per
600 3306 901 3369 magnam
949 3291 1121 3349 uiam
1168 3310 1251 3349 ex
1299 3289 1583 3349 orientali
1651 3292 1947 3350 ueniente
2017 3298 2446 3349 commetatur
2507 3299 2669 3348 terre
2719 3284 2993 3365 Chopou
3041 3286 3148 3346 ubi

436 3412 533 3461 est
580 3402 785 3478 prima
850 3413 1021 3462 meta
1068 3413 1131 3462 et
1180 3402 1418 3463 ibidem
1483 3406 1870 3463 terminatur.
1922 3402 1990 3461 In
2055 3405 2232 3462 cuius
2294 3402 2818 3463 rei.memoriam
2883 3410 2947 3460 et
3008 3418 3148 3478 per-

434 3525 697 3593 petuam
762 3512 1125 3575 firmitatem
1162 3516 1335 3576 dicto
1369 3512 1687 3597 Symun(!)
1734 3527 2064 3595 presentes
2110 3516 2542 3575 concessimus
2577 3515 2831 3586 litteras,
2878 3513 3150 3591 duplicis

436 3627 617 3708 sigilli
687 3631 879 3688 nostri
944 3632 1295 3689 munimine
1358 3629 1704 3689 roboratas
1753 3628 1994 3690 Datum
2057 3648 2170 3707 per
2232 3646 2458 3688 manus
2530 3628 2807 3709 magistri
2854 3625 3139 3687 Farkasii

436 3738 623 3801 electi
684 3739 1001 3816 AlbensiS,
1044 3742 1187 3803 aule
1250 3753 1462 3802 nostre
1524 3741 2021 3803 uicecancellarii
2087 3740 2297 3801 dilecti
2347 3752 2409 3801 et
2457 3739 2659 3802 fidelis
2707 3742 2920 3813 nostri,
2966 3758 3142 3799 anno

435 3852 681 3913 domini
746 3852 1049 3917 MCCLX
1112 3866 1357 3933 quartO,
1403 3868 1629 3935 quarto
1691 3854 1832 3915 idus
1896 3855 2124 3933 aprilis,
2185 3858 2356 3935 regni
2423 3867 2637 3914 autem
2705 3854 2900 3912 nostri
2963 3870 3139 3913 anno

436 3967 745 4026 uicesimo
793 3987 983 4028 nono.

610 4185 679 4242 Iz
722 4187 1073 4260 ortjge'nalne
1112 4189 1369 4263 potvrde
1422 4187 1762 4245 Ladislava
1810 4186 2138 4244 Kumanca
2179 4188 2264 4244 od
2290 4192 2331 4243 1.
2365 4194 2569 4243 marta
2618 4188 2688 4238 12
2699 4190 2730 4238 7
2737 4188 2789 4241 3
2843 4220 2928 4225 —
2976 4184 3142 4241 Ra‘tlc

435 4294 504 4346 e's
570 4292 797 4347 Ro'mer
812 4312 832 4347 .·
908 4292 1095 4364 Gyan·
1161 4292 1507 4349 tci‘rte‘nelmi
1571 4297 1636 4348 εἷς
1703 4293 2000 4365 rdgeszete'
2047 4290 2323 4369 sic'zetek.
2396 4292 2477 4347 ll.
2539 4289 2652 4347 kO‘t.
2724 4291 2886 4361 Gyo‘r
2947 4292 3144 4355 1863„

438 4396 787 4453 299—301.
