3797 5795
1631 394 1712 403 .-
1759 360 1901 423 199
1956 395 2040 406 ..-

1743 653 1935 734 705.

487 848 690 926 1261,
733 848 835 910 24.
880 844 1214 912 oktobra.
1261 846 1319 911 U
1367 844 1674 930 Spljetu.

491 1052 934 1137 AVasljedm‘ct‘
990 1054 1232 1117 Palma
1279 1053 1634 1139 Stefanz'ba
1699 1053 1754 1117 z'z
1821 1053 2085 1138 Spljeta
2136 1051 2555 1138 poklanjaju
2620 1053 2899 1137 kaptolu
2962 1054 3189 1139 spljet-

976 1166 1214 1229 skomu
1261 1168 1440 1229 ,ἐκέκ
1489 1168 1622 1230 kod
1664 1168 1856 1231 crkve
1901 1188 1996 1230 sv.
2046 1166 2313 1249 Marz'je
2360 1168 2442 1229 de
2488 1165 2697 1229 Rino.

618 1358 726 1419 -In
759 1360 1018 1419 nomine
1052 1357 1296 1418 domini
1330 1361 1524 1419 nostri
1552 1358 1702 1438 Jesu
1734 1357 1960 1423 Christi
1997 1378 2204 1420 amen.
2237 1359 2436 1422 Anno
2468 1379 2504 1418 a
2538 1360 2870 1420 natiuitate
2902 1360 3187 1421 eiusdem

493 1471 818 1532 millesimo
880 1470 1323 1533 ducentesimo
1384 1474 1788 1553 sexagesimo
1835 1475 2062 1551 prim0,
2109 1457 2457 1533 indictione
2518 1484 2762 1551 quarta,
2809 1473 2911 1534 die
2960 1482 3190 1534 octaua

489 1594 756 1645 exeunte
803 1584 1070 1656 octobri,
1115 1593 1422 1665 regnante
1468 1584 1736 1645 domino
1784 1594 2005 1645 nostro
2054 1585 2205 1645 Bela
2252 1587 2655 1645 serenissimo
2702 1604 2851 1667 rege
2882 1586 3188 1667 Vngarie',

487 1699 874 1777 temporibus
918 1697 1163 1759 domini
1211 1698 1465 1780 Rogerii
1512 1698 1886 1758 venerabilis
1934 1696 2324 1777 Spalatensis
2370 1698 2844 1778 archiepiscopi,
2878 1699 3189 1779 Johannis

489 1808 757 1892 Cigaide,
805 1809 1052 1871 Nicolai
1085 1810 1324 1889 Duymi
1357 1821 1418 1871 et
1457 1806 1756 1893 Ko(s)me
1790 1809 2105 1874 Camurcii
2156 1813 2455 1873 iudicum.
2496 1812 2781 1892 Julianus
2830 1813 3049 1873 Palme
3082 1860 3093 1872 .
3132 1803 3189 1872 .”.

487 1919 941 2007 Ste[phanicii]‚
992 1922 1194 1985 Maria
1243 1942 1407 1984 uxor
1457 1924 1632 1985 Luce
1673 1925 1870 2005 Jancii
1919 1943 2063 1986 curn
2105 1943 2421 1986 consensu
2454 1925 2605 1986 dicti
2638 1928 2733 1986 sui
2781 1927 2912 1999 uiri,
2960 1924 3188 2006 Mario)

489 2055 642 2096 uxor
687 2036 912 2097 Nicole
957 2036 1122 2097 Petri
1173 2035 1419 2097 Marule
1466 2056 1613 2097 cum
1662 2056 1980 2098 consensu
2048 2040 2240 2116 ipsius
2287 2036 2513 2098 Nicole
2560 2048 2622 2099 et
2672 2086 2683 2097 .
2736 2086 2746 2098 .
2796 2085 2807 2096 .
2856 2056 2975 2113 nea
3022 2056 3190 2098 uxor

489 2146 735 2230 Georgii
785 2148 1100 2222 Nouinne,
1160 2148 1424 2229 predicti
1492 2169 1718 2210 omnes
1766 2150 2033 2211 heredes
2078 2149 2491 2229 Stephanicii,
2547 2151 2919 2229 optulerunt
2966 2161 3027 2210 et
3078 2150 3187 2210 de-

492 2261 712 2322 derunt
777 2262 1055 2340 capitulo
1125 2265 1580 2324 canonicorum
1652 2265 1852 2324 sancti
1920 2262 2182 2324 Domnii
2253 2282 2371 2341 pro
2442 2263 2728 2324 remedio
2775 2273 3190 2342 peccatorum

491 2372 868 2453 Stephanicii
914 2374 1256 2453 supradicti
1305 2386 1367 2436 et
1414 2378 1548 2437 eius
1595 2379 1812 2437 uxoris
1879 2377 2149 2437 domum
2215 2396 2395 2437 suam
2444 2396 2569 2456 que
2616 2387 2712 2437 est
2758 2378 2875 2436 sub
2924 2377 3190 2437 ecclesia

489 2500 703 2549 sancte
749 2488 944 2550 Marie
990 2489 1072 2549 de
1119 2488 1286 2549 Rino
1332 2507 1480 2548 cum
1542 2499 1682 2549 toto
1751 2492 2083 2563 territoriO,
2128 2491 2536 2566 pertinenciis
2580 2500 2645 2549 et
2690 2490 3191 2575 circumstanciis

491 2620 619 2680 que
661 2603 770 2681 ipsi
817 2601 899 2661 ibi
946 2601 1292 2675 habebant,
1337 2602 1640 2663 cedentes
1685 2604 1798 2681 ipsi
1847 2602 2125 2681 capitulo
2172 2621 2369 2663 omne
2400 2603 2497 2663 ius
2528 2613 2592 2662 et
2623 2603 2975 2675 accionem,
3009 2602 3187 2678 quod

487 2728 558 2775 et
605 2733 782 2791 quarn
851 2716 964 2793 ipsi
1009 2718 1073 2774 in
1121 2714 1244 2773 iam
1313 2714 1484 2775 dicta
1544 2715 1746 2776 domo
1808 2725 1871 2775 et
1936 2716 2248 2775 territorio
2309 2714 2634 2774 habebant
2680 2714 3027 2789 et‚habere
3074 2734 3189 2794 po-

483 2838 708 2888 terant.
755 2827 832 2888 Et
879 2827 1044 2888 hanc
1088 2828 1484 2890 oblationem
1532 2839 1596 2889 et
1641 2831 2125 2889 concessionem
2171 2848 2285 2908 per
2330 2846 2399 2887 se
2444 2846 2723 2906 suosque
2768 2826 3035 2887 heredes
3070 2830 3187 2905 ipsi

482 2940 760 3020 capitulo
805 2961 922 3020 pro
965 2961 1033 3004 se
1079 2946 1334 3020 suisque
1397 2945 1866 3005 successoribus
1927 2944 2292 3022 suscipienti
2354 2941 2607 3003 firmam
2672 2951 2735 3001 et
2796 2953 3003 3002 ratam
3051 2960 3192 3019 per-

481 3064 682 3135 petuo
741 3055 973 3116 habere
1033 3059 1464 3135 promiserunt
1511 3071 1576 3117 et
1621 3061 1684 3117 in
1732 3057 1909 3118 nullo
1958 3054 2157 3116 modo
2218 3055 2435 3134 aliquo
2480 3055 2585 3115 uel
2632 3057 2888 3135 ingenio
2936 3065 3189 3114 contra-

487 3171 702 3230 uenire
731 3186 875 3229 cum
907 3169 1230 3230 bonorum
1263 3189 1526 3230 suorum
1557 3169 1966 3251 obligatione,
2012 3167 2450 3231 renunciando
2483 3168 2661 3226 omni
2693 3169 2803 3226 iuri
2838 3177 2900 3228 et
2934 3168 3192 3242 auxili0‚

482 3281 710 3360 quibus
752 3283 1060 3360 prelibata
1106 3283 1394 3342 ualerent
1440 3286 1502 3342 in
1548 3283 1764 3361 aliquo
1810 3302 2129 3343 reuocare.
2179 3283 2270 3343 Ita
2319 3292 2553 3352 tamen,
2600 3280 2777 3358 quod
2825 3298 2953 3340 non
3006 3267 3189 3340 liceat

479 3397 600 3475 ipsi
657 3395 933 3475 capitulo
995 3414 1205 3471 neque
1263 3398 1391 3456 suis
1450 3397 1919 3457 successoribus
1980 3397 2216 3457 dictam
2266 3395 2555 3466 domum,
2619 3412 2739 3453 nec
2793 3395 3179 3454 territorium

479 3509 774 3581 uendere,
844 3528 964 3570 nec
1032 3510 1326 3582 alienare,
1375 3528 1585 3587 neque
1632 3509 1815 3569 alicui
1878 3509 2182 3590 obligare,
2228 3517 2325 3567 set
2385 3509 2521 3585 ipsa
2584 3507 2794 3567 solum
2840 3505 3195 3585 possidere,

477 3632 694 3682 tenere
737 3622 1020 3684 debeant
1065 3633 1128 3683 et
1175 3623 1508 3684 fructuare.
1553 3620 1796 3683 Actum
1836 3617 1901 3681 in
1932 3623 2104 3681 curia
2150 3618 2395 3680 domini
2442 3620 2899 3699 archiepiscopi
2948 3619 3184 3680 eodem

475 3735 742 3796 domino
772 3735 1256 3815 archiepiscopo
1285 3744 1600 3814 presente,
1624 3734 2023 3813 presentibus
2054 3735 2248 3794 etiam
2266 3732 2559 3812 Johanne
2579 3730 2859 3814 Cigaide,
2896 3729 3185 3814 C0(s)1ne

477 3845 784 3910 Camurcii
833 3849 1134 3927 predictis
1180 3847 1510 3921 iudicibuS,
1559 3847 1793 3928 Drag0‚
1843 3846 1999 3907 Mari
2050 3846 2317 3908 testibus
2364 3857 2428 3906 et
2475 3846 2624 3906 aliis

656 4003 677 4063 (
685 3991 896 4064 Drugi
940 3990 1236 4067 rukopz's).

654 4127 736 4188 Et
779 4145 902 4210 ego
951 4128 1172 4188 Petrus
1217 4126 1409 4204 Srece
1454 4129 1747 4188 conscius
1794 4126 2181 4187 examinaui.

655 4239 792 4322 Ego
839 4243 1140 4323 magister
1183 4240 1238 4302 F
1240 4243 1560 4306 ranciscus
1621 4240 1927 4319 imperiali
1998 4241 2377 4301 auctoritate
2424 4241 2705 4299 notarius
2751 4249 2815 4298 et
2865 4256 3036 4298 nunc
3085 4257 3191 4298 co-

479 4355 692 4412 munis
734 4353 973 4433 Spalati
1018 4357 1258 4415 iuratus
1302 4354 1419 4414 hiis
1464 4353 1765 4414 omnibus
1811 4353 2062 4413 interfui
2097 4362 2356 4433 rogatus
2388 4362 2451 4411 et
2484 4352 2812 4411 voluntate
2862 4350 3185 4412 dictorum

484 4463 793 4526 heredum
839 4467 1228 4545 Stephanicii
1279 4478 1342 4526 et
1391 4465 1615 4527 Nicole
1662 4477 1723 4527 et
1771 4465 1951 4527 Luce
1998 4466 2217 4544 scripsi.
2262 4475 2326 4525 et
2368 4464 2682 4524 roboraui.

659 4607 1075 4682 (Allonogram.
1124 4611 1272 4669 not.)

669 4799 962 4873 Orzginal
1003 4819 1044 4855 u
1090 4797 1312 4854 arkivu
1357 4792 1610 4873 kaptola
1659 4817 1700 4854 u
1749 4797 1986 4872 Spljetu
2036 4815 2092 4851 a.
2144 4797 2311 4854 1261.
2362 4795 2557 4868 (XVI.
2608 4798 2662 4850 2.
2716 4795 2829 4861 ll.)
