3797 5795
1642 392 1727 400 —
1780 359 1906 422 337
1971 397 2054 403 -—

1755 652 1948 731 828.

491 785 690 863 1265,
736 787 800 850 5.
843 787 1045 867 Juna.

769 975 1057 1059 &boman
1104 981 1392 1064 posjeda
1440 983 1625 1043 dana
1675 983 1921 1066 mjeslu
1981 984 2270 1068 Prelogu
2319 1007 2366 1047 u
2413 985 2927 1070 Medjumurju.

666 1217 676 1226 .
727 1216 738 1226 .
788 1217 799 1227 .
850 1169 1067 1248 Ipsum
1114 1182 1329 1232 autem
1376 1174 1775 1256 priuilegium
1822 1188 2276 1237 annotatorum
2324 1177 2498 1239 Pauli
2548 1181 2828 1257 episcopi
2879 1190 2942 1240 et
2975 1177 3198 1243 Chaak

490 1279 638 1339 bani
687 1300 859 1341 anno
906 1283 1152 1345 domini
1202 1284 1646 1348 MCCLX-mo
1694 1292 1938 1368 quium,
1984 1301 2170 1350 sexta
2215 1291 2367 1351 seria
2413 1295 2710 1370 proxima
2756 1302 2902 1372 post
2935 1302 3198 1354 octauas

496 1393 947 1456 Penthecostes
992 1399 1347 1471 subortum,
1377 1401 1642 1461 eosdem
1686 1405 2062 1481 episcopum
2108 1413 2172 1464 et
2218 1403 2460 1465 banum
2507 1403 2589 1466 de
2637 1405 2943 1467 mandato
2993 1404 3197 1488 B(ele)

492 1507 655 1587 regis
700 1509 1073 1585 particulam
1122 1524 1285 1573 terre
1329 1515 1581 1574 comitis
1626 1513 1966 1576 Lanchreti
2015 1537 2051 1576 a
2099 1517 2242 1577 villa
2288 1536 2401 1577 sua
2447 1517 2826 1580 Zumbathel
2869 1531 3194 1598 receptam

492 1631 555 1680 et
602 1619 955 1699 hospitibus
986 1623 1069 1683 de
1104 1624 1244 1685 villa
1292 1625 1557 1687 Prelaak
1602 1630 1988 1708 assignatam
2038 1629 2212 1690 nullo
2258 1630 2740 1691 contradicente
2785 1634 2972 1693 certis
3013 1635 3200 1693 metis

491 1735 631 1810 ipso
674 1733 1004 1814 priuilegio
1052 1739 1297 1798 insertis
1344 1739 1754 1820 distingendo
1803 1744 2144 1802 restituisse
2190 1742 2600 1821 explanabat.

676 1954 1052 2027 Ordginalna
1093 1959 1357 2031 potet-da
1404 1957 1611 2032 kralja
1662 1959 1991 2034 Ls'udc‘vita
2038 1961 2122 2016 od
2153 1981 2217 2032 g.
2270 1964 2446 2016 1376.
2499 1965 2594 2017 28.
2625 1962 2948 2038 Jk’bruara
3018 1983 3058 2020 u
3104 1963 3199 2019 kr.

493 2079 593 2130 ug·-
642 2061 768 2116 (ι’νέ.
832 2060 1053 2116 arkivu
1118 2081 1158 2116 n
1226 2059 1616 2136 Btcsle'ztepefftz'
1676 2064 1761 2119 js.
1823 2063 1892 2120 O.
1949 2065 2025 2119 l).
2077 2065 2147 2121 L.
2197 2087 2293 2122 ιιι).
2348 2070 2385 2120 7
2391 2067 2430 2120 3
2529 2067 2718 2123 Stara
2763 2069 2925 2140 sign.
2979 2069 3060 2124 N.
3117 2069 3189 2124 R.

494 2164 566 2218 Α.
617 2183 713 2220 no.
768 2169 862 2220 45.

1755 2477 1950 2555 829.

495 2641 694 2720 1265,
742 2643 851 2706 24.
892 2642 1096 2723 juna.

500 2832 779 2894 Rolano!
820 2833 949 2894 ban
1018 2834 1175 2917 daje
1231 2842 1315 2918 po
1384 2834 1701 2896 Krao‘mu
1771 2841 2044 2919 §upana
2115 2834 2568 2899 krt‘ievac‘kom
2641 2835 2907 2899 earedt'lz'
2971 2838 3203 2921 zcmlje

1322 2947 1737 3010 stanovm'ka
1774 2950 2000 3032 grado
2055 2949 2360 3012 Rovc's‘c‘a.

668 3138 1001 3200 Rolandus
1031 3141 1237 3201 banus
1261 3142 1464 3201 tocius
1488 3140 1824 3202 Sclavonie
1865 3143 2164 3201 omnibus
2196 3153 2522 3220 presentes
2554 3142 2792 3203 litteras
2823 3144 3202 3221 inspecturis

492 3251 761 3313 salutem
810 3256 871 3312 in
920 3256 1210 3313 omnium
1272 3254 1600 3313 salvatore.
1670 3254 2116 3316 Universorum
2184 3257 2414 3316 noticie
2476 3256 2698 3316 harum
2769 3259 2928 3317 serie
2989 3256 3199 3317 decla-

492 3384 723 3439 ramus,
770 3366 946 3441 quod
1009 3384 1155 3426 cum
1225 3366 1525 3427 dominus
1572 3378 1787 3427 noster
1833 3387 1947 3427 rex
1995 3367 2076 3427 de
2124 3368 2331 3428 liberis
2377 3368 2733 3447 hospitibus
2778 3380 2841 3430 et
2889 3370 2971 3429 de
3019 3370 3194 3431 ioba-

494 3478 789 3557 gionibus
834 3482 1017 3539 castri
1066 3480 1147 3539 de
1198 3478 1461 3557 Ryuche
1508 3480 1724 3559 viginti
1772 3481 2056 3559 quinque
2103 3482 2335 3542 liberos
2379 3482 2695 3560 prediales
2740 3483 3013 3544 exclusis
3061 3484 3198 3543 aliis

494 3596 555 3651 in
625 3593 857 3653 eodem
928 3592 1235 3652 comitatu
1306 3594 1732 3653 constituisset
1802 3606 1866 3653 et
1935 3594 2193 3675 singulis
2269 3614 2491 3655 eorum
2570 3598 2946 3657 auctoritate
3026 3600 3196 3678 regia

490 3707 867 3783 porcionem
927 3724 1110 3765 suam
1157 3706 1219 3765 in
1266 3708 1445 3765 terris
1506 3724 1650 3765 cum
1714 3707 1840 3765 suis
1903 3706 2272 3767 utilitatibus
2335 3708 2520 3767 nobis
2581 3709 2700 3770 sub
2747 3711 2932 3769 certis
2979 3720 3042 3770 et
3089 3729 3200 3769 an-

486 3820 677 3895 tiquis
746 3819 931 3878 metis
976 3836 1089 3896 per
1134 3837 1279 3879 suas
1330 3818 1585 3907 ‚litteras
1652 3820 1971 3900 assignare
2042 3821 2430 3893 iniunxisset,
2493 3840 2611 3881 nos
2657 3824 2832 3902 regio
2881 3822 3192 3883 mandato

486 3930 707 3990 debito
777 3942 1230 3991 concurrentes
1302 3931 1562 4006 honore,
1632 3950 1713 3991 ne
1782 3931 1970 3993 iidem
2041 3932 2354 4011 prediales
2417 3935 2480 3993 in
2542 3945 2872 4013 posterum
2937 3938 3194 3995 racione

486 4046 807 4121 porcionis
852 4063 963 4105 sue
1010 4064 1123 4121 per
1169 4046 1437 4103 comites
1484 4044 1565 4104 de
1615 4045 1877 4123 Ryuche
1927 4065 2041 4121 pro
2089 4056 2380 4124 tempore
2426 4048 2808 4107 constitutos
2855 4034 3196 4108 occasione

491 4158 675 4216 castri
723 4158 785 4215 in
832 4158 959 4216 suis
1006 4157 1242 4217 iuribus
1288 4159 1693 4235 impetantur,
1725 4177 1845 4217 nec
1874 4158 2274 4235 aliquatenus
2321 4172 2761 4239 aggraventur,
2809 4163 2943 4220 vice
2977 4172 3195 4221 nostra

495 4269 887 4330 Krachinum
949 4271 1253 4330 comitem
1316 4268 1697 4332 Crisiensem
1759 4270 2014 4331 fidelem
2080 4284 2366 4331 nostrum
2437 4289 2585 4331 curn
2637 4271 2831 4332 Paulo
2878 4276 3195 4334 canonico

494 4380 864 4443 Chazmensi
912 4402 1029 4461 pro
1078 4384 1444 4443 testimonio
1492 4384 1800 4462 deputato
1840 4384 1922 4443 ad
1956 4383 2391 4465 distingendas
2439 4396 2642 4444 metas
2690 4384 3007 4445 dictorum
3054 4405 3198 4465 pre-

495 4495 753 4555 dialium
816 4497 1074 4577 singulis
1135 4496 1530 4577 singulariter
1591 4498 2073 4557 transmisimus
2139 4495 2262 4574 Qui
2326 4496 2408 4557 ad
2469 4515 2585 4557 nos
2631 4498 2988 4570 redeuntes
3037 4500 3198 4559 inter

493 4618 703 4668 cetera
750 4619 953 4669 metas
1000 4612 1319 4687 porcionis
1367 4610 1569 4670 Bense
1601 4610 1707 4670 filii
1740 4610 2030 4670 Nicholai
2075 4612 2234 4670 inter
2279 4610 2600 4689 predictos
2649 4612 2862 4691 viginti
2913 4613 3196 4690 quinque

492 4720 808 4799 prediales
854 4724 1183 4795 nominati,
1230 4734 1363 4783 tam
1410 4726 1471 4783 in
1521 4722 1739 4782 litteris
1800 4722 2056 4801 capituli
2106 4722 2512 4812 Cliasmensis
2559 4743 2753 4804 quarn
2801 4726 3005 4785 eciam
3055 4728 3191 4786 vive

493 4836 663 4895 vocis
709 4838 1178 4913 protestacione
1223 4836 1589 4904 retulerunt,
1635 4856 1702 4895 se
1749 4836 1954 4896 taliter
2000 4836 2362 4897 distinxisse
2395 4848 2456 4897 et
2489 4840 2866 4899 auctoritate
2902 4841 3070 4919 regia
3119 4858 3196 4900 ac

495 4960 711 5008 nostra
779 4950 1025 5027 prefato
1092 4948 1295 5008 Bense
1343 4959 1406 5008 et
1452 4950 1577 5009 suis
1624 4949 1962 5009 heredibus
2011 4952 2071 5008 in
2120 4960 2498 5028 perpetuum
2547 4952 2858 5020 statuisse,
2923 4970 3194 5029 quorum

495 5064 941 5140 protestacioni
990 5070 1053 5121 et
1101 5063 1319 5122 litteris
1380 5062 1631 5141 capituli
1693 5061 1872 5141 Jurse
1919 5073 1982 5121 et
2031 5062 2373 5143 Gregorius
2420 5083 2536 5141 pro
2585 5074 2765 5141 patre
2811 5083 2926 5124 suo
2977 5064 3198 5125 Marco

590 5195 727 5235 con.
763 5194 919 5235 own.
949 5194 1011 5235 v.
3032 5178 3116 5239 22
