3797 5795
1550 424 1627 430 -—
1690 387 1956 450 225—

1662 680 1851 759 ¹730.

404 856 604 935 1262,
652 857 757 921 26.
804 855 1021 938 maia..
1072 855 1132 921 U
1177 854 1678 921 Dubrovniku.

640 1045 1091 1108 Dubrovcam·
1129 1047 1413 1130 oruiaju
1459 1046 1655 1129 svoju
1705 1045 1902 1130 ladju
1949 1067 2024 1108 za
2072 1052 2182 1108 rat
2227 1068 2319 1108 na
2367 1046 2605 1130 mjesec
2651 1047 2855 1108 dana.

593 1269 603 1313 1
691 1237 890 1299 Anno
967 1238 1415 1297 incarnationis
1476 1236 1720 1298 domini
1784 1238 2121 1299 millesimo
2190 1239 2630 1300 ducentesimo
2698 1241 3103 1320 sexagesimo

406 1350 709 1424 secundO,
776 1351 1011 1410 mensis
1072 1349 1265 1410 madii
1335 1363 1519 1411 sexto
1584 1351 1686 1411 dic
1754 1363 2049 1425 exeunte,
2120 1351 2466 1412 indictione
2537 1353 2774 1430 quinta,
2825 1353 3104 1434 Ragusii,

407 1463 697 1524 ordinata
741 1465 911 1524 curia
958 1482 1107 1524 cum
1151 1466 1364 1524 sonitu
1411 1482 1743 1543 campane.
1814 1463 1952 1524 Nos
1997 1464 2261 1544 quidem
2333 1464 2658 1543 Philippus
2705 1462 3108 1528 Contarenus

408 1577 491 1638 de
538 1577 845 1638 mandato
892 1576 1133 1637 domini
1181 1589 1245 1637 et
1290 1576 1484 1638 incliti
1532 1577 1711 1638 ducis
1761 1577 2034 1639 Venetie
2081 1596 2302 1638 comes
2353 1578 2714 1658 Ragusinus
2759 1596 2908 1638 cum
2954 1596 3110 1637 con·-

408 1692 649 1751 siliariis
694 1690 775 1750 de
821 1709 1023 1769 paruo
1063 1701 1127 1750 et
1159 1708 1395 1772 magno
1442 1691 1705 1750 consilio
1738 1701 1801 1750 et
1835 1709 1956 1750 nos
1999 1708 2276 1751 comune
2325 1691 2581 1771 Ragusii
2627 1691 3108 1751 committentes

409 1805 868 1863 committimus
900 1802 1083 1862 uobis
1116 1802 1311 1863 nobili
1345 1805 1480 1863 uiro
1512 1802 1779 1863 domino
1797 1802 2044 1882 Jacobo
2069 1801 2344 1878 Destino,
2376 1801 2460 1863 de
2485 1802 2794 1864 mandato
2820 1803 3108 1864 eiusdem

410 1917 650 1976 domini
714 1914 892 1976 ducis
952 1915 1269 1976 honorato
1316 1917 1379 1974 in
1426 1917 1723 1976 omnibus
1785 1925 2139 1994 capetaneo
2201 1918 2395 1976 totius
2456 1917 2774 1976 exercitus
2821 1916 3110 1977 Venecie

412 2032 473 2089 in
521 2029 853 2100 Romania,
902 2037 967 2088 ut
1015 2028 1325 2088 ammodo
1373 2031 1435 2088 in
1482 2038 1667 2088 antea
1733 2029 1995 2088 nomine
2041 2039 2104 2088 et
2151 2030 2289 2089 uice
2335 2030 2626 2090 comunis
2673 2029 2932 2110 Ragusii
2978 2029 3111 2107 ple-

412 2143 735 2202 nissimam
784 2143 1083 2201 uirtutem
1116 2150 1179 2200 et
1212 2151 1599 2218 potestatem
1630 2140 1918 2201 habeatis
1951 2151 2175 2201 mutuo
2207 2143 2494 2220 accipere
2526 2161 2714 2220 super
2746 2143 3111 2202 uniuersum

411 2273 686 2315 comune
733 2256 988 2336 Ragusii
1041 2263 1287 2314 tantam
1348 2255 1615 2332 pecunie
1663 2255 2106 2331 quantitatem,
2154 2265 2464 2332 quantam
2511 2265 2726 2314 nostra
2770 2254 2952 2335 galea
2998 2273 3112 2333 per

412 2387 607 2428 unum
644 2386 952 2440 mensem,
976 2368 1023 2426 si
1053 2386 1311 2427 necesse
1344 2365 1543 2436 fuerit,
1582 2367 1807 2426 armari
1842 2368 2057 2445 possit.
2090 2365 2154 2428 Si
2189 2369 2392 2445 ipsam
2418 2367 2760 2441 tenueritis,
2777 2367 3112 2427 uobiscum

409 2483 492 2543 ad
538 2481 1155 2564 seruiendum‘ultra
1203 2483 1485 2559 quinque
1534 2498 1801 2552 menseS,
1850 2482 1997 2558 quia
2045 2483 2249 2558 ipsam
2295 2480 2548 2561 galeam
2581 2482 2642 2540 in
2681 2482 2960 2562 Ragusio
2991 2481 3115 2541 sol—

409 2598 637 2664 uimus⁹
697 2605 947 2655 tantum
994 2613 1107 2672 per
1154 2596 1437 2672 quinque
1500 2611 1751 2653 menses
1812 2594 2259 2672 promittentes
2315 2612 2430 2671 per
2475 2603 2764 2653 nostrum
2835 2611 3114 2654 comune

414 2710 665 2788 Ragusii
729 2718 937 2768 ratum
1000 2719 1065 2767 et
1125 2707 1379 2768 firmum
1443 2707 1712 2766 habituri
1777 2706 2080 2785 quicquid
2144 2706 2292 2765 inde
2353 2705 2658 2766 duxeritis
2728 2706 3115 2767 faciendum.

408 2821 509 2882 De
556 2821 675 2882 hac
720 2832 937 2881 autem
984 2821 1435 2881 commissione
1482 2838 1595 2879 seu
1640 2829 1958 2897 potestate
2002 2829 2149 2880 sunt
2196 2819 2320 2879 due
2367 2829 2538 2878 carte
2585 2819 2838 2893 simil.eS‚
2885 2819 3004 2880 hec
3053 2831 3116 2879 et

412 2935 551 2995 alia.
616 2935 757 2996 Hec
817 2948 1033 2996 autem
1096 2946 1269 2995 carta
1332 2933 1506 2995 nullo
1569 2934 1937 2993 testimonio
1999 2936 2206 3011 rumpi
2267 2935 2484 3011 possit.
2554 2932 2660 2993 Hii
2724 2944 2872 2993 sunt
2927 2943 3124 2994 testes

413 3048 856 3110 Dobroslauus
906 3050 1184 3121 Ranane,
1230 3045 1530 3109 Andreas
1576 3045 1774 3107 Zreue
1820 3056 1882 3106 et
1918 3045 2260 3106 Velcassus
2299 3044 2608 3125 Johannis
2655 3048 2835 3107 iurati
2884 3046 3123 3107 iudices

412 3172 477 3221 et
509 3162 610 3222 alii
642 3161 871 3241 plureS.
904 3161 987 3223 Et
1019 3179 1141 3243 ego
1174 3161 1507 3239 presbyter
1554 3159 1826 3221 Pascalis
1857 3170 1922 3219 et
1953 3162 2245 3219 comunis
2279 3160 2530 3239 Ragusii
2567 3161 2850 3219 notarius
2883 3162 3120 3220 iuratus

412 3296 529 3354 per
559 3275 993 3337 laudationem
1026 3286 1090 3335 et
1122 3292 1507 3335 consensum
1541 3274 2134 3351 prenominatorum
2171 3270 2400 3331 nobilis
2430 3273 2544 3331 uiri
2578 3270 2822 3331 domiui
2853 3271 3120 3351 Philippi

414 3390 669 3449 comitis
716 3390 969 3469 Ragusii
1019 3400 1081 3447 et
1128 3387 1601 3447 consiliatorum
1637 3398 1699 3445 et
1733 3385 2024 3446 comunis
2073 3385 2344 3465 Ragusie
2392 3394 2454 3445 et
2499 3386 2669 3445 curie
2715 3404 2861 3444 cum
2911 3387 3124 3445 sonitu

414 3521 751 3581 campane,
796 3504 1063 3581 scriptor
1108 3520 1248 3561 sum
1298 3512 1360 3560 et
1407 3501 1583 3560 testis
1630 3501 1949 3577 solitoque
1996 3517 2144 3557 meo
2191 3500 2372 3578 signo
2410 3497 2726 3558 roboraui.

597 3619 780 3691 (Szjgn
786 3638 825 3675 u
830 3638 887 3673 m
935 3617 1211 3681 notarii.)

606 3810 905 3883 original
944 3828 983 3865 u
1031 3806 1475 3864 dubrovac‘kom
1524 3804 1765 3871 arkivu,
1816 3806 2011 3861 iznad
2050 3803 2244 3860 teksta
2268 3806 2620 3882 prm-ecana
2656 3804 2843 3859 slava.
2897 3802 3125 3859 Zbirka

418 3935 579 3971 saca
630 3914 811 3971 XIII.

1684 4200 1878 4279 731.

424 4364 625 4440 1262,
674 4364 783 4428 29.
824 4363 1027 4443 juna.
1076 4360 1134 4425 U
1177 4358 1530 4441 Baroliju.

810 4550 1220 4614 Dubrovm'k
1266 4548 1523 4633 kupuje
1568 4548 1793 4611 velz'ku
1841 4548 2074 4610 zalt'lm
2119 4544 2255 4608 soli
2297 4567 2342 4607 u
2394 4544 2736 4627 Barolt'ju.

596 4748 635 4829 ἦ·
685 4746 880 4807 Anno
928 4746 1011 4805 ab
1058 4745 1495 4804 incarnatione
1556 4741 1801 4801 domini
1869 4741 2066 4799 nostri
2122 4736 2269 4817 Jesu
2335 4736 2558 4800 Christi
2624 4734 2962 4795 millesimo
3017 4735 3131 4795 du-

422 4864 775 4923 centesimo
837 4859 1240 4939 sexagesimo
1303 4855 1604 4927 secundO,
1666 4862 1972 4935 regnante
2041 4851 2306 4911 domino
2372 4860 2590 4909 nostro
2639 4848 2979 4909 Mansredo
3027 4848 3128 4908 dei

422 4979 623 5057 gratia
670 4974 1206 5035 excellentissimo
1270 4988 1417 5049 rege
1478 4967 1728 5046 Sycilie‚
1796 4967 1971 5046 regni
2019 4983 2172 5025 uero
2219 4966 2352 5023 eius
2397 4980 2568 5023 anno
2617 4963 2862 5039 quintO,
2909 4980 3132 5031 mense

422 5091 591 5163 iunii,
638 5089 943 5149 uicesimo
992 5104 1168 5145 nono
1201 5083 1303 5143 die
1335 5082 1640 5154 eiusdem,
1686 5079 2049 5140 indictionis
2080 5079 2315 5156 quinte.
2362 5076 2498 5137 Nos
2545 5074 2832 5136 Gaudius
2867 5073 2947 5134 de
2973 5074 3127 5133 Riso

500 5230 656 5273 con.
691 5230 852 5272 mm..
886 5229 947 5271 v.
2961 5196 3040 5258 15
