3797 5795
1793 352 2209 414 —468—

648 542 945 601 ostendit.
1014 539 1279 602 Dudum
1326 541 1658 616 siquidem,
1704 553 1773 602 ut
1821 542 1984 601 inter
2043 542 2371 624 religiosos
2414 541 2745 621 potissime
2789 561 2902 620 per
2945 551 3166 602 nostre
3213 539 3352 600 dili-

646 655 869 735 gencie
914 653 1195 714 studium
1242 654 1658 715 emulacionis
1703 665 1767 714 et
1814 653 2226 716 dissensionis
2287 655 2617 716 tolleretur
2663 655 2914 714 occasio
2960 664 3025 714 et
3071 655 3354 714 caritatis

644 768 969 848 integritas
1032 778 1406 842 seruaretur,
1452 786 1566 847 per
1612 778 1861 829 nostras
1915 768 2054 828 sub·
2093 777 2267 829 certa
2335 767 2540 829 forma
2610 766 2845 828 litteras
2910 765 3342 828 ordinandum

646 880 945 941 duximus
976 891 1039 940 et
1070 879 1419 941 districcius
1457 879 1895 954 inhibendum,
1926 881 2105 960 quod
2151 880 2304 942 nulli
2349 880 2566 942 liceret
2611 899 2696 941 ex
2744 890 2898 940 tunc
2942 879 3022 940 de
3069 879 3337 941 fratrum

644 993 1115 1054 Predicatorum
1184 989 1596 1076 penite[n]cie
1650 993 1799 1073 Jesu
1860 991 2088 1056 Christi
2149 993 2336 1054 beate
2401 991 2603 1054 Marie
2647 993 2730 1054 de
2777 991 3002 1054 Monte
3065 989 3349 1055 Carmeli

644 1106 1093 1167 heremitarum
1138 1107 1339 1166 sancti
1370 1103 1730 1186 Augustini,
1776 1115 1997 1167 sancte
2043 1103 2230 1170 Clare
2275 1107 2540 1185 aliisque
2583 1105 2912 1166 ordinibus
2957 1107 3018 1166 in
3063 1123 3342 1184 pauper-

644 1228 774 1280 tate
820 1220 1097 1279 fundatis
1142 1219 1425 1298 nullique
1469 1220 1805 1281 mulierum
1838 1219 1922 1280 de
1952 1220 2252 1298 predictis
2282 1238 2394 1280 seu
2427 1217 2812 1297 quibuslibet
2844 1217 2976 1278 aliis
3005 1217 3337 1278 ordinibus

642 1331 903 1411 aliquod
958 1333 1433 1406 monasterium,
1493 1333 1824 1393 ecclesiam
1890 1332 1990 1393 uel
2054 1334 2399 1393 oratorium
2451 1331 2746 1393 edificare
2792 1349 2906 1392 seu
2950 1343 3340 1402 construere,

645 1445 793 1505 nulli
863 1463 1121 1524 quoque
1181 1445 1440 1506 seculari
1488 1464 1600 1506 seu
1656 1445 1952 1527 religioso
2013 1448 2467 1521 cuiuscumque
2528 1445 2939 1524 professionis
3000 1443 3337 1504 ecclesiam

644 1558 745 1618 uel
790 1559 1249 1618 monasterium
1294 1577 1407 1618 seu
1451 1560 1799 1619 oratorium
1847 1561 1976 1619 iam
2022 1557 2388 1620 edificatum
2435 1561 2498 1618 in
2545 1557 2823 1637 aliquem
2871 1557 3210 1618 transferre
3258 1555 3342 1616 de

644 1671 970 1731 ordinibus
1046 1672 1415 1731 memoratis
1488 1673 1649 1732 intra
1724 1672 2012 1751 spacium
2086 1681 2516 1732 trecentarum
2590 1688 2940 1732 cannarum
3006 1690 3043 1730 a
3111 1670 3343 1730 uestris

641 1783 918 1844 ecclesiis
964 1783 1551 1858 mensurandamm‚
1595 1803 1709 1863 per
1755 1804 1902 1846 aera
1943 1787 2147 1845 eciam
2195 1785 2298 1845 ubi
2345 1785 2499 1845 alias
2544 1795 2716 1845 recte
2763 1802 2894 1844 non
2939 1784 3334 1860 permitteret

642 1897 759 1957 loci
830 1897 1171 1975 disposicio
1234 1893 1648 1980 me[n]surari.
1716 1896 2100 1970 Statuentes
2167 1908 2237 1958 ut
2305 1897 2612 1976 quicquid
2678 1907 2899 1957 contra
2967 1893 3330 1956 huiusmodi

638 2009 1057 2070 ordinationis
1100 2019 1164 2070 et
1210 2009 1607 2070 inhibicionis
1654 2021 1867 2071 nostre
1929 2021 2220 2072 tenorem
2269 2031 2352 2071 ex
2401 2021 2554 2071 tunc
2601 2009 2968 2071 edificatum
3015 2010 3339 2080 existeret,

638 2121 988 2182 dirueretur
1033 2124 1315 2183 omnino,
1366 2122 1610 2184 Verum
1658 2123 1806 2202 quia
1838 2124 2016 2202 quod
2061 2123 2146 2185 ad
2193 2142 2422 2203 pacem
2469 2134 2744 2184 vestram
2791 2134 2855 2184 et
2898 2121 3338 2201 predictorum

638 2235 901 2296 fratrum
948 2248 1013 2296 et
1058 2235 1355 2296 ordinum
1416 2239 1743 2314 prouisum
1790 2237 1994 2297 suerat
2040 2256 2170 2297 non
2219 2237 2428 2298 solum
2476 2238 2678 2311 uobis,
2723 2245 2818 2298 set
2863 2237 3066 2296 eciam
3129 2234 3345 2295 multis

636 2345 773 2408 aliis
816 2349 923 2427 qui
970 2358 1231 2426 propter
1276 2348 1631 2428 predictum
1677 2349 1981 2410 diffusum
2027 2369 2266 2410 cannas
2310 2352 2598 2429 spacium
2645 2351 2710 2409 in
2759 2348 3122 2410 huiusmodi
3167 2347 3335 2408 ordi-

638 2462 909 2521 nacione
954 2480 1031 2521 ac
1073 2461 1457 2522 inhibicione
1502 2472 1897 2536 contentum,
1946 2464 2124 2541 quasi
2169 2463 2255 2523 ab
2301 2464 2602 2524 omnibus
2641 2464 2844 2524 eciam
2877 2460 3340 2540 sollempnibus

634 2573 995 2634 ciuitatibus
1068 2575 1553 2636 inueniebantur
1636 2575 1911 2648 excludi,
1971 2575 2054 2636 ad
2133 2576 2508 2638 scandalum
2583 2579 2813 2637 cesisse
2887 2577 3342 2654 comperimuS,

630 2686 898 2747 diuersis
942 2697 1279 2766 propterea
1325 2688 1666 2769 litigiorum
1714 2689 1992 2750 materiis
2036 2691 2365 2750 suscitatis
2429 2689 2567 2750 Nos
2611 2708 2801 2769 super
2860 2689 2976 2750 hiis
3023 2708 3170 2750 cum
3216 2689 3336 2748 fra-

626 2799 831 2860 tribus
895 2802 1126 2860 nostris
1193 2800 1662 2862 deliberacione
1728 2801 2061 2880 prehabita
2131 2801 2493 2863 huiusmodi
2555 2804 2842 2881 spacium
2905 2802 2988 2862 de
3051 2803 3334 2881 ipsorum

626 2912 895 2973 fratrum
958 2914 1222 2973 consilio
1283 2918 1747 2996 restringentcS,
1795 2918 2002 2994 ipsum
2049 2916 2135 2976 ad
2181 2927 2442 2977 centum
2489 2930 2550 2977 et
2614 2915 3036 2997 quadraginta
3096 2935 3336 2977 cannas

625 3023 933 3085 duximus
1002 3025 1472 3101 reducendum;
1542 3029 1841 3089 omnibus
1919 3029 2054 3090 aliis
2114 3049 2240 3110 que
2305 3032 2366 3089 in
2431 3032 2753 3108 premissis
2822 3032 3052 3091 nostris
3112 3030 3336 3090 litteris

623 3140 1036 3198 continentur
1105 3140 1165 3199 in
1228 3158 1346 3199 suo
1406 3140 1853 3203 nichilominus
1923 3143 2153 3204 robore
2221 3143 2551 3204 duraturis,
2615 3142 2785 3204 Nulli
2845 3160 3001 3225 ergo
3063 3144 3334 3203 omnino

624 3248 965 3311 hominum
998 3252 1180 3313 liceat
1213 3252 1377 3313 hanc
1408 3254 1709 3334 paginam
1757 3267 1971 3316 nostre
2016 3258 2432 3317 restriccionis
2464 3266 2526 3316 et
2559 3255 2959 3316 reduccionis
2990 3257 3333 3337 infringere

624 3364 731 3424 uel
776 3367 830 3425 ei
879 3382 1035 3424 ausu
1081 3368 1417 3425 temerario
1464 3369 1791 3427 contraire.
1838 3368 1906 3430 Si
1953 3371 2093 3448 quis
2137 3382 2353 3429 autem
2403 3369 2524 3429 hoc
2568 3378 2952 3448 attemptare
2997 3387 3331 3447 presump-

622 3479 791 3549 serit,
836 3476 1348 3558 indignacionem
1395 3481 1853 3558 omnipotentis
1897 3480 2000 3542 dei
2047 3491 2110 3541 et
2156 3482 2490 3541 beatorum
2541 3481 2702 3542 Petri
2749 3492 2815 3542 et
2847 3481 3020 3542 Pauli
3065 3493 3327 3559 aposto-

624 3587 835 3650 lorum
865 3592 998 3650 eius
1026 3608 1095 3649 sc
1127 3592 1372 3650 nouerit
1419 3593 1828 3653 incursurum.
1876 3592 2117 3655 Datum
2151 3594 2419 3655 Vitcrbii
2469 3612 2671 3655 nonas
2701 3595 2870 3667 iunii,
2917 3592 3328 3673 pontificatus

628 3704 825 3762 nostri
874 3720 1045 3762 anno
1092 3714 1337 3781 quarm.

799 3894 865 3951 [ε
898 3896 1205 3971 ῥνῇιφιζςα
1251 3894 1590 3953 kardinala
1654 3898 1920 3956 Komesa
1968 3902 2053 3956 od
2081 3921 2145 3974 g.
2198 3904 2367 3957 1:287.
2423 3904 2515 3958 25.
2561 3901 2828 3959 oktobra.
2897 3902 3181 3959 Izvornik
3217 3914 3334 3979 po-

614 3999 830 4071 tonjeg
887 4000 1187 4075 prijepisa
1251 4020 1290 4056 u
1353 3999 1846 4078 gubernijalnom
1918 4003 2140 4061 arkivu
2203 4026 2244 4061 u
2309 4006 2523 4062 Zadru
2591 4007 2765 4077 (odio
2831 4027 2917 4065 sv.
2989 4006 3334 4065 Dominika

611 4098 709 4157 br.
761 4104 961 4173 2160).

813 4208 1124 4281 Wadding
1165 4208 1324 4266 Ann.
1388 4210 1618 4267 sllinor.
1670 4211 1777 4268 [V.
1830 4216 1966 4267 537.
2019 4247 2103 4254 —-
2153 4212 2461 4271 Sbaralea
2527 4214 2769 4271 Bullar.
2833 4216 3160 4273 Francisc.
3209 4216 3338 4275 III.

600 4310 747 4363 158.
800 4342 883 4353 —
932 4312 1217 4370 Porthast
1258 4316 1409 4388 leeg.
1446 4316 1679 4391 pontif.
1730 4335 1825 4371 no,
1879 4319 2128 4373 20372.
