3797 5795
1801 359 2209 425 —280—

1912 653 2105 735 775.

643 801 844 866 1263.

737 988 1025 1074 Stjepan
1073 989 1298 1052 mladz'
1339 990 1530 1074 kralj
1559 991 1965 1076 potvrdyuje
1999 991 2280 1076 povelju
2330 992 2588 1055 Belinu
2636 993 2831 1055 danu
2882 991 3268 1055 Vukovaru.

819 1179 1186 1259 Stephanus
1253 1181 1352 1242 dei
1421 1185 1623 1262 gratia
1702 1185 1909 1244 iunior
1979 1203 2095 1243 rex
2164 1183 2510 1266 Hungarie‚
2582 1184 2715 1245 dux
2784 1184 3223 1247 Transilvanie
3291 1194 3358 1244 et

643 1293 947 1354 dominus
1017 1291 1452 1356 Cumanorum
1521 1297 1826 1356 universis
1888 1294 2115 1359 Christi
2188 1295 2482 1358 fidelibus
2566 1307 2894 1376 presentes
2962 1297 3201 1360 litteras
3265 1298 3358 1356 in-

611 1408 951 1485 ‚specturis
995 1406 1266 1467 salutem
1297 1409 1359 1467 in
1393 1410 1680 1468 omniurn
1730 1409 2061 1470 salvatore.
2107 1409 2216 1472 Ad
2264 1413 2700 1471 universorum
2734 1412 3027 1471 notitiam
3061 1409 3359 1471 volumus

641 1521 972 1597 pervenire
1016 1523 1404 1598 presentium
1453 1541 1566 1601 per
1609 1533 1921 1597 tenorem,
1981 1523 2161 1600 quod
2202 1521 2588 1583 accedentes
2632 1522 2718 1583 ad
2765 1533 3047 1586 nostram
3096 1541 3357 1602 presen-

643 1634 798 1692 tiam
845 1632 1128 1711 hospites
1174 1635 1235 1693 in
1283 1633 1586 1695 suburbio
1648 1635 1832 1696 castri
1900 1634 2197 1696 Walkow
2257 1647 2735 1696 commorantes
2794 1635 2980 1696 nobis
3040 1635 3360 1696 humiliter

641 1745 1096 1824 supplicarunt,
1142 1757 1209 1806 ut
1256 1747 1651 1829 privilegium
1697 1750 1999 1809 carissimi
2044 1750 2239 1827 patris
2290 1751 2483 1808 nostri
2536 1747 2686 1809 Bele
2730 1749 2982 1809 illustris
3030 1747 3359 1830 Hungarie

641 1861 807 1939 regis
831 1877 1022 1939 super
1045 1859 1534 1921 confirmatione
1559 1861 1865 1922 libertatis
1896 1864 2176 1940 ipsorum
2210 1861 2533 1940 hospitum
2567 1879 2946 1922 concessum
2994 1870 3355 1921 nostrarum

642 1970 1052 2052 dignaremur
1083 1972 1430 2033 litterarum
1462 1975 1819 2052 patrocinio
1860 1973 2256 2048 confirmare,
2303 1975 2480 2035 cuius
2525 1973 2787 2052 quidem
2820 1973 3124 2055 privilegii
3172 1983 3359 2034 tenor

639 2083 785 2144 talis
832 2096 944 2144 est.
1006 2084 1158 2147 Bela
1205 2096 1323 2146 etc.
1386 2085 1647 2163 (Slijedi
1703 2089 1920 2146 listina
1966 2089 2053 2146 od
2095 2091 2143 2146 8.
2189 2091 2360 2164 maja
2408 2091 2581 2146 1244.
2648 2089 2767 2147 Vol.
2814 2087 2947 2157 IV„
2997 2088 3351 2142 227-228.

637 2211 833 2264 ovoga
879 2190 1221 2254 zbornika).

819 2301 956 2362 Nos
1000 2304 1187 2383 igitur
1231 2303 1524 2382 precibus
1570 2304 1923 2364 eorundem
1970 2303 2291 2383 hospitum
2341 2304 2639 2376 inclinati,
2684 2315 2874 2383 prout
2913 2322 3026 2382 per
3070 2301 3353 2362 eundem

631 2417 1032 2475 carissimum
1107 2425 1356 2494 patrem
1435 2427 1723 2477 nostrum
1799 2416 2070 2495 proinde
2133 2427 2347 2477 actum
2426 2417 2685 2490 exstitit,
2755 2425 2963 2476 ratum
3025 2415 3356 2489 habenteS,

633 2525 885 2587 dictum
947 2529 1338 2609 privilegium
1414 2531 1792 2590 auctoritate
1838 2533 2227 2608 presentium
2274 2529 2577 2590 duximus
2624 2527 3143 2589 confirmandum
3190 2527 3353 2606 dup-

631 2637 820 2716 plicis
866 2638 1048 2721 sigilli
1098 2645 1293 2701 nostri
1341 2643 1693 2702 munimine
1737 2642 2131 2703 roborantes
2182 2641 2419 2703 Datum
2467 2660 2641 2701 anno
2674 2641 2915 2700 domini
2966 2637 3355 2704 MCCLXII.

813 2834 1003 2909 Feje'r
1055 2834 1194 2891 Cod.
1242 2835 1388 2911 dipl.
1437 2837 1648 2910 Hung.
1713 2837 1758 2893 l
1763 2838 1822 2896 V.
1871 2839 1925 2894 3.
1980 2839 2072 2894 79.
2118 2838 2253 2914 pod
2298 2837 2593 2912 godinom
2654 2837 2845 2904 1262„
2908 2855 2949 2892 a
2994 2834 3193 2915 drugi
3240 2841 3363 2911 put

627 2935 743 2993 IV.
796 2940 849 2995 3.
895 2941 1226 2997 153--154.
1264 2941 1397 3016 pod
1427 2941 1720 3014 godinom
1769 2943 1947 3001 1263.
2012 2942 2227 3016 Drugi
2257 2950 2381 3018 put
2401 2943 2479 3016 je
2525 2940 2770 3015 uzimlje
2823 2960 2939 2997 >ex
2988 2938 3359 2998 Collectione

625 3039 1016 3117 K'aprinai‹‚
1063 3042 1206 3118 koja
1251 3064 1317 3099 se
1363 3044 1577 3102 nalazt'
1621 3064 1660 3101 u
1707 3050 1906 3103 sveuc‘.
1952 3044 2261 3103 biblioteca·
2305 3066 2345 3103 u
2390 3046 2787 3121 Budimpes'ti
2829 3064 2869 3101 a
2904 3044 3059 3121 prvi
3096 3050 3255 3119 puta
3301 3042 3357 3098 iz

625 3143 1190 3222 Mednyanskijeve
1231 3147 1453 3205 zbirke.
1530 3148 1662 3206 Ova
1707 3169 1774 3205 se
1817 3148 2118 3225 kolekcija
2182 3151 2310 3225 nije
2370 3148 2576 3223 megla
2626 3149 2914 3225 pronac'i,
2969 3148 3240 3223 premda
3282 3166 3357 3202 su

613 3250 1007 3324 pregledani
1048 3252 1148 3307 svi
1188 3252 1347 3327 spisi
1389 3253 1588 3326 istoga
1636 3272 1676 3309 u
1724 3255 1943 3310 narod.
1994 3254 2231 3328 muzaey’u
2282 3273 2320 3311 u
2368 3253 2773 3328 Budimpeffti.
2811 3286 2897 3293 ——
2952 3252 3009 3309 U
3048 3250 3354 3326 diploma-

622 3358 779 3409 taru
851 3353 1484 3429 Mednyanskijevom‚
1554 3359 1645 3411 §to
1697 3376 1785 3430 ga
1849 3375 1935 3412 na
1998 3357 2246 3431 drugim
2294 3356 2600 3432 mjestima
2650 3357 2951 3423 citiram0‚
3015 3373 3203 3411 nema
3250 3372 3359 3410 οῖ’-ἰ’

623 3454 865 3515 listine.
1393 3520 1399 3527 ‚

809 3562 1188 3637 Kukuljevic‘
1229 3564 1376 3637 leeg.
1424 3584 1519 3621 no.
1570 3568 1702 3623 855.

1906 3856 2097 3937 776.

638 4010 837 4076 1263.
886 4010 946 4076 U
991 4009 1343 4093 Zaqrebu.

635 4199 824 4263 Pred
864 4201 1200 4285 kaplolom
1264 4202 1718 4287 zagrebalkim
1783 4203 2087 4288 svjedod‘t
2134 4226 2223 4277 se,
2274 4205 2443 4268 kako
2472 4204 2555 4288 je
2600 4204 2731 4265 ban
2800 4202 3088 4265 Roland
3144 4201 3357 4287 kupt’o

1371 4316 1616 4400 zemlju
1665 4318 1754 4379 od
1795 4323 2071 4400 {upana
2118 4317 2620 4402 zagrebacfkoga.

809 4503 1170 4584 Capitulum
1219 4508 1657 4589 Zagrabiensis
1687 4509 1957 4571 ecclesie
1990 4509 2293 4571 omnibus
2325 4528 2585 4588 presens
2630 4511 2937 4588 scriptum
2984 4512 3363 4587 inspecturis

632 4618 902 4680 salutem
949 4620 1012 4681 in
1059 4618 1341 4681 domino,
1388 4620 1496 4685 Ad
1542 4624 1983 4684 universorum
2032 4624 2336 4683 noticiam
2395 4621 2617 4683 harum
2664 4622 2825 4683 serie
2870 4622 3167 4683 volumus
3212 4640 3359 4701 per-

633 4734 865 4807 venire,
895 4732 1073 4813 quod
1106 4738 1464 4796 constitutis
1494 4738 1557 4795 in
1591 4748 1808 4797 nostra
1839 4738 2169 4815 presencia
2200 4737 2285 4796 ab
2318 4756 2445 4797 una
2478 4747 2659 4814 parte
2692 4736 2834 4814 Isep
2867 4734 2999 4796 filio
3034 4732 3361 4798 Cherneld

633 4856 695 4905 et
744 4846 828 4906 ab
873 4848 992 4907 alia
1041 4846 1342 4908 Ladislao
1404 4850 1641 4910 comite
1694 4848 2098 4931 Zagrabiensi
2148 4852 2285 4910 vice
2332 4864 2397 4910 et
2445 4852 2707 4910 nomine
2770 4849 3015 4910 domini
3080 4846 3358 4909 Rolandi

634 4956 784 5017 bani
830 4962 1035 5020 tocius
1079 4958 1434 5035 Sclavonie‚
1482 4961 1655 5022 idem
1690 4962 1829 5040 Isep
1878 4962 2131 5023 vineam
2164 4980 2347 5023 suam
2397 4980 2527 5041 que
2575 4959 2851 5025 Chernel
2898 4961 3127 5022 dicitur
3171 4962 3360 5021 sitam

635 5088 824 5147 super
870 5070 1278 5150 Belapoksew
1323 5076 1485 5135 inter
1530 5087 1734 5135 metas
1779 5086 1943 5136 terre
1990 5074 2245 5157 Gergeu
2312 5077 2565 5136 emticie
2612 5074 2760 5135 dicti
2812 5075 2957 5133 bani
3008 5074 3357 5135 habentem
