3797 5795
1600 393 1684 400 —
1744 359 2011 424 405—

1713 673 1908 753 878.

455 846 656 925 1266,
702 847 811 911 29.
858 846 1283 913 novembra.
1331 848 1390 914 U
1435 847 1785 932 Zaqrebu.

455 1036 743 1098 Roland
786 1037 915 1099 ban
964 1059 1010 1099 u
1059 1037 1293 1122 raspri
1331 1038 1610 1121 tepuske
1655 1037 1908 1122 opatz‘je
1953 1060 1988 1100 s
2035 1037 2482 1123 Blz'njam'ma
2542 1039 2741 1123 glede
2820 1038 3154 1102 Vz'nodola

722 1171 815 1211 na
866 1147 1082 1233 Kupz',
1133 1149 1503 1235 dosudjuje
1548 1149 1582 1213 z·
1620 1156 1821 1214 vrac‘a
1868 1149 2102 1214 rebenz'
2131 1151 2378 1235 possed
2423 1151 2591 1235 z'stoj
2631 1151 2895 1237 opatz'jz'.

630 1338 993 1419 Capitulum
1029 1342 1291 1403 ecclesie
1322 1342 1755 1424 Zagrabiensis
1804 1343 2103 1404 omnibus
2150 1363 2409 1422 presens
2439 1346 2742 1422 scriptum
2782 1346 3153 1422 inspecturis

452 1454 721 1514 salutem
769 1454 831 1514 in
880 1454 1162 1515 domin0.
1209 1453 1319 1516 Ad
1368 1458 1798 1516 universorum
1848 1458 2150 1518 noticiam
2199 1456 2420 1516 harum
2471 1459 2629 1516 serie
2676 1458 2968 1517 volumus
3013 1477 3152 1536 per-

450 1566 679 1640 venire,
727 1567 900 1644 quod
937 1586 1055 1628 nos
1084 1569 1322 1629 litteras
1367 1569 1610 1629 domini
1658 1569 1934 1630 Rolandi
1981 1568 2128 1630 bani
2161 1570 2364 1630 tocius
2410 1569 2748 1632 Sclauonie
2796 1572 3151 1649 recepimus

452 1681 515 1738 in
570 1677 689 1738 hec
735 1679 957 1740 verba:
1035 1680 1205 1742 Viris
1252 1681 1537 1742 discretis
1580 1683 1799 1742 amicis
1846 1685 1972 1743 suis
2015 1683 2375 1743 reverendis
2422 1683 2702 1762 capitulo
2749 1683 3151 1766 Zagrabiensi

452 1789 831 1872 R(olandus)
869 1794 1070 1853 banus
1102 1797 1306 1854 tocius
1350 1793 1691 1856 Sclauonie
1736 1805 2024 1873 paratam
2074 1796 2426 1856 amiciciam
2480 1815 2626 1855 cum
2675 1795 2934 1856 honore.
2989 1797 3150 1857 Ves-

454 1915 617 1964 tram
646 1907 1019 1982 requirimus
1050 1908 1421 1981 amiciciam,
1466 1919 1783 1986 quatenus
1814 1919 2104 1969 tenorem
2153 1909 2350 1968 nostri
2397 1908 2696 1989 privilegii
2745 1928 2932 1987 super
2979 1909 3148 1969 sacto

454 2029 617 2077 terre
660 2017 964 2078 Winodol
1026 2019 1290 2080 ecclesie
1334 2020 1393 2081 T
1396 2019 1697 2098 oplicensi
1746 2023 2029 2080 concessi
2097 2040 2286 2082 causa
2332 2022 2573 2082 iusticie
2620 2030 2682 2081 et
2732 2032 2944 2082 nostre
2988 2025 3147 2100 peti-

448 2131 647 2192 cionis
696 2133 922 2191 intuitu
984 2143 1191 2192 vestro
1238 2134 1627 2194 confirmetis
1674 2135 2016 2216 privilegiO.
2064 2133 2304 2194 Datum
2353 2135 2415 2193 in
2464 2135 2786 2216 Zagrabia,
2835 2137 2897 2194 in
2943 2135 3146 2214 prima

450 2243 771 2304 dominica
818 2244 1130 2306 adventus
1176 2246 1436 2307 domini.
1502 2247 1897 2328 Privilegium
1947 2257 2160 2308 autem
2212 2248 2403 2325 ipsius
2449 2248 2690 2307 domini
2757 2248 2924 2321 bani,
2971 2251 3146 2308 iuxta

446 2357 627 2433 quod
674 2369 889 2418 nostre
935 2357 1138 2418 littere
1183 2360 1582 2437 petebantur,
1615 2372 1905 2420 tenorem
1953 2360 2314 2420 huiusmodi
2361 2360 2762 2420 continebat:
2814 2360 3147 2421 Rolandus

455 2470 658 2530 banus
705 2473 906 2530 tocius
951 2471 1289 2532 Sclauonie
1349 2472 1646 2532 omnibus
1694 2484 1824 2533 tam
1872 2474 2271 2551 presentibus
2339 2491 2532 2550 quam
2599 2474 2820 2533 suturis
2881 2493 3144 2552 presens

446 2585 751 2661 scriptum
801 2585 1171 2662 inspecturis
1232 2587 1500 2646 salutem
1550 2588 1610 2644 in
1659 2605 1809 2644 vero
1857 2586 2127 2645 salutari.
2197 2584 2306 2645 Ad
2355 2589 2786 2645 universorum
2838 2586 3140 2646 noticiam

446 2695 667 2756 harum
722 2699 879 2758 serie
930 2698 1223 2758 volumus
1266 2700 1593 2776 pervenire
1641 2699 1817 2776 quod
1865 2717 2010 2758 cum
2058 2700 2221 2759 inter
2267 2697 2820 2777 Gurk,Jacobum,
2862 2697 3144 2776 Mathay,

442 2803 813 2890 Georgium,
860 2811 983 2890 Isip
1030 2821 1094 2871 et
1142 2809 1319 2870 Iwnk
1364 2829 1439 2870 ac
1484 2811 1641 2870 alios
1688 2813 2014 2871 universos
2083 2811 2434 2888 Blynenses
2480 2812 2562 2870 ab
2609 2830 2734 2871 una
2779 2823 2976 2890 parte,
3021 2811 3144 2871 cel-

446 2923 740 2983 lerarium
774 2924 833 2985 T
836 2924 1223 3003 oplicensem
1258 2934 1321 2984 et
1356 2924 1529 2985 Huet
1576 2926 1880 2985 comitem
1929 2924 2216 2985 eiusdem
2263 2925 2527 2985 ecclesie
2559 2944 2747 3003 super
2778 2924 2947 2984 facto
2981 2935 3141 2985 terre

448 3034 731 3097 Vinodol
800 3047 863 3096 et
930 3039 1127 3097 vineis
1195 3039 1258 3097 in
1328 3038 1555 3118 eadem
1626 3050 1789 3097 terra
1859 3038 2278 3098 existentibus
2339 3039 2601 3098 materia
2661 3039 3008 3117 questionis
3069 3048 3130 3097 et

442 3148 827 3227 disceptacio
874 3150 1119 3211 diucius
1163 3151 1426 3210 fuissent
1472 3151 1789 3220 ventilato,
1836 3170 2052 3211 coram
2089 3152 2274 3210 nobis
2307 3163 2370 3211 et
2401 3154 2685 3231 parcium
2732 3153 3132 3211 contencioni

442 3262 634 3323 finem
686 3262 971 3323 debitum
1021 3274 1083 3323 et
1130 3264 1457 3323 silencium
1504 3265 1835 3342 imponere
1880 3264 2298 3325 voluissemus
2366 3276 2747 3343 perpetuum
2794 3263 3136 3324 iudicando

440 3387 502 3437 et
551 3377 973 3437 discernendo
1035 3379 1318 3455 parcium
1382 3376 1710 3437 voluntate
1771 3380 1832 3437 in
1897 3376 2067 3437 hunc
2115 3378 2413 3438 modum:
2464 3377 2640 3455 quod
2685 3382 2732 3437 si
2783 3378 3136 3437 cellerarius

440 3500 504 3549 et
550 3509 769 3550 comes
832 3490 1005 3550 Huet
1066 3492 1393 3568 prescripti
1455 3491 1515 3549 in
1567 3488 1741 3551 Gora
1788 3508 2006 3551 coram
2054 3501 2430 3569 preceptore
2499 3490 2780 3551 eiusdem
2831 3490 2952 3550 loci
2999 3509 3132 3568 pre-

442 3614 681 3663 starent
726 3614 1194 3663 sacramentum
1226 3622 1413 3681 super
1445 3622 1542 3677 e0,
1576 3603 1885 3682 quidquid
1937 3604 2299 3681 incipiendo
2331 3624 2367 3662 a
2399 3601 2900 3683 Damasingeren
2935 3621 3134 3679 usque

439 3716 524 3776 ad
569 3717 875 3776 terminos
921 3715 1025 3776 filii
1073 3715 1417 3793 Stepkonis
1464 3726 1666 3775 metas
1714 3727 1777 3775 et
1823 3718 2131 3776 terminos
2177 3718 2368 3793 ipsius
2414 3730 2577 3775 terre
2611 3715 2918 3793 Vynodol
2969 3716 3132 3773 iusto

439 3829 637 3890 modo
700 3828 1166 3889 reambularent
1214 3840 1276 3888 et
1324 3828 1753 3901 ostenderent,
1800 3848 1919 3889 nec
1966 3828 2202 3905 aliquid
2250 3838 2430 3888 extra
2494 3840 2696 3888 rectas
2743 3838 2944 3887 metas
2991 3846 3132 3904 pro-

436 3942 664 4003 cedere
708 3951 1146 4021 presumerent
1192 3951 1257 4001 et
1300 3941 1655 4001 secundum
1718 3941 1893 4019 quod
1967 3946 2229 4020 prestito
2275 3952 2675 4003 sacramento
2723 3942 3130 4001 ostenderent

434 4074 545 4114 seu
598 4058 1007 4136 assignarent,
1052 4054 1242 4114 iidem
1279 4055 1627 4132 Blynenses
1674 4055 1980 4115 deberent
2027 4050 2406 4116 tolerare’et
2454 4055 2878 4130 relinquerent
2926 4057 3126 4133 ipsam

438 4182 667 4229 terram
736 4168 999 4229 ecclesie
1060 4167 1357 4247 predicte,
1420 4170 1577 4227 sicut
1631 4168 1823 4227 iidem
1872 4168 2227 4229 cellerarius
2272 4178 2334 4227 et
2384 4168 2557 4227 Huet
2604 4186 2821 4227 comes
2867 4169 3129 4244 prestito

433 4292 833 4343 sacramento
880 4282 1269 4361 assignarent
1332 4299 1549 4340 coram
1611 4280 1917 4358 pristaldo
1965 4292 2184 4341 nostro
2232 4291 2294 4342 ct
2341 4282 2707 4341 testimonio
2754 4278 3127 4339 eorundum.

434 4394 839 4456 Adveniente
886 4396 1098 4473 itaque
1143 4395 1281 4471 ipso
1331 4395 1601 4453 termino
1650 4393 1839 4452 iidem
1912 4394 2266 4454 cellerarius
2312 4405 2374 4453 et
2421 4411 2640 4453 comes
2687 4392 2861 4452 Huet
2909 4391 3127 4469 presti-

434 4520 641 4568 terunt
690 4516 1177 4577 sacramentum,
1210 4517 1279 4566 ut
1310 4506 1649 4579 debebant,
1683 4508 1859 4566 iuxta
1907 4507 2178 4566 sormam
2213 4517 2632 4584 prenotatam.
2683 4504 2880 4565 Iidem
2915 4507 3127 4581 itaque

434 4620 782 4698 Blynenses
828 4622 1029 4699 ipsam
1077 4631 1307 4679 terram
1360 4619 1669 4696 Vynoclol
1716 4619 1998 4696 predicte
2041 4619 2302 4679 ecclesie
2335 4619 2721 4697 reliquerunt
2753 4617 3014 4695 pacifice
3062 4627 3123 4677 et

433 4734 919 4795 irrevocabiliter
950 4735 1085 4792 sine
1116 4732 1375 4791 alicuius
1406 4731 1920 4791 contradiccione
1969 4744 2278 4810 perpetuo
2327 4730 2780 4809 possidendam
2827 4728 3124 4807 Wlkoay,

433 4846 714 4926 Stephco
761 4858 825 4907 et
872 4846 1060 4919 Iwan,
1120 4844 1259 4904 filiis
1310 4842 1462 4903 wll<
1508 4862 1890 4904 consensum
1953 4844 2364 4921 prebentibus
2426 4842 2765 4914 liberalem,
2826 4853 3016 4921 prout
3061 4844 3122 4901 in

428 4961 646 5021 litteris
692 4959 976 5020 eiusdem
1023 4956 1565 5018 commendatoris
1612 4957 1796 5016 nobis
1844 4959 2116 5017 innotuit
2163 4957 2516 5031 evidenter;
2585 4955 2864 5016 similiter
2910 4957 3123 5015 vineas

433 5094 623 5152 super
668 5073 894 5133 eadem
945 5083 1107 5131 terra
1155 5072 1516 5141 existentes,
1562 5071 1721 5129 sicut
1766 5090 1985 5129 comes
2021 5068 2281 5131 Herenk
2329 5088 2520 5147 quem
2555 5068 2792 5129 adhoc
2838 5070 3116 5145 parcium
