3797 5795
1948 361 2272 424 „tm-

743 571 959 612 uersus
1005 555 1317 612 orientem
1364 553 1449 612 ad
1496 552 1689 612 alium
1738 553 2008 613 riuulum
2059 570 2276 612 uersus
2321 551 2650 612 meridiem
2682 551 2766 611 ad
2799 563 3037 612 metam
3071 553 3187 611 sub
3219 552 3437 611 arbore

742 666 919 726 narfa
966 677 1029 725 et
1078 661 1225 726 inde
1271 668 1393 725 itur
1438 665 1521 726 ad
1570 684 1873 747 magnam
1921 668 2099 726 uiam
2147 665 2440 726 diuidens
2487 677 2718 726 terram
2753 684 2896 725 cum
2930 667 3168 724 comite
3197 662 3438 726 Gardas

741 791 803 838 et
850 781 1100 839 uenitur
1145 779 1229 838 ad
1262 791 1497 840 metam
1533 779 1653 839 sub
1685 780 1916 839 arbore
1948 778 2122 852 tulfa,
2156 799 2240 839 ex
2273 779 2390 838 hac
2423 777 2753 838 descendit
2784 779 2845 837 in
2877 778 3108 838 uallem
3144 795 3436 860 magnam

740 909 957 952 uersus
1004 893 1331 952 meridiem
1380 903 1443 952 et
1489 893 1621 952 exit
1670 912 1783 971 per
1831 911 2136 972 campum
2182 893 2265 953 ad
2313 903 2551 952 metam
2599 903 2886 962 terream,
2931 890 3083 950 inde
3115 889 3438 951 descendit

738 1025 851 1084 per
894 1007 1153 1066 arbores
1200 1024 1385 1066 cruce
1430 1007 1710 1086 signatas
1755 1005 1839 1066 ad
1898 1017 2139 1066 metam
2185 1005 2304 1065 sub
2350 1005 2579 1065 arbore
2639 1002 2929 1085 gyrtanfa
2975 1015 3038 1063 et
3087 1022 3168 1062 ex
3215 1003 3332 1063 hac
3377 1007 3432 1064 in

740 1117 965 1178 siluam
1012 1137 1313 1200 magnam
1359 1129 1421 1178 et
1468 1137 1908 1192 communem,
1982 1120 2195 1198 ibique
2241 1120 2630 1178 terminatur.
2699 1116 2836 1177 Nos
2897 1118 3082 1198 igitur
3141 1117 3206 1176 id
3265 1117 3436 1195 quod

739 1233 865 1289 iam
910 1250 1023 1309 per
1070 1230 1311 1291 dictum
1360 1235 1733 1311 magistrum
1780 1229 1969 1293 Chae
2015 1231 2284 1311 prouide
2331 1231 2568 1291 sactum
2616 1241 2729 1304 est,
2791 1231 2936 1308 ipsis
2983 1228 3257 1302 'l'home‚
3317 1229 3436 1290 De-

740 1343 971 1404 siderio
1018 1355 1083 1404 et
1120 1343 1460 1422 Ysumpnit
1506 1357 1817 1422 perpetuo
1873 1344 2174 1405 duximus
2219 1343 2751 1405 confirmandum.
2797 1343 2889 1404 Vt
2921 1345 3107 1422 igitur
3137 1345 3438 1420 premissa

740 1457 933 1516 robur
978 1459 1307 1539 optineant
1354 1467 1661 1535 perpetue
1716 1457 2048 1531 firmitatiS,
2110 1457 2345 1518 litteras
2392 1469 2640 1517 nostras
2685 1458 3115 1516 concessimus
3175 1455 3438 1533 duplicis

740 1568 920 1650 sigilli
969 1572 1160 1629 nostri
1213 1573 1563 1631 munimine
1610 1571 1958 1631 roboratas
2013 1571 2252 1631 Datum
2301 1589 2414 1648 per
2461 1587 2687 1629 manus
2749 1569 3026 1649 magistri
3092 1566 3438 1648 Smaragdi,

740 1679 1041 1742 Albensis
1102 1685 1422 1761 prepositi,
1497 1685 1639 1744 aule
1706 1695 1922 1744 nostre
1991 1683 2512 1756 uicecancellarii,
2582 1682 2790 1742 dilecti
2855 1691 2918 1741 et
2966 1681 3169 1741 fidelis
3229 1682 3438 1749 nostri,

738 1813 913 1854 anno
986 1794 1225 1855 domini
1306 1794 1698 1868 MCCLVII,
1774 1798 1999 1874 quinto
2069 1795 2376 1856 kalendas
2435 1795 2663 1873 aprilis,
2732 1797 2903 1875 regni
2966 1805 3182 1854 autem
3245 1795 3434 1853 nostri

742 1925 913 1966 anno
962 1910 1263 1968 uicesimo
1310 1909 1613 1969 secundo.

925 2101 1220 2174 Oreginal
1260 2121 1299 2157 u
1346 2101 1858 2176 nadbiskupskom
1913 2101 2135 2158 arkivu
2183 2101 2648 2174 l'rivilegialia.
2697 2101 2892 2156 l’e’ffat
2934 2109 3128 2176 otpaO,
3176 2120 3216 2156 a
3239 2101 3440 2156 zelena

738 2209 879 2260 §ula
926 2205 1166 2261 sve’lena
1212 2225 1401 2261 vrvca
1449 2206 1668 2262 ostala.

926 2309 979 2364 Τ
970 2308 1175 2366 kalc‘ic‘
1214 2311 1487 2367 silanum.
1538 2311 1715 2385 episc.
1766 2312 1948 2383 Zagr.
2003 2313 2050 2367 l.
2102 2315 2414 2366 115—116.
2463 2346 2546 2351 —
2615 2311 2858 2368 li'enzel
2907 2311 3047 2367 Cod.
3099 2309 3249 2385 dipl.
3297 2309 3438 2382 Arp.

744 2413 851 2468 xl.
906 2416 1102 2466 4372-
1142 2417 1276 2470 438.
1330 2449 1396 2453 ——
1464 2415 1834 2489 lwekuljcw'c'
1876 2418 2028 2489 Regu
2078 2416 2164 2471 br.
2225 2417 2363 2473 733.

2001 2705 2196 2785 583.

744 2867 944 2950 1257,
992 2871 1103 2936 30.
1150 2873 1413 2937 marta.

744 3059 915 3121 Bela
984 3060 1172 3144 kralj
1234 3062 1523 3146 ugarskz'
1580 3062 1613 3124 ι’
1681 3062 2003 3125 hrvatskz'
2062 3064 2220 3147 daje
2289 3062 2390 3125 iza
2454 3062 2726 3147 prevale
2786 3062 3086 3124 tatarske
3145 3060 3451 3145 ogleclalt'

1515 3197 1647 3237 :em
1655 3175 1745 3259 {je
1790 3197 1836 3237 u
1884 3174 2210 3260 aupam'jz'
2237 3174 2688 3261 gares‘nz'bkoj.

914 3364 1062 3425 Bela
1109 3365 1209 3425 dei
1258 3368 1466 3447 gracia
1522 3366 1870 3447 Hungarie,
1917 3366 2266 3441 Dalmacie,
2314 3366 2595 3444 Croacie,
2643 3370 2862 3437 Rame,
2895 3368 3127 3441 Servie‚
3160 3366 3442 3430 Gallicie.

738 3476 1147 3550 Lodomerie,
1196 3477 1633 3559 Cumaniequc
1681 3500 1794 3539 rex
1864 3483 2170 3542 universis
2225 3500 2486 3559 presens
2549 3485 2849 3561 scriptum
2913 3483 3286 3559 inspecturis
3343 3500 3442 3541 sa—

736 3588 937 3650 lutem
1006 3594 1069 3651 in
1139 3595 1425 3652 omnium
1496 3592 1825 3653 salvatore.
1900 3593 2112 3655 Officii
2183 3597 2377 3655 nostri
2448 3595 2736 3655 debitum
2797 3594 3094 3655 remediis
3161 3593 3442 3674 invigilat

735 3702 1191 3779 subiectorum,
1244 3708 1389 3785 quia
1438 3706 1592 3766 dum
1641 3726 1867 3766 eorum
1936 3710 2292 3768 excutimus
2353 3708 2610 3782 honera,
2669 3708 2824 3769 dum
2887 3708 3186 3767 scandala
3235 3726 3444 3767 remo-

736 3835 977 3891 vemuS,
1024 3837 1142 3878 nos
1188 3822 1249 3879 in
1296 3821 1575 3897 ipsorum
1626 3822 1838 3897 quiete
1883 3822 2264 3898 quiescimus
2309 3832 2372 3881 et
2403 3822 2578 3900 pacis
2630 3839 2852 3881 eorum
2899 3820 3252 3880 commodo
3297 3837 3436 3900 gra-

737 3926 1030 3991 tulamur.
1082 3930 1353 3991 Proinde
1399 3932 1481 3991 ad
1532 3935 1970 3994 universorum
2021 3937 2322 3995 noticiam
2369 3934 2664 3994 volumus
2694 3936 3038 4012 pervenire,
3084 3932 3261 4010 quod
3292 3951 3440 3992 cum

737 4054 885 4116 post
931 4062 1249 4103 recessum
1296 4044 1708 4106 Tartarorum
1756 4046 1841 4106 ad
1889 4046 2207 4124 quoslibet
2251 4049 2592 4107 comitatus
2637 4066 2755 4125 pro
2787 4046 3160 4107 revocandis
3207 4046 3442 4105 iuribus

738 4157 923 4214 castri
984 4155 1266 4217 indebite
1329 4162 1655 4237 occupatis
1722 4160 2008 4219 diversos
2069 4160 2308 4220 iudices
2378 4161 2781 4233 misissemus,
2853 4161 3014 4219 inter
3080 4171 3290 4219 cetera
3357 4158 3441 4217 ad

735 4272 1117 4330 comitatum
1162 4270 1245 4330 de
1294 4269 1703 4332 Guersencha
1774 4271 2030 4331 fidelem
2091 4283 2378 4332 nostrum
2443 4275 2812 4354 magistrum
2863 4270 3044 4334 Chak
3099 4272 3440 4353 ensiferum

735 4378 1044 4444 duximus
1089 4384 1668 4458 transmittendum,
1717 4383 1944 4444 dantes
2004 4385 2121 4444 sibi
2184 4387 2247 4445 in
2309 4385 2642 4460 mandatiS,
2707 4397 2775 4446 ut
2821 4397 2884 4445 et
2945 4397 3142 4445 terras
3201 4403 3279 4444 ac
3321 4383 3444 4443 alia

735 4491 871 4554 iura
940 4496 1202 4576 predicti
1272 4500 1457 4557 castri
1522 4496 1804 4557 indebite
1878 4508 2194 4577 occupata
2260 4508 2586 4559 revocaret
2652 4508 2715 4558 et
2783 4498 3195 4579 iobagionum
3257 4499 3442 4557 castri

735 4613 951 4683 terras,
996 4628 1184 4687 super
1230 4611 1460 4687 quibus
1506 4628 1635 4670 non
1701 4620 1796 4670 est
1842 4612 2184 4671 contencio
2230 4620 2295 4671 et
2353 4629 2512 4688 quas
2557 4631 2596 4670 a
2641 4622 2847 4672 castro
2912 4610 3218 4671 hactenus
3275 4612 3443 4689 paci-

738 4712 858 4777 fice
906 4732 1260 4793 tenuerunt,
1304 4743 1341 4783 a
1390 4724 1567 4783 terris
1632 4724 2050 4783 castrensium
2115 4722 2543 4784 reambularet
2589 4734 2652 4784 et
2697 4724 2936 4785 eisdem
3001 4723 3446 4805 iobagionibus

736 4836 923 4893 castri
992 4833 1392 4913 relinqueret,
1467 4854 1666 4895 novas
1728 4846 1935 4895 metas
2004 4838 2182 4897 iuxta
2244 4846 2489 4896 veteres
2547 4836 2876 4911 elevandO,
2945 4857 3025 4898 ne
3087 4837 3169 4898 de
3230 4847 3444 4898 cetero

738 4950 991 5019 questio
1039 4950 1277 5007 moveri
1325 4949 1522 5026 possit
1584 4948 1985 5027 aliquatenus
2031 4948 2114 5009 de
2159 4948 2421 5009 eisdem.
2487 4949 2679 5031 Igitur
2722 4953 2882 5011 sicut
2927 4952 3098 5012 idem
3147 4952 3444 5035 magister

742 5051 923 5119 Cliak
968 5070 1111 5138 post
1160 5061 1279 5121 hec
1323 5061 1408 5121 ad
1456 5080 1573 5121 nos
1619 5060 1870 5121 rediens
1917 5061 2126 5122 retulit
2173 5072 2410 5122 terram
2459 5061 2648 5144 Lipig
2707 5074 3160 5144 nuncupatam,
3206 5068 3442 5127 invenit
