3797 5795
1857 396 2231 459 -73-

687 587 900 650 Miche
967 585 1131 669 Gige
1199 589 1467 662 comitiS,
1513 589 1688 648 iurati
1739 589 1985 660 notarii,
2048 605 2196 647 cum
2258 589 2443 669 signo
2504 586 2793 648 eiusdem
2855 597 3131 656 assuetO,
3204 605 3399 666 quam

686 711 1050 780 presentem
1095 702 1396 782 paginam
1447 710 1662 761 nostre
1707 701 2118 761 comunitatis
2163 699 2368 781 sigillo
2415 701 2681 761 fecimus
2726 700 3059 761 comuniri.

874 877 1174 950 Orzginal
1213 896 1252 933 u
1299 896 1347 934 c.
1392 874 1483 932 kr.
1535 877 1765 951 tajnom
1812 874 2036 932 arkivu
2085 896 2125 933 u
2174 877 2355 932 Bec'u.
2410 909 2485 916 -—
2536 876 2811 951 Prijepis
2857 895 2897 932 n
2944 875 3395 932 dubrovac'kom

691 980 938 1039 arkivu.
987 980 1220 1038 Zbirka
1267 999 1428 1038 saec,
1477 980 1658 1038 XIII.

865 1085 1096 1160 Ljubic‘
1131 1085 1374 1142 Listine
1421 1085 1473 1142 J.
1525 1087 1621 1142 89.
1673 1117 1756 1126 -—·-
1801 1083 2182 1159 Kukuljcw'c‘
2220 1085 2373 1158 Reg.
2422 1083 2510 1140 br.
2568 1087 2707 1142 740.

1952 1477 2143 1556 595.

699 1585 900 1651 1257.
947 1584 1007 1650 U
1052 1580 1408 1666 Zaqrebu.

897 1756 1161 1842 Kaptol
1198 1755 1582 1842 zagrebac'kz
1630 1755 1952 1842 uredjuje
1996 1755 2228 1839 zemlje
2274 1777 2322 1818 u
2368 1754 2765 1818 Moslavini
2804 1754 2967 1839 kray'
3006 1755 3201 1818 Save.

871 1947 1235 2028 Capitulum
1283 1948 1720 2030 Zagrabiensis
1750 1948 2014 2009 ecclesie
2058 1950 2360 2009 omnibus
2404 1965 2666 2027 presens
2696 1950 3001 2026 scriptum
3034 1950 3409 2026 inspecturis

695 2062 966 2124 salutem
1034 2063 1098 2122 in
1166 2060 1451 2121 domino,
1521 2059 1630 2122 Ad
1698 2063 2134 2122 universorum
2205 2062 2507 2121 noticiam
2578 2060 2802 2120 harum
2878 2061 3037 2120 serie
3111 2060 3409 2120 volumus

697 2176 1042 2255 pervenire,
1103 2173 1283 2254 quod
1327 2175 1687 2234 constitutis
1731 2175 1792 2233 in
1843 2183 2059 2235 nostra
2104 2175 2434 2252 presencia
2479 2175 2563 2234 ab
2610 2192 2734 2234 una
2783 2185 2964 2252 parte
3014 2172 3232 2234 Kenez
3278 2172 3409 2233 filio

699 2287 976 2362 Andree‚
1035 2307 1154 2367 pro
1201 2307 1268 2348 se
1314 2297 1378 2347 et
1438 2287 1628 2347 fratre
1688 2305 1805 2347 suo
1878 2286 2193 2347 Nicholao
2250 2297 2316 2347 et
2384 2288 2467 2346 ab
2528 2287 2725 2347 altera
2774 2287 3015 2347 Petone
3076 2285 3411 2346 sacerdote

699 2420 818 2481 pro
885 2400 1228 2479 nepotibus
1289 2399 1543 2462 'rhome
1609 2399 1778 2474 bani,
1837 2399 2076 2460 scilicet
2138 2399 2279 2460 filiis
2338 2399 2611 2474 Thome‚
2678 2397 2937 2460 Thoma
3003 2398 3298 2460 videlicet
3344 2408 3409 2458 et

701 2512 1032 2593 Stephano
1098 2522 1163 2573 et
1222 2515 1358 2572 viro
1424 2514 1688 2572 nomine
1755 2511 1991 2573 Mohor
2056 2531 2177 2592 pro
2246 2513 2435 2573 Petro
2500 2511 2633 2574 filio
2702 2512 2885 2572 Petri.
2946 2511 3128 2572 Idem
3191 2510 3412 2572 Kenez

699 2625 1028 2687 confessus
1071 2635 1186 2698 est,
1227 2643 1298 2686 se
1342 2635 1406 2686 et
1451 2625 1708 2686 fratrem
1753 2643 1941 2686 suum
1988 2625 2385 2686 antedictum
2448 2625 2508 2686 N
2510 2625 2831 2686 icholaum
2892 2634 3127 2684 terram
3183 2641 3411 2684 eorum

702 2741 963 2800 nomine
1009 2737 1336 2799 Mat-ichna
1402 2739 1588 2798 sitam
1649 2756 1733 2797 ex
1792 2747 1974 2816 parte
2043 2737 2387 2799 Monozlau
2454 2740 2633 2798 iuxta
2694 2737 2977 2799 Zauuam
3046 2735 3411 2797 vendidisse

702 2851 842 2913 filiis
883 2851 1139 2914 Thome
1184 2862 1248 2912 et
1293 2849 1422 2911 filio
1457 2851 1622 2912 Petri
1665 2851 2019 2930 prenotatis
2063 2859 2377 2931 perpetuo
2422 2850 2879 2931 possidendam
2927 2869 3045 2930 pro
3093 2850 3407 2929 quinqua-

699 2967 876 3047 ginta
909 2966 1152 3037 marcis,
1196 2982 1356 3043 quas
1399 2963 1572 3024 idem
1620 2962 1840 3025 Kenez
1882 2982 1953 3025 se
1998 2973 2063 3025 et
2108 2963 2365 3025 fratrem
2410 2981 2595 3024 suum
2645 2962 3025 3025 Nicholaum
3064 2964 3327 3024 asseruit
3372 2983 3411 3022 a

700 3078 1000 3158 predictis
1043 3077 1441 3156 emptoribus
1484 3077 1766 3156 plenarie
1811 3079 2144 3155 recepisse.
2195 3075 2360 3140 Cum
2406 3086 2623 3138 autem
2669 3076 2753 3137 de
2798 3076 3097 3137 absencia
3142 3074 3410 3155 predicti

703 3190 1018 3269 Nicholay
1062 3189 1262 3251 dubio
1307 3198 1732 3270 tangeremur,
1777 3192 1913 3268 ipse
1961 3189 2180 3251 Kenez
2225 3210 2342 3269 pro
2387 3188 2724 3250 sufficienti
2795 3188 3043 3249 cautela
3087 3207 3155 3249 se
3201 3189 3413 3248 taliter

703 3303 1024 3384 obligavit,
1047 3302 1225 3383 quod
1249 3304 1298 3363 si
1322 3302 1644 3382 predictus
1675 3302 1866 3363 frater
1896 3321 2048 3363 suus
2073 3301 2131 3363 N
2137 3303 2375 3364 icolaus
2406 3302 2490 3363 de
2520 3301 2899 3363 vendicione
2930 3299 3097 3362 sacta
3126 3300 3411 3380 aliquam

703 3417 938 3478 faceret
985 3418 1416 3495 quescionem,
1461 3427 1568 3477 aut
1614 3414 1888 3476 eandem
1931 3416 2331 3494 aliquatenus
2378 3417 2661 3487 irritaret,
2725 3413 3087 3495 sepedictus
3142 3460 3406 3475 .....

703 3529 786 3590 de
832 3540 996 3591 terra
1041 3547 1155 3590 sua
1201 3530 1263 3589 in
1312 3528 1656 3589 Monoslou
1701 3528 2063 3601 constituta,
2124 3528 2594 3607 equivalentem
2654 3538 2889 3589 terram
2936 3538 3101 3587 terre
3148 3525 3409 3587 vendite

702 3641 866 3703 filius
910 3640 1166 3704 Thome
1225 3651 1287 3701 et
1351 3640 1481 3701 filio
1529 3641 1690 3701 Petri
1758 3639 1993 3702 eodem
2040 3642 2173 3701 iure
2233 3641 2669 3719 perpetuitatis
2729 3651 3006 3701 statuere
3052 3648 3411 3700 teneantur.

707 3754 778 3815 ln
847 3756 1022 3816 cuius
1067 3756 1154 3815 rei
1204 3755 1579 3815 memoriam
1641 3764 1972 3833 presentes
2032 3753 2243 3815 literas
2288 3752 2371 3813 ad
2418 3754 2794 3814 instanciam
2850 3754 3138 3831 parcium
3184 3761 3417 3812 contu-

703 3868 890 3929 limus
949 3867 1128 3949 sigilli
1191 3867 1386 3928 nostri
1450 3867 1803 3927 munimine
1863 3866 2198 3927 roboratas
2258 3876 2323 3926 et
2367 3865 2712 3945 alphabeto
2775 3864 2991 3926 medio
3056 3847 3407 3943 bipartitaS.
3460 3848 3467 3857 ⁵

703 3980 945 4043 Datum
991 3998 1106 4059 per
1151 3998 1378 4040 manus
1423 3980 1700 4061 magistri
1763 3978 2090 4040 Michaelis
2157 3979 2408 4041 lectoris
2467 3978 2733 4040 ecclesie
2795 3986 3027 4051 nostre,
3087 3995 3261 4038 anno
3324 3977 3407 4036 ab

703 4094 1150 4154 incarnacione
1194 4091 1438 4152 domini
1486 4090 1822 4152 millesimo
1868 4091 2312 4153 ducentesimo
2359 4092 2890 4174 quinquagesimo
2934 4092 3231 4169 septimo,

890 4285 1187 4359 Orzginal
1226 4305 1266 4341 u
1313 4283 1535 4341 arkivu
1599 4282 1836 4359 obz'telji
1877 4286 2137 4361 grofova
2168 4256 2477 4356 ‘Erdb'clya
2537 4303 2577 4341 u
2646 4284 2970 4357 Glogovcu.
3038 4283 3148 4340 Na
3212 4279 3417 4342 listina·

705 4389 832 4447 ima
881 4398 1025 4463 trag
1065 4390 1370 4447 vtlrec'emu
1407 4394 1654 4465 pedatu.

890 4493 1035 4552 Cod.
1083 4493 1231 4571 dipl.
1277 4492 1524 4568 patrius
1583 4491 1713 4550 Vll.
1766 4495 1801 4547 7
1807 4496 1860 4550 ῦ.
1910 4512 2007 4551 no,
2060 4495 2156 4547 57.
2204 4525 2289 4535 —-
2334 4490 2704 4567 Kukuljevic
2748 4493 2899 4565 lt'eg.
2946 4510 3041 4548 ne.
3102 4494 3229 4548 741.
