3797 5795
407 846 604 926 1257,
649 849 716 913 4.
763 847 1027 911 marta.

411 1036 582 1098 Bela
615 1037 804 1121 kralj
831 1035 1122 1121 ugarskt'
1139 1035 1174 1098 ι’
1189 1035 1506 1100 hrvatski
1524 1037 1921 1122 potvrdjuje
1954 1037 2289 1123 magistra
2344 1039 2407 1100 T
2401 1037 2696 1123 iburcq'ju
2737 1061 2812 1101 aa
2844 1041 3113 1124 zasluge

683 1151 960 1236 njegove
1005 1148 1040 1211 i
1079 1149 1356 1235 njegove
1400 1149 1588 1213 brabe
1631 1149 1861 1234 zemlje
1908 1172 1956 1212 u
2002 1151 2325 1236 iupam'yz'
2354 1151 2808 1237 gareffim'c'koj.

581 1343 732 1406 Bela
764 1343 868 1406 dei
911 1345 1120 1425 gracia
1169 1343 1512 1424 Hungarie‚
1558 1342 1907 1416 Dalmacie,
1956 1341 2237 1417 Croacie,
2284 1343 2507 1418 Kame,
2550 1343 2785 1418 Set-vie,
2830 1343 3113 1413 Gallicie„

411 1457 820 1529 Lodomerie,
881 1454 1322 1534 Cumanieque
1366 1475 1482 1516 rex
1545 1457 1844 1517 universis
1912 1466 2239 1534 presentes
2303 1456 2538 1518 litteras
2600 1459 2973 1536 inspecturis
3017 1477 3113 1519 sa-

408 1570 606 1631 lutem
651 1573 714 1630 in
762 1588 842 1630 eo
902 1572 1011 1649 qui
1057 1581 1153 1630 est
1197 1569 1366 1630 salus
1428 1571 1735 1630 omnium.
1805 1569 2005 1651 Regie
2052 1571 2352 1630 convenit
2400 1572 2729 1646 maiestati,
2776 1583 2843 1631 ut
2888 1573 2953 1632 in
3000 1591 3113 1633 eos

407 1681 850 1744 munificencie
879 1701 992 1744 sue
1023 1683 1194 1743 dona
1241 1682 1595 1761 specialiter
1637 1682 2085 1756 extendantur,
2132 1683 2240 1762 qui
2270 1702 2339 1743 se
2369 1702 2483 1762 per
2512 1685 2746 1744 eximie
2792 1683 3111 1744 fidelitatis

411 1796 636 1856 merita
681 1813 919 1856 corone
965 1797 1136 1877 regie
1196 1796 1468 1856 devotos
1513 1805 1575 1856 et
1623 1805 1925 1874 acceptos
1970 1797 2196 1877 iugiter
2241 1795 2673 1870 reddiderunt,
2736 1809 2805 1857 ut
2850 1799 2941 1858 sic
2985 1797 3111 1858 ala-

413 1910 602 1969 critas
662 1907 1042 1969 devotorum
1103 1909 1362 1987 premiis
1427 1910 1684 1969 incitata
1746 1907 1828 1968 ad
1888 1910 2151 1987 pociora
2218 1906 2537 1969 fidelitatis
2598 1911 2821 1970 merita
2879 1910 3111 1970 forcius

411 2021 812 2082 accendatur.
858 2019 968 2082 Ad
1015 2023 1448 2082 universorum
1499 2023 1685 2102 igitur
1731 2021 2031 2082 noticiam
2082 2021 2303 2082 harum
2351 2023 2508 2082 serie
2556 2022 2848 2083 volumus
2892 2041 3110 2102 perve-

409 2135 561 2208 nire,
603 2133 781 2214 quod
827 2133 1142 2195 accedens
1186 2133 1270 2194 ad
1317 2146 1602 2194 nostram
1648 2135 2041 2213 presenciam
2092 2135 2391 2216 magister
2435 2133 2791 2213 Tyburcius
2836 2135 3111 2214 phisicus

408 2246 612 2308 fidelis
657 2257 873 2308 noster
916 2267 954 2306 a
999 2247 1186 2306 nobis
1233 2246 1548 2307 humiliter
1593 2247 1953 2326 postulavit,
2018 2259 2086 2308 ut
2133 2248 2443 2326 quasdam
2507 2257 2704 2308 terras
2764 2251 3111 2308 existentes

409 2364 474 2421 in
507 2362 816 2421 comitatu
847 2360 928 2421 de
959 2357 1408 2430 Guersenicha‚
1453 2359 1507 2420 F
1509 2357 2030 2421 el-Guersenicha
2064 2371 2126 2421 et
2159 2357 2723 2435 Ol-Guersenicha‚
2753 2381 2829 2422 ac
2860 2359 3107 2441 Stupna

405 2486 682 2544 vocatas·‚
727 2474 840 2534 sibi
903 2473 1282 2534 confirmare
1341 2493 1426 2534 ex
1489 2473 1882 2552 plenitudine
1942 2475 2169 2555 regalis
2236 2476 2446 2555 gracie
2491 2475 2913 2556 dignaremur.
2976 2475 3113 2536 Nos

407 2607 558 2648 vero
603 2589 799 2665 ipsius
843 2587 1135 2666 precibus
1181 2587 1460 2647 inclinati
1505 2605 1618 2646 sua
1649 2599 1712 2646 et
1745 2586 2007 2647 fratrum
2062 2605 2323 2647 suorum
2370 2586 2713 2648 recolenda
2758 2591 2983 2649 merita
3026 2590 3109 2650 ad

405 2701 693 2760 animum
754 2701 1055 2762 duximus
1115 2699 1492 2772 revocanda,
1537 2700 1618 2760 de
1667 2701 1897 2779 quibus
1942 2700 2026 2760 ad
2090 2702 2391 2760 noticiam
2452 2701 2845 2780 singulorum
2906 2721 3109 2780 pauca

407 2813 491 2873 de
536 2813 821 2891 plurimis
867 2813 1228 2875 referamus,
1298 2811 1462 2876 Cum
1540 2815 1712 2873 enim
1774 2814 1992 2873 civitas
2058 2813 2451 2891 Spalatensis
2508 2812 2893 2874 infidelitatis
2939 2815 3107 2875 illata

408 2927 658 2987 macula
703 2948 771 2987 se
816 2948 854 2987 a
899 2936 1119 2987 nostro
1179 2927 1469 2987 dominio
1529 2926 1844 2987 retrahere
1906 2930 2207 2988 niteretur
2253 2936 2315 2986 et
2364 2946 2481 2986 nos
2527 2927 2609 2986 ad
2660 2928 3105 2989 refrenandam

406 3060 628 3101 eorum
695 3042 1012 3101 maliciam
1072 3040 1376 3102 dilectum
1439 3051 1500 3101 et
1563 3038 1820 3100 fidelem
1882 3050 2169 3100 nostrum
2234 3039 2591 3100 Dionisium
2654 3050 2806 3101 tunc
2866 3043 3105 3103 banum

407 3155 613 3215 tocius
659 3152 996 3217 Sclavonie
1043 3155 1447 3226 misissemus
1492 3154 1847 3231 Trystanus
1894 3153 2084 3213 frater
2132 3153 2414 3214 eiusdem
2480 3155 2757 3234 magistri
2804 3154 3105 3232 Tyburcii

409 3286 609 3343 usque
676 3268 759 3327 ad
805 3278 1022 3345 portas
1085 3268 1352 3327 civitatis
1420 3267 1508 3326 ob
1575 3264 1947 3327 fidelitatem
2016 3284 2255 3326 corone
2322 3265 2607 3326 debitam
2676 3268 3109 3345 approprians,

406 3380 644 3441 ibidem
678 3381 976 3440 occubuit
1017 3378 1414 3440 laudabiliter
1459 3378 1846 3439 dimicando,
1892 3378 2044 3439 Duo
2076 3380 2275 3439 eciam
2313 3378 2533 3438 fratres
2564 3381 2697 3439 eius
2729 3381 2787 3439 in
2824 3384 3109 3441 exercitu

405 3493 678 3575 generali
729 3492 947 3553 habito
1015 3502 1238 3553 contra
1297 3492 1644 3554 Thartaros
1705 3502 1850 3551 sunt
1912 3494 2245 3571 perempti,
2292 3491 2611 3553 fidelitatis
2671 3496 3103 3555 constanciam

409 3608 549 3668 fuso
616 3608 924 3688 sanguine
991 3607 1250 3685 proprio
1318 3605 1730 3666 declarantes,
1791 3604 1903 3666 Ad
1972 3604 2091 3665 hec
2151 3604 2319 3664 idem
2386 3608 2685 3687 magister
2745 3606 3105 3683 Tyburcius

403 3739 534 3781 una
578 3738 724 3780 cum
775 3718 1114 3779 venerabili
1161 3730 1342 3798 patre
1389 3718 1680 3797 Philippo
1727 3718 2129 3799 Zagrabiensi
2192 3719 2496 3796 episcopo
2555 3718 2637 3778 ad
2685 3719 2904 3779 sedem
2952 3738 3105 3798 apo-

401 3832 691 3893 stolicam
759 3842 823 3893 et
890 3834 1126 3893 curiam
1197 3834 1360 3913 regis
1429 3829 1739 3894 Corraddi
1789 3834 1851 3891 in
1900 3833 2128 3891 nostris
2182 3830 2616 3912 legacionibus
2675 3831 3100 3910 proficiscen5‚

401 3945 710 4007 redeunte
777 3946 1008 4006 eodem
1073 3948 1397 4025 episcopo,
1466 3948 1600 4025 ipse
1648 3944 1884 4004 ibidem
1949 3963 2065 4022 pro
2128 3943 2549 4021 expediendis
2602 3947 2831 4004 nostris
2879 3945 3103 4026 legaci—

401 4059 632 4119 onibus
677 4078 877 4137 usque
922 4059 1006 4119 ad
1052 4062 1200 4119 anni
1249 4062 1535 4137 spacium
1569 4060 1692 4140 iugi
1725 4059 2018 4119 laborum
2059 4059 2363 4117 instancia
2396 4060 2605 4118 extitit
2647 4069 3102 4119 commoratus,

405 4172 547 4233 Hec
614 4175 828 4251 itaque
873 4184 937 4233 et
983 4172 1104 4233 alia
1166 4174 1358 4251 ipsius
1419 4184 1482 4233 et
1545 4173 1808 4233 fratrum
1877 4190 2138 4232 suorum
2202 4174 2425 4232 merita
2490 4190 2615 4251 que
2669 4174 2931 4231 recitata
2990 4191 3105 4249 per

401 4285 644 4367 singula
691 4296 1078 4365 occuparent
1123 4285 1336 4345 locum
1384 4287 1652 4365 spaciosi
1701 4286 2013 4345 sermonis
2058 4284 2138 4344 ad
2172 4285 2455 4344 animum
2490 4293 2877 4357 revocantes,
2908 4296 3105 4344 terras

405 4409 790 4459 memoratas
857 4420 894 4459 a
963 4401 1140 4459 terris
1215 4400 1629 4459 castrensium
1707 4408 2069 4458 nostrorum
2148 4400 2333 4457 metis
2406 4396 2688 4475 undique
2764 4408 3102 4475 separatas

401 4512 609 4573 eidem
659 4514 962 4593 magistro
1007 4512 1334 4589 Tyburcio
1381 4525 1444 4572 ct
1489 4530 1780 4590 pereum
1817 4513 1944 4570 suis
1991 4509 2329 4570 heredibus
2374 4509 2811 4588 heredumque
2856 4528 3101 4571 succes-

398 4626 644 4687 soribus
699 4624 1153 4686 confirmamus
1216 4628 1346 4686 iure
1407 4635 1717 4704 perpetuo
1763 4622 2202 4702 possidendaS,
2250 4623 2368 4684 sub
2414 4622 2639 4683 eadem
2703 4623 3101 4701 condicione,

401 4740 629 4816 quibus
673 4740 776 4799 alii
820 4738 1135 4818 prediales
1182 4740 1397 4813 nostri,
1445 4742 1548 4816 qui
1585 4738 1776 4819 vulgo
1821 4736 2145 4815 paraznuk
2190 4737 2501 4806 dicuntur,
2546 4737 2875 4813 possidere
2921 4735 3100 4796 dino-

397 4863 672 4913 scuntur.
743 4852 918 4913 Mete
985 4864 1198 4915 autem
1269 4862 1571 4912 terrarum
1649 4850 2099 4929 predictarum,
2167 4862 2358 4928 prout
2405 4853 2467 4910 in
2547 4851 2763 4911 litteris
2839 4850 3095 4930 capituli

401 4963 809 5029 Chasmensis
839 4965 1112 5027 vidimus
1142 4967 1470 5039 contineri,
1519 4964 1642 5025 hoc
1683 4964 1907 5025 ordine
1940 4962 2427 5044 distinguuntur.
2478 4964 2685 5024 Prima
2728 4979 2897 5025 meta
2939 4974 3101 5024 terre

397 5076 970 5140 Fel-Guersenicha
1017 5081 1231 5158 incipit
1281 5083 1341 5139 in
1389 5079 1589 5139 rivulo
1637 5075 2067 5139 Guersenicha
2109 5080 2169 5136 in
2207 5087 2375 5137 meta
2424 5096 2549 5137 una
2594 5076 2712 5136 sub
2744 5077 2970 5137 arbore
3017 5074 3099 5135 de
