3797 5795
1809 450 1893 456 ——
1956 411 2084 474 340
2142 446 2217 455 —

665 608 833 669 dicte
881 608 1092 667 vxoris
1138 626 1249 668 sue
1297 617 1360 667 et
1407 626 1489 666 ex
1536 608 1685 684 ipsis
1731 605 2095 685 quingentis
2140 613 2202 664 et
2250 602 2516 682 triginta
2564 620 2793 662 nouem
2841 600 3006 660 libris
3052 597 3359 675 expendit

666 725 728 782 in
774 721 1036 781 vtilitate
1105 721 1397 781 comunis
1463 719 1698 780 domus
1766 735 1989 778 eorum
2060 717 2249 776 libras
2316 725 2637 775 trecentas
2696 725 2757 774 et
2822 730 3004 772 vnam
3055 722 3117 771 et
3164 709 3363 769 dictas

665 836 918 916 triginta
966 852 1200 894 nouem
1248 833 1438 894 libras
1485 833 1654 892 dicte
1697 833 1914 890 vxoris
1960 849 2088 902 sue,
2122 842 2185 889 et
2218 832 2411 888 etiam
2447 827 2625 906 quod
2658 829 2789 904 ipse
2821 823 3131 902 expendit
3163 821 3365 882 dictas

664 948 973 1008 ducentas
1018 946 1210 1007 libras
1257 946 1465 1007 minus
1511 964 1632 1005 vna
1680 945 1838 1004 libra
1889 945 2148 1003 nomine
2195 961 2311 1003 suo
2359 943 2421 1000 in
2469 941 2653 1000 dictis
2699 939 2916 999 bestiis
2963 936 3045 996 de
3094 937 3263 1015 Pago
3298 945 3362 994 et

665 1063 801 1140 ipse
845 1059 1141 1122 Andreas
1171 1078 1289 1138 pro
1322 1057 1506 1118 dictis
1553 1059 1846 1118 trecentis
1879 1057 2049 1116 libris
2080 1056 2314 1116 habere
2361 1054 2596 1114 debeat
2642 1053 2913 1112 domum
2959 1068 3183 1110 eorum
3216 1066 3364 1108 cum

667 1182 803 1232 tota
861 1191 977 1232 sua
1036 1173 1312 1252 coquina
1359 1181 1421 1231 et
1469 1173 1640 1231 curia
1699 1181 1765 1231 et
1825 1188 1971 1230 cum
2038 1169 2337 1229 omnibus
2402 1169 2528 1228 suis
2596 1167 2899 1238 terminiS,
2946 1162 3256 1223 habentiis
3302 1171 3366 1221 et

667 1286 1072 1363 pertinenciis
1119 1295 1183 1345 et
1228 1303 1345 1363 pro
1393 1284 1576 1344 dictis
1622 1284 1913 1343 ducentis
1957 1282 2130 1342 libris
2194 1284 2402 1342 minus
2462 1300 2585 1339 vna
2646 1278 2803 1338 libra
2852 1276 3087 1337 habere
3134 1275 3366 1334 debeat

667 1397 861 1458 libere
909 1409 973 1458 et
1019 1396 1283 1476 pacifice
1331 1396 1532 1457 dictas
1579 1395 1812 1456 bestias
1859 1395 1942 1455 de
1984 1395 2175 1476 Pago,
2208 1413 2333 1473 que
2379 1393 2581 1453 bestie
2626 1393 2788 1451 inter
2834 1409 2991 1450 oues
3038 1400 3101 1449 et
3146 1407 3369 1466 capras

667 1521 814 1571 sunt
861 1522 1164 1571 sexcente
1211 1520 1274 1570 et
1319 1510 1572 1590 triginta
1623 1519 1895 1586 quatuor
1940 1520 2002 1568 ct
2050 1507 2131 1567 de
2180 1506 2433 1584 reliquis
2478 1506 2732 1586 triginta
2793 1521 3030 1564 nouem
3077 1502 3249 1561 libris
3294 1503 3371 1560 sit

668 1624 879 1684 eidem
935 1620 1203 1686 'Andree
1263 1623 1542 1684 solutum
1590 1622 1674 1682 ad
1720 1623 1983 1700 plenum
2030 1621 2112 1680 de
2159 1621 2346 1679 bonis
2407 1619 2790 1680 comunibus
2852 1617 3085 1678 domus
3130 1633 3375 1684 eorum,

669 1738 849 1798 saluo
910 1747 1146 1810 tamen,
1193 1736 1369 1815 quod
1434 1738 1484 1796 si
1546 1736 1693 1795 dicti
1759 1734 2185 1813 Lampredius
2246 1745 2307 1793 et
2372 1732 2705 1811 Detaydus
2766 1733 2879 1811 ipsi
2942 1730 3207 1792 Andree
3252 1727 3373 1787 sol-

669 1853 874 1912 uerint
907 1851 991 1911 de
1021 1859 1234 1910 cetero
1282 1850 1440 1909 infra
1489 1850 1652 1910 duos
1699 1867 1953 1908 menses
1999 1847 2308 1908 ducentas
2355 1847 2544 1906 libras
2589 1855 2964 1905 venetorum
3011 1859 3375 1922 primorum,

669 1975 822 2025 tunc
867 1965 1036 2024 dicta
1084 1963 1318 2024 domus
1364 1963 1596 2022 debeat
1645 1964 1806 2021 inter
1851 1979 1963 2021 eos
2010 1960 2320 2038 equaliter
2369 1963 2428 2019 in
2477 1959 2676 2019 tribus
2721 1958 3005 2036 partibus
3067 1954 3263 2015 diuidi
3313 1962 3376 2012 et

669 2079 880 2156 partiri
928 2088 992 2136 et
1038 2079 1086 2137 si
1136 2076 1286 2136 dicti
1351 2075 1774 2153 Lampredius
1835 2084 1898 2134 et
1962 2073 2298 2152 Detaydus
2360 2073 2640 2151 prefatas
2700 2072 3011 2132 ducentas
3054 2069 3265 2136 libras,
3313 2075 3377 2125 vt

670 2189 912 2250 dictum
977 2201 1088 2264 est,
1135 2191 1562 2267 suprascripto
1626 2187 1885 2250 Andree
1948 2206 2077 2247 non
2140 2185 2463 2256 soluerint,
2509 2197 2662 2246 tunc
2724 2185 2892 2244 dicta
2962 2183 3195 2242 domus
3240 2197 3379 2239 esse

670 2302 906 2364 debeat
967 2302 1234 2382 predicti
1295 2301 1556 2364 Andree
1612 2305 1872 2380 eiusque
1918 2301 2223 2362 heredum
2276 2310 2337 2359 et
2384 2318 2821 2360 successorum
2869 2299 2927 2356 in
2978 2305 3377 2375 perpetuum.

674 2415 757 2476 Et
790 2419 879 2477 sic
909 2435 1098 2496 super
1144 2417 1327 2476 huius
1373 2427 1586 2476 nostre
1633 2416 1957 2475 sentencie
2004 2413 2449 2474 diffinitionem
2502 2413 2797 2473 dedimus
2842 2422 2905 2471 et
2936 2409 3383 2469 constituimus

673 2530 741 2588 in
788 2529 1164 2608 pristaldum
1218 2529 1454 2590 Bittum
1504 2528 1586 2588 de
1634 2528 1927 2608 Petringa
1976 2539 2192 2586 nostre
2238 2529 2406 2586 curie
2454 2527 2779 2586 tribunum
2824 2523 2907 2584 ad
2955 2523 3381 2600 suprascripta

675 2645 893 2702 omnia
961 2641 1168 2702 taliter
1235 2639 1752 2720 percomplenda.
1800 2675 1886 2684 —
1938 2639 2013 2700 Et
2077 2658 2199 2718 ego
2264 2638 2472 2698 dictus
2542 2637 2744 2698 Bittus
2814 2637 3101 2697 tribunus
3146 2645 3210 2695 et.
3262 2636 3381 2712 pri-

674 2754 920 2816 staldus
979 2756 1356 2815 auctoritate
1417 2753 1606 2814 officii
1671 2753 1821 2813 mihi
1885 2754 2206 2812 commissi
2272 2751 2516 2812 dictum
2565 2762 3032 2810 sacramentum
3084 2769 3120 2808 a
3164 2767 3384 2826 supra-

675 2869 912 2948 scripto
941 2865 1224 2941 Andrea‚
1270 2869 1429 2929 sicut
1463 2866 1806 2928 iudicatum
1859 2866 1991 2940 fuit,
2022 2866 2248 2944 recepi,
2283 2866 2387 2943 qui
2420 2865 2737 2944 siquidem
2772 2863 3066 2926 Andreas
3113 2864 3387 2936 intrauit,

675 2992 867 3058 prout
913 2983 1198 3060 superius
1245 2984 1307 3041 in
1355 2982 1678 3041 sentencia
1725 2991 1820 3040 est
1867 2998 2261 3057 expressum.
2327 2978 2409 3039 Et
2457 2978 2873 3057 postmodum
2925 2979 3155 3056 elapsis
3202 2978 3388 3038 dictis

676 3094 932 3156 duobus
1001 3094 1326 3155 mensibus
1396 3095 1502 3171 qui
1570 3095 1942 3171 inceperunt
2003 3114 2037 3152 a
2118 3110 2294 3151 nono
2364 3091 2468 3151 die
2532 3104 2809 3152 exeunte
2880 3110 3101 3151 mense
3168 3089 3391 3169 aprilis

676 3211 926 3269 nouiter
994 3207 1208 3286 elapsi,
1277 3226 1361 3267 ex
1416 3207 1790 3267 auctoritate
1859 3204 2049 3265 officii
2120 3203 2270 3265 mihi
2344 3207 2668 3264 commissi
2716 3215 2779 3264 et
2827 3203 2907 3263 de
2955 3214 3264 3282 precepto
3328 3214 3389 3262 et

677 3318 929 3381 licentia
977 3320 1126 3381 dicti
1175 3320 1420 3379 domini
1467 3320 1718 3379 comitis
1779 3321 2043 3396 eiusque
2108 3317 2387 3378 iudicum
2438 3329 2499 3377 et
2546 3320 2717 3377 curie
2762 3316 3003 3377 dictum
3053 3315 3387 3377 Andream

674 3436 862 3509 posui
924 3436 986 3493 in
1049 3432 1488 3511 perpetualem
1548 3434 2021 3511 possessionem
2085 3434 2147 3490 in
2213 3431 2383 3491 dicta
2446 3430 2645 3489 domo
2694 3431 2780 3489 ob
2828 3430 2966 3500 hoe,
3014 3430 3189 3509 quod
3240 3430 3386 3489 dicti

675 3544 1103 3625 Lampredius
1149 3556 1211 3606 et
1256 3545 1594 3624 Detaydus
1654 3545 1864 3606 eidem
1928 3542 2193 3605 Andree
2254 3544 2531 3623 prefatas
2592 3542 2901 3603 ducentas
2964 3544 3151 3603 libras
3226 3542 3387 3602 infra

676 3658 886 3720 dictos
931 3660 1095 3719 duos
1141 3677 1394 3719 menses
1440 3660 1701 3718 minime
1747 3657 1996 3718 soluere
2043 3668 2437 3717 curauerunt.
2486 3656 2631 3734 Que
2677 3656 2911 3717 domus
2957 3656 3243 3733 predicta
3292 3665 3387 3715 est

675 3772 738 3831 in
789 3772 1069 3833 confinio
1145 3782 1509 3832 sanctorum
1557 3770 1906 3832 Saluatoris
1968 3781 2029 3829 ct
2080 3770 2230 3840 Viti,
2300 3790 2512 3830 versus
2574 3770 2839 3830 boream
2886 3772 3063 3830 iuxta
3113 3769 3381 3829 domum

679 3885 953 3946 Prodani
1002 3885 1345 3958 Valentini,
1393 3904 1607 3945 versus
1653 3886 1967 3963 quirinam
2017 3885 2193 3943 iuxta
2241 3886 2407 3943 viam
2455 3882 2795 3961 puplicam,
2841 3901 3056 3942 versus
3100 3894 3382 3942 austrum

678 3998 856 4060 iuxta
901 3998 1171 4059 domum
1219 3999 1390 4059 bone
1437 3998 1746 4058 memorie
1782 3996 1955 4057 'Pauli
1992 3995 2072 4056 de
2108 3996 2515 4074 LamprediQ
2546 4015 2760 4055 versus
2807 4006 3153 4055 trauersam
3208 3996 3385 4055 iuxta

679 4109 950 4172 domum
1000 4112 1172 4172 Belle
1219 4111 1301 4172 de
1349 4110 1758 4189 LamprediO.
1823 4108 1904 4169 Et
1952 4112 2039 4168 sic
2087 4108 2203 4168 hec
2250 4110 2465 4168 omnia
2514 4119 2575 4168 et
2622 4108 2867 4188 singula
2914 4110 3217 4186 premissa
3266 4124 3386 4187 ego

678 4222 887 4285 dictus
951 4226 1152 4285 Bittus
1214 4225 1503 4284 tribunus
1549 4234 1612 4283 et
1659 4220 2001 4302 pristaldus
2069 4240 2259 4299 super
2303 4222 2584 4280 animam
2633 4238 2843 4281 meam
2892 4218 3193 4280 testificor
3240 4238 3383 4279 vera

679 4353 835 4409 csse,
881 4337 1280 4415 presentibus
1327 4336 1590 4397 testibus
1635 4335 2019 4413 subscriptis.
2068 4334 2150 4394 Et
2196 4334 2453 4412 insuper
2501 4352 2617 4393 nos
2662 4334 2943 4412 prefatus
2988 4352 3208 4393 comes
3239 4350 3381 4393 cum

680 4448 996 4511 iudicibus
1043 4462 1104 4510 et
1152 4453 1324 4511 curia
1371 4460 1583 4509 nostra
1631 4468 1749 4527 pro
1797 4450 2021 4508 maiori
2070 4446 2366 4508 firmitate
2413 4460 2475 4508 et
2528 4446 2809 4507 claritate
2855 4446 3091 4506 dictam
3118 4446 3385 4505 domum

677 4576 830 4621 cum
896 4582 1008 4623 sua
1056 4567 1332 4642 coquina
1379 4573 1441 4624 et
1488 4564 1656 4622 curia
1704 4572 1767 4622 et
1815 4561 2116 4621 omnibus
2176 4562 2303 4620 suis
2365 4562 2666 4633 te1·miniS‚
2726 4560 3050 4620 habenciis
3096 4575 3158 4619 et
3202 4561 3387 4637 perti-

679 4678 929 4737 nenciis
961 4676 1242 4755 pluribus
1273 4678 1498 4737 diebus
1530 4694 1642 4754 per
1667 4674 1923 4756 Jadram
1960 4688 2022 4735 ct
2056 4674 2299 4753 plateas
2339 4672 2531 4753 Jadre
2565 4693 2677 4752 per
2710 4674 2992 4735 Luccam
3032 4672 3383 4733 Pumellum

681 4799 901 4858 nostre
951 4790 1131 4877 'curie
1193 4807 1535 4868 preconem
1601 4788 1864 4849 fecimus
1926 4788 2314 4865 preconicari
2381 4787 2735 4848 secundum
2786 4806 2962 4847 vsum
3013 4802 3075 4847 et
3124 4804 3383 4846 consue-

676 4898 973 4961 tudinem
1020 4904 1290 4962 ciuitatis
1329 4900 1536 4980 Jadre‚
1583 4902 1665 4961 de
1711 4919 1838 4979 qua
1885 4898 2086 4959 domo
2152 4900 2359 4959 nullus
2421 4900 2563 4979 plus
2608 4911 2717 4960 aut
2764 4910 3013 4960 tantum
3060 4914 3121 4959 vt
3172 4918 3382 4977 supra-

678 5014 950 5090 scriptus
997 5012 1293 5075 Andreas
1321 4990 1491 5073 'dare
1538 5013 1636 5075 uel
1685 5012 1935 5073 soluere
1984 5012 2197 5081 voluit,
2246 5012 2412 5072 vnde
2462 5015 2661 5090 ipsam
2713 5012 2985 5073 domum
3032 5013 3376 5091 predictam

682 5142 832 5186 cum
884 5129 1157 5202 coquina
1206 5139 1269 5186 et
1316 5130 1485 5187 curia
1533 5145 1644 5186 sua
1691 5137 1753 5186 et
1800 5145 1947 5186 cum
1996 5124 2296 5186 omnibus
2343 5126 2467 5184 suis
2514 5126 2700 5185 certis
2747 5128 3030 5186 terminis
3078 5126 3383 5185 liabentiis
