3797 5795
1856 401 1928 408 —
1995 366 2263 428 434—

705 555 1054 616 direximus
1099 555 1471 616 fiducialiter
1517 556 1754 626 oculos
1807 568 1876 616 ut
1934 558 2046 617 tibi
2111 559 2289 635 quasi
2350 558 2502 618 alias
2573 557 2808 618 ibidem
2869 559 3104 620 similes
3163 561 3411 622 subiisti

705 667 971 741 labores,
1017 671 1321 747 cuiusque
1370 671 1627 730 virtutes
1672 680 1806 730 tam
1854 673 1916 730 in
1962 671 2100 748 hyS,
2145 689 2335 750 quam
2387 673 2448 730 in
2497 670 2632 731 aliis
2679 682 3036 732 memorata
3082 673 3270 733 sedes
3317 672 3410 732 di-

704 783 900 842 uersis
968 782 1209 842 vicibus
1278 794 1373 843 est
1445 795 1710 862 experta
1762 794 1823 843 et
1872 783 1956 844 de
2000 786 2180 844 cuius
2249 784 2548 863 operibus
2611 803 2867 863 semper
2926 785 3166 846 fructus
3225 785 3416 846 utiles

704 897 1074 973 prouenisse
1134 898 1537 974 percipimuS‚
1599 914 1787 976 super
1835 896 1958 956 hoc
2003 915 2166 956 onus
2231 909 2446 958 nostre
2499 897 2937 959 sollicitudinis
2983 901 3416 978 imponamuS,

704 1019 1050 1087 sperantes,
1118 1009 1294 1086 quod
1350 1020 1659 1088 tanquam
1708 1011 1797 1070 vir
1842 1011 2281 1091 magnanimis,
2351 1012 2530 1072 cuius
2599 1011 2905 1072 fortitudo
2968 1012 3087 1072 sub
3131 1014 3412 1093 grauiori

705 1121 924 1181 labore
988 1122 1368 1202 grandescit,
1415 1125 1650 1202 quique
1718 1122 1996 1184 difficilia
2065 1124 2318 1184 viriliter
2383 1123 2646 1205 aggredi
2706 1126 3055 1194 consueuit,
3103 1126 3166 1184 in
3227 1143 3414 1185 exer-

704 1234 983 1295 cendum
1032 1254 1194 1314 opus
1239 1212 1632 1296 dominicum
1680 1246 1744 1296 te
1790 1236 2139 1315 prudenter
2162 1239 2458 1318 accingas
2504 1248 2566 1298 et
2616 1236 2768 1297 illud
2815 1237 2936 1298 sub
2983 1239 3246 1298 nomine
3296 1236 3412 1297 do-

705 1349 855 1407 mini
904 1348 988 1409 ad
1034 1349 1167 1408 eius
1212 1333 1467 1409 laudem
1517 1359 1580 1410 et
1626 1349 1893 1430 gloriam
1945 1352 2278 1411 virtuosius
2325 1369 2626 1411 assumas
2677 1350 2962 1428 Ideoque
3009 1350 3092 1410 de
3137 1350 3408 1410 fratrum

706 1471 1068 1521 nostrorum
1138 1462 1440 1522 conscilio
1502 1465 1563 1523 in
1629 1461 2045 1545 Aquilegensi
2109 1473 2173 1524 et
2235 1461 2548 1525 Gradensi
2619 1463 3144 1542 patriarchatibus
3215 1473 3282 1522 et
3351 1463 3412 1522 in

705 1572 1141 1654 Ragusinensi‚
1217 1575 1686 1636 Rauennatensi
1757 1587 1819 1636 et
1891 1575 2356 1637 Mediolanensi
2427 1587 2490 1637 et
2557 1576 2854 1656 Januensi
2915 1576 3282 1636 ciuitatibus
3352 1586 3414 1635 et

703 1684 1081 1760 diocesibus,
1126 1690 1483 1766 prouinciiS,
1544 1707 1663 1749 nec
1724 1707 1854 1749 non
1917 1689 2293 1770 generaliter
2337 1691 2401 1749 in
2447 1688 2859 1762 Lombardia‚
2917 1688 3304 1749 Romaniola
3351 1699 3414 1748 et

705 1796 989 1860 Marchia
1026 1799 1374 1861 Teruisana
1420 1801 1610 1879 plene
1656 1800 2002 1883 legacionis
2047 1802 2330 1863 officium
2364 1803 2475 1862 tibi
2509 1803 2812 1863 duximus
2857 1801 3418 1870 committendum,

704 1921 773 1972 ut
819 1912 1053 1973 euellas
1098 1922 1160 1973 et
1206 1914 1511 1987 destruaS‚
1555 1914 1884 1994 disperdas
1930 1927 1995 1976 et
2040 1915 2322 1995 dissipes,
2368 1914 2626 1976 edifices
2669 1926 2733 1975 et
2778 1915 3045 1994 planteS,
3091 1933 3168 1974 ac
3217 1915 3414 1974 facias

701 2027 1079 2086 auctoritate
1148 2037 1363 2087 nostra
1429 2046 1811 2108 quecunque
1877 2029 1962 2088 ad
2025 2028 2337 2089 honorem
2401 2028 2502 2089 dei
2549 2037 2614 2088 et
2661 2028 2946 2089 eiusdem
3009 2027 3281 2088 ecclesie
3347 2046 3420 2087 ac

704 2157 1081 2217 prosperum
1142 2150 1377 2200 statum
1439 2143 1723 2220 parcium
1794 2141 2145 2202 earundem
2210 2142 2438 2202 videris
2499 2141 2823 2220 expedire,
2886 2141 3264 2201 fraternitati
3314 2151 3419 2198 tue

703 2270 818 2330 per
876 2253 1227 2330 apostolica
1288 2255 1519 2333 scripta
1582 2254 1982 2328 mandantes,
2028 2257 2325 2330 quatinus
2388 2254 2670 2315 officium
2735 2257 2943 2332 ipsum
3005 2253 3256 2332 absque
3304 2251 3418 2312 dif-

703 2362 983 2426 ficultate
1044 2367 1346 2445 suscipias
1392 2377 1455 2427 et
1501 2367 1654 2428 illud
1702 2369 1879 2428 iuxta
1927 2368 2144 2428 datam
2195 2368 2307 2428 tibi
2354 2388 2391 2428 a
2438 2368 2564 2428 deo
2611 2367 3024 2446 prudenciam
3089 2366 3280 2426 solite
3327 2364 3416 2424 di-

704 2477 971 2558 ligencie
1015 2479 1228 2539 studio
1274 2482 1693 2558 prosequaris.
1741 2480 1879 2541 Nos
1927 2485 2099 2542 enim
2145 2483 2504 2542 sentencias
2566 2500 2724 2560 quas
2771 2481 2986 2541 tuleris
3031 2482 3094 2539 in
3143 2479 3414 2539 rebelles

703 2600 871 2650 ratas
931 2590 1311 2652 habebimus
1371 2605 1434 2653 et
1493 2593 1798 2655 faciemus
1857 2605 2119 2655 auctore
2181 2595 2448 2655 domino
2511 2613 2710 2674 vsque
2772 2593 2856 2654 ad
2903 2592 3415 2652 satisfaccionem

702 2703 1092 2785 condignam
1156 2705 1600 2768 inuiolabiliter
1660 2708 2003 2780 obseruari,
2051 2727 2181 2768 non
2229 2708 2633 2768 obstantibus
2695 2707 3010 2782 aliquibus
3070 2687 3414 2784 priuilegiis

702 2816 803 2877 vel
865 2817 1273 2899 indulgentiis
1333 2820 1817 2900 quibuscunque
1877 2822 2166 2901 personis
2211 2820 2311 2882 vel
2358 2821 2790 2903 dignitatibuS,
2836 2819 3008 2892 lociS‚
3053 2818 3415 2878 communi-

705 2931 957 3005 tatibuS,
1026 2930 1562 3008 Cisterciensibus,
1637 2934 2334 2996 Premonstratensibus
2403 2948 2466 2994 et
2531 2952 3064 3014 quorumcunque
3141 2932 3412 2991 aliorum

702 3044 1001 3106 ordinum
1063 3047 1438 3127 generaliter
1498 3048 1597 3107 vel
1657 3048 2013 3127 specialiter
2073 3048 2155 3108 ab
2218 3049 2446 3109 eadem
2508 3048 2662 3108 sede
2722 3048 3058 3117 concessiS,
3105 3064 3224 3123 per
3289 3062 3413 3122 que

702 3158 897 3235 ipsius
942 3158 1131 3220 officii
1176 3163 1549 3238 prosecucio
1596 3163 1796 3240 possit
1842 3161 2335 3240 quomodolibet
2382 3161 2672 3240 impediri
2705 3171 2769 3220 et
2801 3160 2883 3219 de
2915 3158 3148 3237 quibus
3179 3159 3412 3217 nostris

702 3270 921 3332 litteris
967 3271 1049 3333 de
1098 3273 1291 3333 verbo
1323 3273 1407 3333 ad
1440 3275 1704 3333 verbum
1736 3272 1867 3335 fieri
1909 3274 2143 3335 debeat
2175 3276 2428 3336 mencio
2475 3273 2781 3353 specialis,
2827 3250 3068 3332 Datum
3118 3268 3412 3339 Viterbii,

702 3382 878 3444 VIII.
926 3384 1066 3445 idus
1111 3385 1257 3459 iulii,
1301 3386 1709 3465 pontificatus
1757 3390 1954 3449 nostri
1999 3407 2172 3449 anno
2224 3387 2328 3448 III.

878 3496 1020 3579 Ego
1078 3497 1358 3577 Joannes
1404 3499 1567 3561 filius
1614 3501 1946 3579 quondam
1995 3499 2281 3573 Gentilis‚
2330 3500 2636 3580 imperiali
2685 3502 3060 3561 auctoritate
3109 3502 3410 3568 notariuS,

701 3608 854 3669 dicti
916 3610 1158 3671 domini
1221 3612 1411 3694 legati
1471 3612 1897 3688 cancellarius,
1961 3618 2352 3675 autenticum
2400 3616 2774 3693 rescriptum
2836 3613 3005 3673 dicte
3064 3611 3410 3692 legacionis

702 3724 1021 3784 munitum
1082 3744 1230 3785 vera
1288 3725 1459 3786 bulla
1521 3726 1824 3805 plumbea
1885 3726 2129 3787 domini
2191 3746 2360 3806 pape
2427 3727 2734 3805 pendenti
2781 3744 2929 3786 cum
2979 3724 3098 3785 filis
3144 3726 3406 3802 canapis

702 3836 828 3897 vidi
875 3847 936 3896 et
984 3838 1104 3919 legi
1152 3849 1214 3898 et
1261 3849 1331 3898 ut
1376 3841 1441 3899 in
1487 3841 1627 3917 ipso
1689 3840 2015 3900 autentico
2079 3840 2205 3899 vidi
2251 3849 2315 3900 et
2362 3840 2593 3911 inueni,
2655 3839 2742 3898 ita
2787 3837 2888 3898 hic
2934 3837 3016 3898 de
3061 3836 3266 3897 verbo
3326 3834 3412 3895 ad·

700 3950 969 4010 verbum
1030 3950 1299 4012 fideliter
1360 3953 1719 4030 transcripsi
1765 3962 1831 4012 et
1876 3952 2243 4031 exemplaui
2303 3952 2386 4012 ad
2433 3962 2810 4030 perpetuam
2875 3952 2962 4011 rei
3007 3951 3406 4021 memoriam,

700 4065 952 4144 signum
1015 4082 1243 4125 manus
1302 4066 1556 4143 proprie
1616 4066 2012 4145 apponendo
2060 4066 2141 4127 de
2187 4068 2566 4126 auctoritate
2635 4082 2940 4124 concessa
2986 4074 3050 4123 et
3097 4042 3402 4123 mandato

703 4176 851 4236 mihi
900 4176 1071 4238 facto
1117 4197 1155 4236 a
1202 4177 1471 4237 domino
1517 4156 1727 4259 legato
1762 4176 1972 4239 Brixie
2018 4178 2191 4258 apud
2237 4178 2506 4239 domum
2555 4177 2780 4256 palacii
2827 4156 3223 4255 episcopalis,
3269 4194 3405 4255 pre-

702 4290 985 4349 sentibus
1030 4290 1373 4350 venerabili
1420 4292 1608 4352 fratre
1654 4291 1923 4352 domino
1971 4289 2200 4353 Gracia
2245 4292 2347 4352 dei
2393 4294 2602 4373 gracia
2643 4292 2948 4369 episcopo
2980 4268 3412 4351 Saxenatensi'

702 4413 766 4462 et
842 4402 1107 4463 domino
1185 4403 1526 4464 Francisco
1602 4404 1730 4465 filio
1807 4404 2050 4465 domini
2127 4404 2566 4485 Trinciavegle
2633 4403 2715 4464 de
2785 4403 3072 4484 Bugiano
3145 4401 3400 4463 Lucane

703 4514 972 4576 diocesis
1032 4516 1298 4576 testibus
1360 4518 1615 4591 vocatis,
1674 4518 1793 4578 sub
1854 4536 2027 4579 anno
2075 4494 2319 4578 domini
2369 4514 2825 4579 MCCLXVII.
2873 4515 3234 4575 indiccione
3279 4514 3400 4586 XI,

700 4628 783 4690 V.
828 4628 1137 4690 kalendas
1179 4625 1478 4690 octobris.

888 4768 1309 4851 Ovjerovq'eni
1340 4764 1605 4848 piijepis
1651 4792 1690 4828 u
1736 4772 2184 4831 dubrovac‘kom
2232 4772 2472 4829 arkivu.
2533 4771 2670 4829 Ima
2704 4772 2730 4827 i
2768 4770 3158 4827 »Bullarium
3191 4770 3396 4842 Ragu-

702 4876 943 4930 simmu
1003 4877 1355 4949 406÷408.
1382 4896 1447 4951 ‘u
1492 4879 1601 4952 ἐν..
1632 4896 1775 4933 zem.
1820 4876 2047 4934 arkivu
2097 4896 2136 4933 u
2183 4877 2486 4950 Zagrebu.

876 4980 1199 5050 Raynaldi
1241 4979 1470 5037 Annal.
1518 4966 1611 5038 ad
1634 4994 1707 5041 ἀ,
1758 4984 1934 5036 1267.
1981 4982 2048 5054 §.
2099 4984 2187 5036 21.
2236 5013 2324 5023 -—
2377 4980 2640 5038 Theiner
2699 4980 2866 5036 Mon.
2916 4978 3086 5036 Slav.
3135 4978 3296 5034 Mer.
3347 4976 3390 5033 I.

708 5087 790 5139 91.
840 5117 922 5125 ——
970 5084 1254 5142 Porthast
1295 5086 1444 5159 Reg.
1482 5094 1651 5161 pont.
1704 5105 1800 5145 no,
1852 5088 2100 5147 20.072.
2153 5120 2236 5129 —-
2283 5086 2659 5161 Kukuljevic‘
2699 5086 2850 5159 Reg.
2900 5104 2994 5141 no.
3047 5086 3189 5138 933.
