3797 5795
1622 398 1891 462 ——363
1954 433 2037 442 -—-

1733 689 1926 769 848.

474 861 673 942 1266,
722 863 827 929 18.
867 861 1211 945 janum-a.
1256 862 1317 930 U
1362 862 1719 948 Zaqrebu.

480 1055 767 1140 Stjepan
816 1055 851 1119 ι’
890 1055 1205 1141 Georgz'je
1262 1057 1352 1120 od
1404 1057 1712 1140 plemena
1768 1057 2100 1142 Drz‘ivoja
2159 1058 2484 1142 nagodzs‘e
2543 1079 2614 1120 se
2667 1080 2748 1120 sa
2795 1057 3170 1138 Andrt‘jom

478 1177 828 1253 ἑαραηοφη,
880 1169 1132 1233 bratom
1202 1168 1531 1254 magistra
1598 1169 1805 1233 Petra
1868 1176 2180 1255 prepos‘ta
2244 1171 2725 1256 ‹faamanskoga
2795 1193 2870 1233 za
2933 1171 3180 1254 zemlju

1603 1266 2049 1368 Crernym'ca.

656 1474 1019 1555 Capitulum
1066 1475 1501 1558 Zagrabiensis
1546 1477 1809 1537 ecclesie
1840 1476 2144 1537 omnibus
2173 1496 2436 1555 presens
2466 1478 2771 1555 scriptum
2803 1478 3184 1555 inspecturis

480 1591 755 1652 salutem
802 1591 865 1648 in
912 1589 1195 1650 domino.
1242 1587 1352 1650 Ad
1398 1592 1839 1651 uniuersorum
1886 1592 2190 1650 noticiam
2239 1589 2462 1650 harum
2505 1592 2662 1650 serie
2694 1588 2993 1651 uolumus
3037 1609 3180 1668 per-

484 1705 719 1776 uenire,
765 1703 941 1781 quod
987 1704 1344 1763 constitutis
1391 1704 1453 1762 in
1501 1713 1715 1763 nostra
1762 1705 2090 1782 presencia
2136 1703 2219 1764 ab
2265 1721 2390 1764 una
2437 1715 2618 1781 parte
2681 1701 2991 1781 Chepano
3055 1702 3186 1762 filio

486 1816 657 1876 Pauli
704 1827 767 1875 et
813 1814 1093 1895 Georgio
1154 1813 1283 1875 filio
1346 1815 1529 1876 Luba
1594 1815 1677 1876 de
1736 1833 1972 1897 genere
2017 1815 2314 1877 Dursiuoi
2379 1827 2441 1876 et
2505 1816 2588 1875 ab
2656 1816 2852 1876 altera
2916 1813 3182 1876 Andrea

483 1931 721 1989 comite
767 1928 955 1989 fratre
1003 1930 1282 2009 magistri
1330 1929 1491 1989 Petri
1542 1929 1846 2008 prepositi
1894 1925 2319 1999 ChasmensiS,
2367 1929 2538 1989 idem
2587 1927 2854 2008 Chepan
2887 1945 2949 1988 et
2983 1926 3186 1990 Geor-

482 2042 623 2123 gius
666 2053 1085 2115 asseruerunt,
1132 2041 1308 2120 quod
1355 2059 1499 2103 cum
1546 2051 1760 2120 patres
1807 2050 1869 2100 et
1916 2043 2242 2122 generatio
2289 2060 2512 2102 eorum
2583 2050 3008 2102 memoratum
3073 2041 3189 2101 do-

486 2156 733 2215 minum
780 2157 1177 2234 prepositum
1224 2165 1287 2214 et
1334 2155 1591 2215 fratrem
1637 2157 1771 2216 eius
1824 2163 2236 2232 prenotatum
2300 2173 2489 2233 super
2550 2154 2874 2235 quandam
2940 2166 3187 2232 partem

488 2281 650 2329 terre
709 2287 931 2329 eorum
994 2267 1367 2329 hereditarie
1431 2265 1939 2330 Cheresneuicha
1997 2280 2362 2346 nuncupate
2408 2269 2795 2346 recepissent
2857 2267 3188 2346 quondam

494 2383 555 2440 in
604 2393 1087 2442 commetaneos
1132 2392 1195 2448 et
1243 2381 1485 2441 uicinos
1530 2390 1594 2440 et
1640 2381 1779 2441 talis
1839 2381 2364 2443 consideracione
2425 2383 2762 2442 uicinitatis
2823 2390 2886 2441 et
2956 2380 3192 2464 fauoris

495 2493 758 2570 quidam
806 2493 994 2554 frater
1038 2513 1261 2554 eorum
1312 2496 1573 2554 nomine
1617 2492 1897 2576 Simo(n)
1951 2494 2112 2555 filius
2165 2493 2466 2571 Dirsiuoy
2520 2494 2800 2555 eundem
2855 2491 3188 2554 Andream

492 2607 799 2667 comitem
844 2625 1065 2668 carens
1127 2606 1362 2667 herede
1433 2609 1495 2666 in
1551 2606 1748 2668 filium
1808 2607 2200 2686 adoptasset,
2253 2626 2516 2668 omnem
2579 2607 2946 2668 facultatem
3010 2623 3191 2666 suam

492 2719 607 2780 sibi
670 2739 889 2780 coram
950 2719 1217 2780 domino
1281 2739 1428 2801 rege
1488 2719 1912 2799 deputando;
1973 2720 2095 2780 hoc
2140 2722 2318 2794 scit0,
2384 2719 2561 2798 quod
2619 2719 2902 2798 prefatus
2962 2719 3186 2780 Simon

494 2834 927 2912 possessiones
971 2853 1117 2894 suas
1162 2835 1379 2894 comiti
1428 2831 1692 2894 Andree
1753 2836 2090 2907 statuisset,
2138 2831 2483 2912 Chepanus
2545 2844 2607 2893 et
2655 2831 2972 2912 Georgius
3015 2843 3190 2890 ante-

496 2948 645 3008 dicti
714 2950 1019 3008 comitem
1088 2945 1419 3010 Andream
1488 2960 1552 3008 et
1621 2948 1865 3009 dictum
1933 2946 2268 3009 Simonem
2330 2948 2413 3008 ad
2481 2948 2876 3025 presenciam
2945 2945 3188 3006 domini

500 3058 825 3143 R(olandi)
858 3062 1006 3121 bani
1055 3064 1259 3121 tocius
1304 3060 1643 3123 Sclauonie
1690 3072 2055 3130 euocarunt,
2100 3071 2536 3139 proponentes
2583 3072 2806 3120 contra
2837 3057 3194 3131 Simonem,

498 3174 673 3252 quod
721 3176 854 3252 ipse
898 3171 1163 3235 Andree
1210 3176 1428 3234 comiti
1474 3175 1910 3252 possessiones
1955 3194 2100 3235 suas
2133 3174 2284 3233 dare
2332 3191 2463 3233 non
2495 3175 2718 3252 potuit,
2751 3192 2830 3232 eo
2864 3172 3042 3249 quod
3075 3174 3186 3250 ipsi

500 3299 651 3347 ante
699 3287 819 3348 litis
866 3288 1153 3348 ordinem
1202 3288 1644 3366 aquisiuissent
1692 3298 1755 3347 et
1801 3287 2222 3347 obtinuissent
2253 3287 2674 3365 possidendas
2705 3297 2769 3346 et
2801 3304 2949 3346 cum
2981 3286 3046 3346 id
3079 3286 3192 3346 do-

496 3402 670 3461 mino
732 3400 903 3461 bano
950 3402 1348 3474 constitisset,
1394 3400 1596 3461 dictas
1642 3404 2074 3478 possessiones
2119 3400 2394 3461 reddidit
2443 3399 2751 3479 Chepano
2799 3414 2862 3461 et
2909 3398 3193 3479 Georgio

494 3512 887 3592 supradictiS‚
920 3509 1253 3574 Simonem
1302 3524 1516 3574 autem
1566 3534 1683 3591 pro
1748 3514 2108 3592 sumptibus
2170 3523 2234 3573 et
2288 3515 2606 3592 expensis,
2668 3533 2828 3591 quas
2893 3512 3195 3573 Andreas

494 3645 712 3687 comes
758 3646 825 3687 se
873 3626 1094 3687 fecisse
1141 3626 1393 3687 dicebat
1441 3628 1502 3687 in
1554 3627 1821 3707 negocio
1852 3626 2239 3704 supradicto,
2285 3626 2520 3687 scilicet
2563 3646 2679 3705 pro
2712 3628 2930 3708 uiginti
2966 3628 3194 3687 marcis

494 3740 903 3800 statuendum
952 3742 1194 3800 censuit
1243 3740 1537 3801 manibus
1582 3741 1831 3800 comitis
1892 3738 2173 3813 Andree,
2233 3741 2280 3797 si
2331 3758 2474 3799 cum
2539 3739 2806 3800 domino
2867 3742 3194 3817 preposito

494 3872 683 3934 super
712 3872 965 3914 summa
996 3853 1259 3913 auderet
1293 3855 1493 3913 iurare
1525 3863 1877 3931 prenotata.
1917 3850 2081 3915 Cum
2117 3854 2302 3933 igitur
2333 3854 2594 3913 instaret
2626 3852 2762 3912 dies
2792 3853 3194 3929 sacramenti,

495 3985 713 4027 comes
762 3964 1057 4027 Andreas
1103 3975 1166 4025 et
1213 3966 1403 4026 frater
1450 3967 1582 4026 eius
1626 3964 1928 4026 antedicti
1989 3984 2204 4025 coram
2273 3965 2458 4025 nobis
2513 3985 2580 4025 se
2628 3964 2930 4025 offerrent
2990 3983 3194 4024 sacra-

497 4092 734 4153 ment0‚
780 4080 973 4140 iidem
1021 4078 1364 4158 Chepanus
1409 4090 1473 4139 et
1535 4076 1865 4160 Georgius,
1927 4080 2376 4157 conpacientes
2423 4080 2777 4139 necessitati
2825 4076 3026 4137 fratris
3083 4078 3196 4149 sui,

498 4193 823 4271 quandam
870 4193 1243 4272 particulam
1292 4204 1457 4253 terre
1502 4195 1687 4253 sitam
1736 4194 1897 4253 inter
1943 4182 2174 4252 terram
2225 4192 2386 4253 Petri
2422 4190 2526 4252 filii
2565 4190 2825 4271 Dragan
2859 4202 2921 4250 et
2954 4202 3184 4250 terram

494 4306 759 4385 predicti
806 4304 1086 4379 Andree,
1133 4324 1329 4386 quam
1385 4304 1574 4365 frater
1633 4324 1855 4365 eorum
1921 4307 2180 4365 nomine
2245 4304 2393 4364 Ivan
2467 4305 2549 4364 de
2611 4315 2772 4363 terra
2845 4301 3194 4365 Cheresne-

495 4419 678 4480 uicha
753 4419 1037 4498 predicta
1098 4420 1467 4496 empticiam
1530 4418 1809 4499 magistri
1872 4419 2036 4478 Petri
2096 4418 2400 4497 prepositi
2462 4428 2526 4477 et
2587 4417 2792 4476 fratris
2859 4417 2950 4475 sui
3018 4426 3195 4473 ante-

494 4533 643 4594 dicti
691 4532 775 4592 ab
820 4532 1061 4593 eisdem
1109 4534 1402 4603 euicerat,
1448 4530 1863 4591 reddiderunt
1909 4550 2026 4609 pro
2073 4531 2250 4590 bono
2297 4531 2470 4608 pacis
2539 4548 2651 4607 per
2699 4532 2868 4589 uiam
2930 4546 3195 4605 compo-

494 4648 747 4708 sicionis
794 4656 1001 4725 preter
1047 4656 1173 4705 tres
1218 4648 1437 4705 uineas
1482 4648 1545 4705 in
1591 4644 1819 4705 eadem
1884 4645 2192 4723 particula
2260 4646 2606 4704 existentes
2667 4644 2884 4702 comiti
2931 4640 3194 4701 Andree

494 4770 805 4837 perpetuo
852 4758 1325 4836 possidendam,
1370 4757 1729 4839 obligantes
1771 4778 1839 4817 se
1884 4757 1970 4817 ad
2009 4757 2418 4818 statuendum
2453 4757 2934 4837 generationem
2968 4773 3188 4815 eorum

494 4875 556 4934 in
604 4884 833 4932 octaua
879 4871 1234 4949 Epiphanie
1280 4871 1523 4931 domini
1570 4873 1870 4949 proximo
1935 4873 2229 4931 ueniente
2288 4888 2405 4947 pro
2469 4869 2639 4929 dicta
2701 4867 3008 4947 particula
3055 4886 3194 4945 pre-

494 4984 626 5046 fato
672 4983 937 5046 Andree
993 4986 1209 5046 comiti
1274 5003 1423 5045 cum
1485 4986 1715 5045 nost-ris
1776 4984 1994 5044 litteris
2057 4981 2518 5043 confirmanda.
2582 4979 2746 5046 Cum
2810 4982 2998 5061 igitur
3059 4998 3198 5057 pre-

492 5098 661 5159 dicta
709 5107 938 5159 octaua
984 5097 1341 5177 Epiphanie
1387 5097 1629 5158 domini
1664 5097 2041 5166 aduenisset,
2075 5096 2498 5156 constiterunt
2530 5113 2748 5156 coram
2783 5094 2969 5153 nobis
3003 5092 3192 5153 iidem
