3797 5795
1797 355 1875 363 —
1942 319 2209 385 268-

1910 612 2103 692 766.

650 782 852 863 1263,
896 784 1005 850 18.
1054 783 1388 851 oktobra.
1435 786 1494 852 U
1539 784 2004 853 Cittavechii.

662 988 894 1052 Urban
929 990 978 1051 I
987 990 1058 1053 V.
1087 999 1270 1075 papa
1303 991 1460 1076 daje
1481 992 1755 1076 pravila
1787 993 2283 1057 samostanz‘ma
2315 994 2351 1057 ι’
2374 996 2725 1058 duvnama
2774 996 2936 1058 reda
2980 1016 3076 1057 sv.
3120 994 3359 1057 Klare.

828 1208 1156 1288 Johannes
1201 1212 1608 1272 miseratione
1669 1212 1884 1274 diuina
1954 1215 2155 1274 sancti
2203 1212 2450 1274 Nicolai
2496 1215 2558 1273 in
2606 1231 2861 1273 carcere
2920 1212 3222 1275 Tulliano
3268 1212 3364 1272 di-

658 1340 902 1382 aconus
947 1323 1282 1384 cardinalis
1328 1324 1571 1385 dilectis
1616 1326 1679 1385 in
1730 1324 1985 1391 Christo
2031 1326 2281 1388 filiabus
2328 1328 2633 1387 uniuersis
2686 1326 3023 1387 abbatissis
3069 1336 3133 1386 et
3181 1344 3360 1385 soro-

622 1432 828 1493 ribus
893 1435 1146 1496 inclusis
1206 1437 1445 1497 ordinis
1491 1451 1710 1500 sancte
1758 1437 1943 1503 Clare
1989 1439 2260 1501 salutem
2324 1440 2386 1500 in
2447 1440 2729 1500 domin0.
2785 1438 3219 1501 Attendentes
3270 1438 3354 1499 de

652 1546 821 1607 sacili
888 1552 1223 1627 prouenire
1293 1570 1425 1613 non
1493 1572 1700 1632 posse,
1763 1553 1940 1633 quod
2009 1554 2226 1637 regula
2292 1548 2526 1636 uob(is)
2598 1572 2800 1632 nuper
2860 1572 2897 1614 a
2958 1553 3363 1615 sanctissimo

655 1670 839 1738 patre
883 1679 961 1722 ac
1005 1662 1274 1724 domino
1327 1666 1590 1728 Urbano
1635 1685 1892 1727 summo
1938 1665 2242 1746 pontifice
2316 1666 2547 1729 tradita
2610 1666 2729 1727 sub
2775 1666 3063 1727 eiusdem
3111 1665 3361 1725 domini

656 1774 830 1836 bulla
863 1777 924 1835 in
955 1777 1219 1857 singulis
1248 1781 1592 1857 prouinciis
1623 1779 1725 1839 uel
1757 1780 2159 1840 monasteriis
2195 1782 2386 1840 uestri
2419 1778 2659 1839 ordinis
2690 1778 3045 1851 haberetur,
3081 1777 3361 1838 eandem

656 1870 943 1970 regulam
991 1909 1119 1969 que
1165 1891 1286 1950 sub
1329 1892 1544 1970 papali
1591 1892 1762 1953 bulla
1793 1894 1853 1952 in
1889 1891 1998 1953 filo
2030 1894 2231 1953 serico
2275 1892 2584 1970 pendenti
2628 1890 2869 1952 bullata
2915 1890 2998 1951 de
3046 1890 3362 1951 mandato

656 2012 880 2063 nostro
926 2002 1191 2063 diuersis
1236 2016 1523 2065 seruatur
1568 2008 1632 2066 in
1678 2005 1834 2066 locis
1894 2005 2244 2079 transcribi,
2289 2014 2481 2083 prout
2548 2005 2806 2065 inferius
2850 2006 3233 2075 continetur,
3279 2003 3366 2064 de

656 2116 859 2177 uerbo
905 2116 988 2177 ad
1035 2119 1300 2178 uerbum
1353 2118 1542 2179 nichil
1589 2129 1852 2192 mutat0,
1901 2117 2216 2180 diminuto
2247 2137 2360 2179 seu
2391 2118 2634 2193 addite,
2664 2116 3049 2197 quibusdam
3097 2116 3365 2177 rubricis

654 2228 817 2289 infra
864 2234 1099 2291 notatis
1145 2231 1488 2292 dumtaxat
1533 2234 1834 2311 exceptiS,
1874 2232 2141 2292 fecimus
2173 2232 2520 2313 diligenter.
2556 2232 2639 2293 Et
2668 2232 3119 2309 transcriptum
3153 2232 3363 2307 ipsum

658 2340 746 2401 ad
792 2343 1096 2423 originale
1127 2363 1272 2405 curn
1307 2345 1526 2406 debita
1571 2344 1993 2405 sollicitudine
2038 2344 2415 2405 ascultatum
2448 2354 2512 2406 et
2542 2345 2733 2423 plene
2780 2354 3135 2404 correctum
3172 2342 3361 2401 uobis

657 2456 782 2515 sub
841 2458 1037 2516 nostri
1099 2458 1278 2539 sigilli
1342 2459 1694 2518 munimine
1755 2458 2058 2519 duximus
2118 2457 2697 2530 transmittendum,
2746 2466 2813 2515 ut
2857 2456 2940 2515 ad
2987 2457 3187 2515 instar
3231 2456 3368 2515 eius

660 2568 948 2649 regulam
1012 2572 1216 2648 ipsam
1278 2571 1591 2631 conscribi
1652 2590 1769 2649 pro
1834 2571 2095 2651 singulis
2141 2571 2364 2630 uestris
2410 2570 2810 2629 monasteriis
2855 2568 3113 2629 faciatis
3164 2564 3361 2630 Cuius

661 2681 878 2761 regule
923 2692 1108 2743 tenor
1157 2682 1255 2743 hic
1299 2694 1412 2743 est.
1461 2683 1762 2745 Urbanus
1807 2686 2145 2763 episcopus
2191 2702 2409 2743 seruus
2453 2700 2783 2743 seruorum
2846 2680 2947 2741 dei
2996 2679 3245 2741 dilectis
3304 2681 3370 2738 in

665 2790 916 2855 Christo
977 2794 1226 2855 filiabus
1293 2798 1598 2857 uniuersis
1657 2796 1993 2857 abbatissis
2037 2806 2100 2856 et
2148 2795 2469 2855 sororibus
2539 2793 2793 2855 inclusis
2854 2793 3094 2854 ordinis
3140 2802 3363 2853 sancte

667 2904 850 2969 Clare
895 2908 1162 2970 salutem
1210 2919 1275 2970 et
1320 2911 1742 2989 apostolicam
1787 2909 2321 2970 benedictionem.

840 3051 1104 3125 (Slz‘jede
1164 3053 1443 3126 opc'enita
1498 3051 1775 3132 pravila,
1844 3050 1985 3119 koja
2045 3071 2120 3107 su
2183 3050 2397 3107 tiskom
2458 3049 2926 3125 objelodanjena
2974 3068 3015 3104 u
3062 3047 3381 3118 narednoj

661 3161 846 3218 litera
852 3171 916 3220 tu
922 3164 1005 3230 ri)
1014 3205 1026 3218 .

839 3298 1008 3362 Nulli
1056 3319 1208 3382 ergo
1257 3304 1523 3362 omnino
1586 3301 1922 3363 hominum
1986 3301 2173 3362 liceat
2218 3301 2383 3362 hanc
2428 3303 2729 3381 paginam
2800 3310 3016 3359 nostre
3062 3299 3373 3357 constitu-

661 3415 869 3486 tionis,
914 3416 1360 3487 concessionis,
1405 3413 1911 3475 confirmationis
1974 3426 2037 3474 et
2082 3414 2502 3475 absolutionis
2549 3413 2906 3493 infringere,
2954 3410 3055 3470 uel
3103 3411 3163 3469 ei
3210 3426 3372 3468 ausu

662 3527 1001 3585 temerario
1062 3529 1391 3587 contraire.
1453 3525 1520 3590 Si
1585 3529 1728 3606 quis
1785 3539 2001 3589 autem
2064 3527 2188 3587 hoc
2248 3537 2633 3604 attemptare
2677 3525 3151 3604 presumpserit,
3214 3521 3381 3582 indi-

659 3641 1032 3718 gnationem
1080 3642 1540 3718 omnipotentis
1586 3640 1686 3702 dei
1734 3652 1799 3700 et
1846 3640 2183 3700 beatorum
2233 3640 2397 3700 Petri
2430 3649 2496 3699 et
2530 3639 2703 3699 Pauli
2750 3636 3195 3714 apostolorum
3238 3636 3379 3697 eius

661 3768 732 3809 se
779 3754 1025 3812 nouerit
1071 3755 1483 3815 incursurum.
1532 3752 1700 3814 Data
1730 3752 1909 3832 apud
1944 3753 2189 3814 Vrbem
2224 3763 2510 3814 ueterem
2558 3750 3044 3830 quintodecimo
3076 3746 3377 3807 kalendis

662 3865 1048 3939 nouembris,
1094 3865 1503 3945 pontificatus
1549 3868 1742 3928 nostri
1792 3885 1966 3928 anno
2013 3867 2216 3926 tcrtio.

841 4059 1206 4116 Savremem’
1254 4061 1520 4136 prijepis
1581 4080 1620 4116 u
1672 4060 1933 4133 gubern.
2001 4058 2225 4114 arkivu
2289 4078 2328 4115 u
2390 4058 2626 4124 Zadru,
2674 4055 2812 4112 odio
2874 4060 3236 4110 samostana
3283 4069 3376 4106 w.

659 4161 888 4220 Nz‘kole
934 4163 1020 4220 br.
1075 4169 1170 4220 44.

849 4267 1186 4326 Cherubini
1227 4268 1473 4327 Bullar.
1526 4268 1572 4325 I.
1627 4272 1754 4328 123.
1809 4302 1888 4309 --
1941 4265 2247 4323 Sbaralea
2298 4265 2543 4322 Bullar.
2574 4262 2892 4340 francisa
2945 4259 3067 4318 III.
3120 4261 3262 4316 709.
3292 4290 3388 4300 —

681 4373 993 4448 W'adding
1031 4375 1191 4432 Ann.
1241 4375 1472 4432 Minor.
1523 4373 1569 4430 I
1573 4374 1629 4431 V.
1685 4377 1804 4429 518.
1865 4404 1935 4412 —
1989 4371 2314 4444 Raynaldi
2357 4371 2518 4427 Ann.
2566 4369 2657 4424 ad
2700 4387 2756 4423 a.
2808 4367 2981 4422 1263.
3028 4365 3091 4436 ῥ’.
3150 4365 3245 4416 90.
3296 4393 3391 4404 —

664 4479 948 4536 Potthast
988 4481 1137 4553 Reg.
1180 4480 1409 4556 pontg'f.
1456 4479 1544 4536 br.
1597 4480 1822 4536 18.680.
