3797 5795
1855 359 2263 422 -350-

708 550 990 629 signatas
1035 557 1099 608 et
1146 550 1332 609 metis
1391 551 1609 610 terreis
1663 550 2092 612 circumfusas,
2164 550 2321 611 Inde
2366 550 2450 612 ad
2499 551 2659 610 duas
2700 550 2958 611 arbores
3013 553 3103 611 tul
3158 565 3223 612 et
3278 551 3411 630 byk

708 662 1178 742 crucesignatas
1222 673 1286 722 et
1332 663 1517 723 metis
1565 667 1784 724 terreis
1829 663 2258 725 circumfusas,
2322 663 2479 725 Inde
2526 664 2612 724 ad
2656 665 2825 724 viam
2872 683 3087 724 versus
3132 663 3409 725 eandem

709 784 958 852 partem
999 773 1084 835 ad
1133 775 1393 836 arbores
1439 776 1553 836 has
1601 787 1665 836 et
1712 775 1848 854 byk
1893 779 2362 858 crucesignatas
2406 788 2470 838 et
2518 776 2705 838 metis
2750 778 2963 838 terreis
2994 777 3412 838 circumfusas

712 886 869 947 Inde
921 886 1005 948 ad
1059 887 1220 949 duas
1268 889 1529 949 arbores
1574 890 1668 951 tul
1716 899 1780 950 et
1827 888 1943 950 has
1988 891 2456 971 crucesignatas
2516 899 2581 950 et
2627 891 2813 949 metis
2876 891 3092 950 terreis
3146 892 3413 950 circum-

709 1000 895 1060 fusas,
967 999 1122 1060 Inde
1179 1001 1261 1060 ad
1317 1000 1475 1062 duas
1527 1002 1788 1062 arbores
1841 1003 2061 1064 horest
2120 1004 2589 1083 crucesignatas
2648 1011 2713 1062 et
2776 1004 2961 1062 metis
3022 1004 3240 1063 terreis
3298 1004 3415 1062 cir-

706 1113 1046 1174 cumfusas,
1125 1113 1280 1174 Inde
1342 1117 1566 1175 iterum
1629 1116 1712 1176 ad
1773 1114 1935 1176 duas
1994 1116 2253 1176 arbores
2317 1114 2532 1176 harost
2606 1117 3074 1196 crucesignatas
3118 1125 3181 1175 et
3229 1117 3416 1176 metis

708 1227 924 1287 terreis
955 1227 1381 1288 circumfusas,
1445 1227 1602 1288 Inde
1633 1227 1720 1289 ad
1752 1227 1911 1290 duas
1942 1229 2201 1289 arbores
2232 1229 2346 1290 has
2378 1229 2844 1310 crucesignatas
2882 1238 2944 1287 et
2978 1231 3166 1288 metis
3197 1230 3416 1288 terreis

703 1339 1134 1400 circumfusas
1185 1339 1340 1400 Inde
1389 1341 1474 1401 ad
1520 1341 1680 1402 duas
1725 1342 1985 1402 arbores
2023 1341 2158 1420 byk
2202 1343 2669 1423 crucesignatas
2718 1351 2781 1402 et
2830 1343 3013 1401 metis
3044 1343 3263 1401 terreis
3293 1343 3414 1400 cir-

703 1451 1044 1512 cumfusas,
1109 1451 1266 1512 Inde
1313 1452 1396 1513 ad
1442 1452 1602 1514 duas
1645 1454 1908 1515 arbores
1953 1455 2067 1515 has
2112 1464 2176 1515 et
2208 1453 2344 1516 ihor
2378 1455 2845 1535 crucesignatas
2874 1464 2937 1514 et
2972 1455 3158 1514 metis
3194 1455 3415 1514 terreis

703 1564 1133 1625 circumfusas.
1199 1565 1354 1626 Inde
1417 1566 1502 1627 ad
1562 1567 1722 1628 duas
1774 1568 2035 1628 arbores
2079 1566 2193 1628 has
2252 1579 2315 1628 et
2378 1567 2517 1628 ihor
2575 1568 3042 1648 crucesignatas
3102 1577 3166 1628 et
3228 1569 3419 1627 metis

706 1678 924 1737 terreis
983 1678 1411 1740 circumfusas.
1489 1678 1646 1740 Inde
1705 1680 1789 1740 ad
1851 1681 2012 1742 duas
2071 1681 2329 1741 arbores
2390 1679 2524 1758 byk
2586 1691 2649 1740 et
2694 1680 2785 1740 tul
2836 1681 3307 1760 crucesignatas
3352 1689 3420 1740 et

707 1791 895 1850 metis
956 1793 1174 1850 terreis
1241 1793 1670 1853 circumfusas
1743 1793 1901 1854 Inde
1961 1796 2097 1854 exit
2156 1794 2239 1855 de
2298 1793 2453 1854 silva
2520 1793 2607 1854 ad
2673 1794 2967 1853 arborem
3038 1792 3151 1853 has
3216 1803 3281 1852 et
3328 1793 3419 1852 ad

703 1901 868 1962 duas
914 1914 1117 1963 metas
1184 1914 1435 1966 terreas,
1513 1904 1668 1966 Inde
1728 1926 1844 1985 per
1904 1925 2099 1968 unam
2162 1906 2393 1968 vallem
2481 1907 2813 1968 descendit
2882 1907 3138 1968 inferius
3206 1925 3415 1984 usque

705 2014 791 2074 ad
835 2015 1131 2076 arborem
1179 2017 1484 2078 cheresne
1531 2019 1717 2079 metis
1759 2022 1979 2080 terreis
2021 2020 2488 2080 circumfusam.
2538 2019 2693 2080 Inde
2741 2022 2803 2079 in
2842 2020 3068 2080 eadem
3116 2019 3282 2081 valle
3328 2019 3417 2080 ad

705 2127 868 2189 duas
912 2129 1172 2190 arbores
1217 2131 1459 2191 curtuel
1490 2141 1555 2192 et
1587 2142 1849 2214 gertean
1882 2134 2352 2215 crucesignatas
2398 2147 2462 2192 et
2506 2136 2693 2194 metis
2724 2135 2940 2194 terreis
2984 2132 3416 2200 circumfusas,

705 2241 814 2300 ubi
861 2242 1031 2303 cadit
1062 2245 1125 2302 in
1157 2262 1392 2322 aquam
1427 2245 1820 2323 Pribinisych
1863 2265 2080 2307 versus
2124 2248 2437 2307 orientem
2476 2257 2542 2306 et
2573 2247 2878 2306 vicinatur
2924 2257 3085 2306 terre
3118 2245 3417 2326 Bogdani

704 2367 770 2413 et
834 2354 969 2416 Elie
1015 2354 1287 2417 filiorum
1337 2355 1621 2420 Chakan.
1685 2358 1842 2418 Inde
1904 2359 2238 2420 descendit
2292 2359 2547 2420 inferius
2594 2361 2656 2419 in
2704 2358 2929 2419 eadem
2978 2377 3145 2436 aqua
3194 2377 3415 2417 versus

702 2469 1230 2545 septemtrionem
1278 2471 1361 2530 ad
1409 2482 1646 2531 metam
1710 2481 1981 2531 terream
2045 2473 2153 2531 ubi
2201 2481 2297 2532 est
2344 2482 2515 2532 meta
2563 2471 2701 2532 Elie
2746 2473 2810 2530 in
2856 2471 3081 2532 arbore
3148 2471 3414 2531 curtuel.

707 2579 864 2641 Inde
910 2581 1241 2642 descendit
1301 2601 1524 2662 parum
1587 2583 1672 2643 ad
1721 2595 1962 2645 metam
2030 2595 2302 2645 terream
2373 2585 2645 2656 inferiuS‚
2714 2585 2822 2645 ubi
2868 2586 3172 2644 vicinatur
3242 2595 3412 2645 terra

702 2696 1119 2754 castrensium
1169 2713 1254 2755 ex
1298 2696 1420 2756 alia
1467 2707 1648 2776 parte
1691 2717 1876 2777 aque.
1936 2697 2091 2758 Inde
2136 2717 2251 2776 per
2296 2697 2572 2758 eandem
2618 2707 2865 2776 partem
2896 2697 2980 2756 ad
3014 2697 3171 2756 duas
3204 2705 3414 2756 metas

707 2815 958 2868 terreas.
1011 2807 1167 2868 Inde
1214 2807 1554 2870 reflectitur
1585 2810 1648 2869 in
1680 2810 1909 2870 eadem
1950 2829 2117 2889 aqua
2164 2810 2531 2871 Pribinisich
2576 2813 2740 2870 inter
2785 2811 3313 2888 septemtrionem
3344 2823 3413 2870 et

701 2921 1108 2983 occidentem
1157 2925 1334 2984 iuxta
1381 2926 1766 2985 vicinitatem
1814 2928 1999 2985 castri
2047 2935 2112 2985 et
2156 2927 2366 2985 veniet
2435 2924 2519 2986 ad
2588 2924 2747 2985 duas
2814 2925 3075 2984 arbores
3140 2942 3298 3004 egur
3344 2935 3413 2983 et

701 3043 962 3113 gertean
1012 3038 1496 3117 crucesignataS.
1545 3037 1702 3098 Inde
1747 3038 1831 3098 ad
1873 3038 2033 3098 duas
2078 3038 2337 3099 arbores
2382 3037 2626 3098 curtucl
2672 3048 2735 3097 et
2783 3036 2871 3097 tul
2920 3038 3412 3117 crucesignatas.

706 3144 862 3206 Inde
921 3148 1005 3207 ad
1052 3148 1210 3209 duas
1253 3150 1516 3210 arbores
1563 3150 1652 3210 tul
1700 3161 1764 3210 et
1809 3150 1910 3229 ryl
1943 3153 2411 3231 crucesignatas
2443 3150 2649 3211 tendit
2679 3150 3139 3225 aliquantulum
3193 3168 3413 3209 versus

702 3259 979 3319 eandem
1025 3272 1289 3339 partem.
1340 3262 1497 3323 Inde
1543 3262 1626 3323 ad
1657 3263 1930 3323 mlacam
1980 3261 2368 3343 GceternaU)
2416 3263 2523 3323 ubi
2572 3265 2879 3323 vicinatur
2923 3273 3087 3323 terre
3132 3260 3413 3322 filiorum

703 3370 992 3454 Bogdan.
1045 3373 1200 3434 Inde
1245 3394 1461 3436 versus
1507 3376 1911 3437 occidentem
1958 3378 2020 3436 in
2053 3376 2282 3437 eadem
2317 3376 2521 3437 mlaca
2552 3378 2683 3436 exit
2714 3376 2797 3435 ad
2831 3375 2991 3436 duas
3020 3376 3281 3435 arbores
3314 3376 3411 3435 tul

699 3496 764 3543 et
799 3504 954 3567 egur
998 3490 1480 3569 crucesignataS.
1544 3488 1700 3550 Inde
1747 3489 1832 3549 ad
1877 3490 2038 3551 duas
2083 3489 2344 3551 arbores
2387 3489 2484 3567 zyl
2532 3502 2595 3550 et
2642 3487 2875 3549 keurus
2920 3491 3407 3569 crucesignataS.

700 3596 860 3659 Inde
905 3600 989 3660 ad
1035 3601 1194 3661 duas
1238 3602 1496 3662 arbores
1551 3602 1650 3681 zyl
1711 3605 2180 3684 crucesignatas
2226 3603 2309 3663 de
2354 3622 2479 3663 una
2526 3603 2738 3663 radice
2800 3612 3179 3681 procreatas,
3246 3602 3409 3663 Inde

697 3728 917 3773 versus
963 3714 1192 3774 eadem
1211 3717 1274 3793 (1)
1337 3726 1582 3793 partem
1631 3716 1714 3775 ad
1763 3715 1923 3775 duas
1966 3717 2227 3776 arbores
2271 3715 2485 3776 harost
2531 3728 2597 3776 et
2640 3714 2873 3777 keurus
2918 3717 3409 3796 crucesignataS.

699 3821 860 3886 Inde
921 3828 1083 3885 inter
1149 3829 1672 3905 septemtrionem
1734 3838 1798 3889 et
1860 3828 2265 3889 occidentem
2327 3829 2411 3889 ad
2481 3827 2639 3889 duas
2699 3830 2957 3889 arbores
3002 3827 3094 3889 tul
3140 3839 3204 3887 et
3250 3845 3411 3907 egur

693 3940 1184 4019 crucesignatas
1257 3939 1413 4001 Inde
1459 3940 1544 4001 ad
1590 3941 1750 4003 duas
1793 3942 2054 4002 arbores
2098 3940 2332 4003 keurus
2376 3953 2442 4003 et
2487 3960 2643 4023 egur
2686 3944 3169 4022 crucesignatas.
3249 3939 3409 4000 Inde

691 4048 782 4109 ad
831 4051 989 4112 duas
1034 4053 1292 4113 arbores
1338 4054 1427 4114 tul
1473 4065 1536 4114 et
1580 4054 1752 4115 alma
1814 4056 2301 4135 crucesignata5‚
2346 4056 2451 4116 ubi
2502 4054 2672 4116 cadit
2717 4057 2779 4114 in
2825 4072 3061 4132 aquam
3126 4051 3407 4116 Chazma

689 4173 759 4220 et
809 4166 1114 4226 vicinatur
1158 4177 1321 4227 terre
1365 4170 1618 4228 comitis
1649 4168 1794 4229 Ruh
1826 4169 2141 4246 empticie,
2172 4188 2257 4229 ex
2286 4168 2407 4229 alia
2440 4178 2620 4247 parte
2666 4178 2829 4228 terre
2873 4170 3039 4248 regis
3080 4170 3142 4228 in
3175 4165 3407 4227 eadem

685 4292 868 4352 aqua
916 4279 1246 4339 descendit
1279 4299 1492 4341 versus
1525 4280 1929 4341 occidentem
1960 4300 2075 4359 per
2106 4299 2413 4362 magnum
2462 4282 2745 4358 spacium
2789 4298 2990 4359 usque
3022 4279 3105 4339 ad
3138 4279 3405 4360 longum

687 4402 966 4462 pontem
1000 4393 1212 4469 ibique
1242 4393 1604 4472 relinquens
1651 4394 2038 4455 vicinitatem
2072 4404 2234 4455 terre
2280 4396 2444 4474 regis
2475 4403 2539 4455 et
2572 4395 2879 4455 vicinatur
2908 4404 3073 4453 terre
3118 4392 3401 4466 ecclesie,

689 4500 806 4561 ubi
868 4506 1153 4566 ascendit
1216 4508 1278 4566 in
1328 4506 1592 4587 longum
1643 4517 1929 4584 pontem,
1983 4524 2110 4585 que
2154 4506 2330 4567 ducit
2375 4526 2589 4567 versus
2636 4504 3074 4588 Rachcham(!)
3123 4508 3185 4565 in
3231 4507 3409 4566 cuius

687 4612 1095 4699 longitudine
1140 4622 1463 4697 perveniet
1509 4621 1572 4679 in
1619 4637 1814 4679 unam
1861 4622 2031 4680 viam
2078 4639 2203 4698 que
2250 4619 2427 4681 ducit
2472 4638 2686 4681 versus
2733 4620 3001 4681 domum
3052 4618 3293 4680 Paulini
3318 4618 3403 4679 ad

689 4726 858 4792 duas
901 4732 1161 4793 arbores
1207 4732 1297 4791 tul
1343 4744 1408 4793 et
1453 4750 1608 4813 egur
1652 4734 2122 4813 crucesignatas
2167 4743 2230 4793 et
2276 4736 2465 4794 metis
2510 4734 2727 4794 terreis
2771 4730 3199 4793 circumfusas.
3246 4731 3405 4791 Inde

689 4858 914 4905 versus
961 4846 1294 4906 meridiem
1325 4844 1408 4905 ad
1441 4845 1599 4906 duas
1645 4845 1908 4905 arbores
1953 4846 2090 4906 ihor
2119 4854 2183 4906 et
2213 4845 2303 4906 tul
2352 4848 2821 4927 crucesignatas
2850 4856 2913 4906 et
2954 4848 3139 4906 metis
3182 4846 3401 4905 terreis

689 4954 1107 5020 circumfusas
1173 4961 1232 5019 in
1305 4958 1528 5020 eadem
1603 4961 1719 5019 via.
1788 4958 1944 5019 Inde
2012 4958 2094 5019 ad
2160 4957 2319 5018 duas
2389 4970 2593 5021 metas
2660 4969 2899 5019 terreas
2961 4962 3023 5019 in
3070 4958 3401 5019 arboribus

691 5082 956 5149 gertean
1005 5075 1468 5154 crucesignatis.
1549 5072 1704 5134 Inde
1751 5070 1836 5131 ad
1885 5072 2179 5133 arborem
2226 5072 2473 5133 curtuel
2531 5074 3037 5154 crucesignatam
3084 5082 3150 5133 et
3194 5084 3399 5131 metas
