3797 5795
1746 415 1818 421 —
1878 378 2009 443 488
2070 412 2157 421 --

592 569 863 634 Cozmas
893 568 1311 648 postmodum
1344 568 1720 650 Zagrabiam
1759 568 2142 630 accedentes
2171 570 2336 629 circa
2366 578 2633 629 octauas
2667 565 3019 646 Epiphanie
3051 566 3304 626 domini

588 683 776 743 nobis
820 681 1222 761 presentibus
1253 684 1317 741 in
1348 682 1492 741 loco
1524 680 1781 759 capituli
1814 682 2011 741 nostri
2044 681 2129 740 ab
2159 680 2392 742 eodem
2423 680 2696 740 domino
2727 680 3031 759 episcopo
3065 697 3307 739 munus

588 794 1019 857 absolucionis
1064 793 1383 855 humiliter
1429 804 1736 873 peterent.
1782 793 2082 855 Tandem
2133 792 2304 853 idem
2350 794 2653 853 dominus
2697 801 2912 853 noster
2958 793 3306 870 episcopus

587 907 964 969 eorumdem
1013 906 1321 967 nobilium
1370 918 1434 967 et
1466 908 1694 967 nostris
1739 906 2034 985 precibus
2081 905 2430 979 inclinatuS,
2477 908 2654 965 iuxta
2699 903 2974 965 sormam
3019 904 3295 965 ecclesie

589 1021 673 1082 ab
732 1021 1413 1082 excommunicacione
1475 1039 1601 1098 qua
1664 1020 1914 1081 fuerant
1990 1019 2298 1093 innodati,
2359 1016 2634 1079 absoluit
2688 1016 2954 1077 eosdem
3014 1028 3083 1078 et
3143 1014 3304 1077 dicti

590 1132 837 1194 nobiles
882 1135 944 1193 in
993 1134 1321 1211 presencia
1385 1132 1629 1192 domini
1702 1134 1898 1193 nostri
1947 1142 2010 1193 et
2056 1142 2274 1192 nostra
2319 1140 2796 1209 assumpserunt
2841 1132 3036 1190 sacris
3079 1132 3304 1189 tactis:

590 1245 765 1324 quod
798 1246 848 1305 si
879 1247 975 1306 uir
1004 1245 1313 1306 discretus
1360 1247 1658 1325 magister
1694 1246 1933 1321 PetrUS,
1965 1246 2325 1324 prepositus
2371 1241 2794 1317 ChasmensiS,
2823 1244 3308 1303 concanonicus

587 1369 820 1434 noster,
866 1376 1054 1438 super
1100 1358 1241 1432 hoc,
1286 1358 1463 1437 quod
1526 1358 1809 1419 decimas
1870 1376 2092 1419 eorum
2144 1360 2205 1417 in
2252 1359 2464 1436 specie
2527 1356 2774 1417 soluere
2821 1366 3188 1416 tenerentur
3235 1356 3304 1414 in

587 1472 831 1534 octauis
891 1473 1175 1531 cinerum
1238 1480 1547 1549 prestaret
1618 1481 2110 1543 sacramentum,
2157 1481 2397 1531 extunc
2443 1469 2725 1529 decimas
2769 1468 2980 1528 eidem
3028 1467 3306 1527 domino

587 1594 807 1645 nostro
854 1582 1105 1645 debitas
1152 1584 1213 1642 in
1262 1584 1473 1661 specie
1541 1582 1879 1643 soluerent.
1941 1582 2252 1644 Termino
2297 1602 2454 1643 uero
2503 1580 2866 1642 huiusmodi
2915 1581 3304 1641 sacramenti

584 1696 987 1769 adueniente,
1035 1714 1154 1755 nos
1199 1694 1281 1755 ad
1330 1696 1821 1775 requisicionem
1869 1696 2115 1757 domini
2166 1697 2367 1756 nostri
2413 1694 2696 1774 episcopi
2745 1711 2946 1754 vnum
2980 1712 3064 1753 ex
3110 1691 3306 1753 nobis

584 1808 876 1869 videlicet
938 1809 1141 1868 virum
1203 1808 1547 1869 discretum
1614 1810 1986 1889 magistrum
2051 1810 2324 1883 Petrum,
2386 1807 2632 1868 dictum
2693 1806 3050 1877 Pulchrum,
3095 1805 3301 1867 archi-

583 1922 925 1982 diaconum
975 1920 1057 1981 de
1104 1920 1433 1995 Vrbouch‚
1479 1920 1562 1981 ad
1610 1921 1961 1982 videndum
2007 1921 2370 1983 huiusmodi
2439 1930 2909 1982 sacramentum
2959 1938 3077 1999 pro
3125 1921 3303 1979 testi-

583 2036 805 2094 monio
852 2034 1315 2094 transmisimus
1359 2033 1442 2093 ad
1489 2035 1729 2094 curiam
1777 2034 1926 2095 dicti
1976 2035 2220 2095 domini
2283 2036 2482 2095 nostri
2545 2034 2844 2112 episcopi,
2890 2034 2996 2110 qui
3044 2030 3128 2092 ad
3175 2050 3304 2091 nos

583 2145 835 2207 rediens
879 2147 1215 2225 requisitus
1261 2146 1453 2207 dixit:
1503 2147 1681 2225 quod
1714 2147 1864 2208 dicti
1898 2146 2148 2209 nobiles
2193 2147 2528 2208 Farcasius
2575 2145 2885 2219 videlicet,
2929 2143 3302 2223 Stephanus

582 2268 645 2318 et
694 2256 1009 2320 Chosmas
1055 2261 1384 2338 preposito
1433 2258 1809 2322 Chasmensi
1841 2263 1905 2320 in
1937 2261 2084 2321 loco
2131 2261 2534 2333 sacramenti,
2579 2258 2872 2319 videlicet
2917 2260 2982 2318 in
3028 2258 3302 2318 ecclesia

582 2370 770 2431 beate
834 2370 1193 2451 Margarete
1254 2373 1317 2430 in
1381 2371 1736 2447 Dumbrou,
1780 2374 2014 2434 astanti
2062 2384 2126 2433 et
2172 2374 2411 2434 uolenti
2483 2376 2683 2434 iurare
2737 2372 3184 2433 relaxauerunt
3229 2382 3299 2431 et

583 2486 960 2545 remiserunt
1025 2484 1265 2545 dictum
1330 2497 1820 2559 sacramentum,
1866 2496 2404 2568 recognoscentes
2469 2486 2832 2547 huiusmodi
2902 2485 3186 2545 decimas
3231 2485 3300 2544 in

580 2598 792 2675 specie
859 2595 1108 2657 soluere
1177 2617 1245 2657 se
1314 2597 1569 2657 debere.
1638 2597 2146 2677 Assumpserunt
2214 2600 2473 2678 insuper
2518 2609 2582 2659 et
2627 2600 3072 2678 promiserunt,
3117 2596 3300 2677 quod

583 2708 885 2789 deinceps
932 2710 1215 2771 decimas
1247 2710 1331 2771 ad
1364 2710 1579 2771 clitum
1606 2710 1668 2791 (l)
1702 2710 1855 2771 dicti
1887 2711 2133 2771 domini
2166 2714 2362 2771 nostri
2397 2711 2483 2772 de
2517 2710 2882 2772 Kamarcha
2927 2720 3302 2789 spectantes

582 2819 831 2883 dabunt
890 2834 951 2883 et
1014 2824 1267 2884 soluent
1329 2826 1391 2883 in
1452 2826 1679 2903 specie.
1750 2823 1819 2883 In
1868 2825 2045 2884 cuius
2107 2826 2195 2885 rei
2257 2826 2694 2885 testimonium
2760 2824 3001 2885 litteras
3045 2832 3302 2883 nostras

581 2938 1013 2997 concessimus
1058 2937 1238 3019 sigilli
1287 2939 1485 2998 nostri
1532 2938 1886 2998 munimine
1932 2937 2280 2998 roboratas
2350 2937 2593 2999 Datum
2643 2941 2705 2999 in
2753 2937 2918 2999 sesto
2971 2937 3300 2998 Valentini

582 3051 867 3122 martiris,
911 3068 1084 3110 anno
1132 3049 1378 3109 domini
1426 3047 1847 3112 MCCLXIX.

754 3240 946 3297 Liber
976 3237 1272 3318 privileg.
1321 3243 1576 3318 episcop.
1625 3243 1891 3317 Zagrab.
1938 3243 2048 3300 list
2092 3247 2175 3300 15.

762 3343 1015 3401 Tkalc'ic‘
1052 3345 1326 3402 silenum.
1374 3346 1631 3422 episcop.
1696 3347 1966 3421 Zagrab.
2019 3349 2067 3406 J.
2117 3351 2459 3404 1-39—140.
2509 3382 2590 3391 —
2656 3349 2902 3406 ll'enzel
2951 3349 3002 3405 C
2997 3349 3089 3405 od.
3137 3348 3296 3423 dipl.

576 3447 815 3523 Arpad.
861 3458 1011 3506 cont.
1062 3449 1171 3507 XI.
1223 3452 1360 3507 597.
1410 3470 1504 3507 n0.
1558 3456 1687 3506 441.
1736 3453 1957 3509 donosi
1999 3463 2214 3527 regest.
2263 3489 2348 3495 —
2393 3453 2771 3528 Kukub'evic‘
2811 3455 2963 3526 Reg.
3013 3472 3105 3509 no.
3147 3455 3295 3508 972.

1849 3759 2043 3840 955.

581 3902 783 3984 1269,
830 3907 893 3969 7.
939 3905 1205 3970 marta..
1253 3904 1313 3970 U
1358 3905 1720 3986 Zagrebu.

576 4090 831 4156 Sinovi
869 4093 1132 4158 Zokovi
1159 4095 1550 4178 prodavaju
1596 4094 1910 4159 komadia‘
1961 4096 2196 4180 zemb‘e
2241 4118 2289 4160 u
2339 4097 2626 4183 Sepnici
2665 4106 2941 4184 iupanu
2994 4099 3293 4184 Andrist

1308 4231 1385 4271 za
1430 4213 1513 4274 15
1551 4216 1771 4292 pensa
1818 4207 2074 4273 dinam
2119 4209 2573 4295 zagrebaa'kilz.

753 4398 890 4460 Nos
949 4399 1244 4461 Detricus
1304 4420 1523 4462 comes
1588 4400 2026 4482 Zagrabiensis
2112 4414 2338 4463 notum
2403 4405 2670 4465 facimus
2731 4406 2962 4484 quibus
3028 4406 3298 4485 expedit

570 4511 898 4585 vniuersis‚
972 4512 1151 4592 quod
1212 4516 1571 4575 constitutis
1634 4516 1696 4574 in
1760 4524 1976 4576 nostra
2038 4517 2370 4593 presencia
2416 4518 2498 4578 ab
2545 4536 2674 4578 una
2737 4528 2914 4598 parte
2979 4519 3302 4594 Endrech,

569 4630 869 4685 terrestre
912 4628 1152 4687 comite
1198 4637 1261 4688 et
1307 4627 1391 4687 ab
1438 4627 1637 4688 altera
1686 4626 1871 4700 Zork,
1917 4626 2191 4702 Descen,
2239 4626 2471 4691 Crican
2519 4641 2582 4690 et
2615 4630 2890 4692 Zoderin
2923 4631 3065 4692 filiis
3104 4631 3302 4706 Zock,

571 4733 766 4796 iidem
799 4735 903 4798 filii
937 4737 1113 4799 Zock
1160 4740 1487 4818 quandam
1534 4743 1910 4820 particulam
1959 4750 2123 4802 terre
2154 4741 2274 4801 sub
2307 4744 2496 4804 metis
2543 4743 2970 4824 infrascriptis
3001 4744 3086 4805 de
3129 4757 3298 4808 terra

570 4864 797 4909 eorum
858 4849 1236 4912 hereditaria
1284 4854 1345 4913 in
1394 4853 1714 4933 Zepniche
1778 4854 2052 4915 confessi
2099 4864 2261 4927 sunt,
2309 4874 2377 4916 sc
2427 4855 2791 4918 uendidisse
2842 4856 3140 4918 Endrech
3188 4879 3298 4920 co-

574 4961 709 5020 miti
754 4962 1121 5040 supradicto
1153 4975 1217 5025 et
1249 4985 1361 5045 per
1393 4986 1541 5028 eum
1590 4969 1718 5028 suis
1765 4966 2106 5028 heredibus
2153 4967 2596 5049 heredumque
2641 4971 3116 5032 successoribus
3163 4973 3300 5034 iure

569 5085 882 5152 perpetuo
928 5076 1407 5152 possidendam,
1452 5100 1571 5159 pro
1618 5078 1990 5159 quindecim
2037 5083 2250 5161 pensis
2296 5081 2708 5144 denariorum
2759 5083 3300 5166 Zagrabiensium,
