3797 5795
1574 401 1980 466 —379—

418 593 733 654 conduxit
796 602 860 652 et
919 595 1167 672 accepit
1229 593 1311 654 ad
1372 591 1827 672 pastinandam
1888 615 1926 654 a
1988 591 2251 671 Duymo
2317 592 2595 656 Kassarii
2661 603 2894 655 terram
2940 611 3122 654 suam

420 725 617 784 quam
665 705 944 768 habebat
990 708 1051 766 in
1098 705 1333 780 Dilato,
1376 707 1757 785 promittens
1802 709 1936 786 ipse
1983 705 2242 788 Dragan
2294 707 2460 768 bene
2505 717 2570 767 et
2616 705 2888 767 fideliter
2931 707 3123 784 pasti-

418 838 573 880 nare
618 828 825 879 totum
871 817 1026 880 illud
1070 838 1155 880 ex
1200 821 1337 897 ipsa
1381 830 1563 893 terra,
1618 819 1796 900 quod
1864 829 1960 880 est
2018 840 2057 881 a
2119 829 2282 880 terra
2344 817 2586 898 Duymi
2645 817 2848 881 Derse
2917 838 3124 899 usque

418 931 503 993 ad
549 933 709 994 uites
752 931 1014 994 Stanchi
1061 930 1275 1014 Drage
1320 934 1384 992 in
1428 932 1659 994 eadem
1704 942 1865 994 terra
1901 933 2234 1011 plantataS‚
2274 932 2567 992 videlicet
2613 950 2785 992 anno
2833 931 3122 1010 quolibet

418 1048 555 1106 sine
599 1045 817 1108 diuino
877 1045 978 1106 uel
1041 1047 1206 1106 iusto
1267 1044 1729 1124 impedimento
1784 1057 2117 1106 uretenum
2164 1065 2363 1108 unum
2412 1057 2606 1124 atque
2652 1045 3010 1120 dimidium,
3056 1057 3119 1106 et

420 1158 597 1236 quod
628 1177 712 1218 ex
756 1159 893 1236 ipsa
939 1167 1102 1219 terra
1163 1159 1589 1237 pastinauerit‚
1636 1158 1699 1220 id
1746 1169 1956 1221 totum
2007 1159 2186 1238 quod
2236 1179 2320 1220 ex
2366 1178 2440 1220 ea
2487 1159 2672 1220 fuerit
2716 1159 3125 1237 pastinatum,

418 1289 593 1331 anno
638 1271 923 1351 quolibet
955 1281 1019 1331 et
1051 1271 1303 1332 decenti
1351 1283 1641 1350 tempore
1686 1274 1821 1332 sine
1868 1271 2088 1334 diuino
2121 1271 2223 1333 uel
2257 1274 2421 1334 iusto
2469 1271 2911 1350 inpedimento
2957 1271 3123 1331 bene

417 1393 485 1445 et
528 1382 796 1444 fideliter
857 1383 1209 1445 secundum
1272 1384 1511 1445 bonam
1558 1384 2090 1446 consuetudinem
2137 1380 2577 1468 Sp[alatensis]
2628 1386 2900 1445 ciuitatis
2945 1383 3122 1444 labo-

417 1515 574 1570 rare,
616 1497 850 1557 scilicet
896 1497 1095 1558 semel
1142 1500 1204 1557 in
1250 1515 1433 1623 ann?
1470 1508 1693 1576 potare
1737 1507 1802 1558 et
1846 1497 2090 1559 uicibus
2136 1498 2386 1559 duabus
2433 1516 2712 1576 §appare
2757 1508 2820 1557 et
2867 1496 2950 1557 de
2983 1515 3122 1556 om-

420 1609 607 1670 nibus
666 1608 989 1682 fructibu5‚
1050 1628 1215 1690 quos
1262 1612 1324 1670 in
1370 1613 1521 1690 ipsis
1581 1611 1815 1672 uitibus
1859 1629 2018 1690 quas
2067 1611 2449 1690 plantauerit
2496 1623 2560 1671 et
2605 1613 2798 1672 etiarn
2848 1611 2910 1670 in
2957 1621 3120 1670 terra

418 1722 577 1784 deus
622 1725 677 1783 ei
723 1722 989 1797 dederit,
1054 1725 1297 1804 integre
1364 1725 1625 1785 terciam
1694 1735 1942 1802 partem
1997 1725 2114 1802 ipsi
2184 1723 2447 1803 Duymo
2493 1723 2647 1785 dare
2693 1733 2756 1783 et
2801 1724 3122 1804 assignare

417 1837 720 1896 conuenit
765 1846 829 1896 et
874 1837 989 1896 sibi
1050 1834 1210 1896 duas
1256 1847 1468 1915 partes
1527 1837 1984 1898 tantummodo
2031 1837 2335 1911 detinere,
2381 1855 2512 1898 non
2561 1836 2862 1898 habendo
2909 1846 3120 1914 potes-

422 1959 619 2008 tatem
690 1951 824 2028 ipse
886 1947 1145 2030 Dragan
1214 1949 1450 2010 dictam
1507 1959 1756 2024 terram,
1823 1949 2034 2010 donec
2102 1961 2238 2010 tota
2299 1969 2338 2011 a
2397 1961 2561 2011 terra
2630 1947 2870 2026 Duymi
2919 1947 3119 2008 Derse

420 2079 623 2140 usque
666 2061 749 2122 ad
797 2064 957 2123 uites
1001 2061 1152 2123 dicti
1199 2061 1459 2126 Stanchi
1504 2065 1819 2142 pastinata
1866 2081 1997 2123 non
2045 2063 2246 2136 fuerit,
2291 2062 2671 2136 dimittendi,
2718 2080 2928 2140 neque
2973 2079 3118 2122 earn

420 2176 477 2234 ei
524 2174 729 2236 dictus
760 2173 1073 2254 Duymus‚
1120 2175 1275 2236 dum
1322 2176 1483 2235 uites
1529 2175 1910 2249 durauerint‚
1941 2175 2368 2236 subtrahendi.
2405 2175 2788 2236 promittens
2818 2185 2882 2234 et
2913 2172 3121 2234 dictus

426 2287 718 2365 Duymus
780 2286 933 2348 dare
992 2299 1055 2349 et
1116 2287 1363 2349 soluere
1423 2289 1539 2366 ipsi
1602 2287 1948 2370 Draganno
2013 2290 2075 2348 in
2135 2287 2522 2349 adiutorium
2588 2285 2948 2366 pastinandi
3001 2305 3120 2364 pro

420 2400 707 2478 quolibet
792 2410 1054 2461 ureteno
1139 2401 1384 2462 uituum
1470 2420 1597 2481 que
1664 2403 2092 2480 pastinauerit,
2167 2411 2513 2479 antequam
2584 2402 2794 2478 ipsum
2862 2399 3118 2476 incipiat

420 2512 755 2590 pastinare,
822 2512 1060 2573 solidos
1134 2513 1555 2594 quadraginta
1629 2514 2038 2574 denariorum
2113 2531 2475 2592 paruorum‚
2551 2513 2635 2574 Et
2711 2512 2829 2572 hec
2903 2512 3119 2571 omnia

420 2624 780 2703 supradicta
825 2625 1092 2703 predicti
1140 2625 1435 2704 Duymus
1465 2636 1529 2686 et
1560 2625 1820 2708 Dragan
1869 2625 1954 2686 ad
2000 2627 2276 2688 inuicem
2323 2625 2653 2688 attendere
2685 2635 2748 2686 et
2780 2625 3121 2685 obseruare

419 2740 1001 2816 compromiserunt
1062 2749 1125 2799 et
1187 2741 1248 2798 in
1309 2738 1485 2800 nullo
1546 2738 1977 2800 contrafacere
2042 2738 2144 2800 uel
2204 2742 2422 2800 uenire
2483 2738 2602 2799 sub
2663 2757 2830 2817 pena
2891 2737 3118 2797 decem

422 2849 721 2911 librarum
783 2851 1187 2913 denariorum
1235 2870 1600 2931 paruorum‚
1644 2871 1804 2931 quas
1849 2871 1996 2932 pars
2041 2853 2530 2914 contraueniens
2576 2853 2734 2932 parti
2780 2849 2960 2912 alteri
3006 2850 3118 2910 ob-

420 2969 694 3025 seruanti
744 2964 895 3025 dare
942 2975 1005 3025 et
1050 2966 1297 3026 soluere
1360 2976 1649 3027 teneatur
1694 2984 1842 3026 cum
1889 2967 2207 3027 bonorum
2271 2984 2550 3039 suorum,
2597 2964 2834 3025 scilicet
2879 2962 3122 3041 Duymi

421 3086 487 3138 et
529 3077 845 3137 bonorum
896 3088 1090 3155 atque
1136 3096 1405 3155 persone
1452 3078 1603 3139 dicti
1647 3078 1974 3161 Draganni
2023 3078 2428 3159 obligatione.
2505 3076 2746 3139 Actum
2811 3078 2873 3136 in
2921 3076 3122 3137 domo

422 3191 547 3249 mei
596 3192 819 3249 notarii
868 3191 1268 3269 presentibus
1314 3190 1659 3252 Leonardo
1705 3190 2020 3266 Draclani,
2054 3190 2385 3270 Stephano
2425 3189 2604 3270 Justi‚
2633 3189 2877 3252 Stanco
2909 3188 3123 3269 Drage

422 3302 689 3362 testibus
736 3314 801 3363 et
844 3303 997 3363 aliis,

598 3444 840 3517 (Drugi
883 3442 1177 3521 rukopis).

600 3578 739 3661 Ego
778 3579 1058 3660 Jacobus
1106 3582 1267 3643 Petri
1315 3584 1605 3661 conscius
1650 3586 2030 3644 examinaui.

602 3692 740 3773 Ego
790 3696 1087 3775 magister
1162 3694 1534 3757 Franciscus
1610 3697 1912 3776 imperiali
1992 3698 2368 3758 auctoritate
2443 3707 2507 3757 et
2585 3714 2753 3757 nunc
2830 3694 3124 3755 comunis

424 3804 665 3883 Spalati
730 3808 965 3867 iuratus
1010 3806 1125 3867 hiis
1172 3808 1469 3869 omnibus
1532 3810 1779 3870 interfui
1828 3821 1891 3869 et
1939 3810 2270 3871 uoluntate
2335 3813 2658 3889 utriusque
2705 3810 2899 3888 partis
2947 3806 3123 3867 dicto

424 3916 775 3998 Draganno
821 3920 1024 3980 simile
1069 3920 1306 3981 faciens
1352 3923 1839 3983 instrumentum
1888 3925 2104 4002 scripsi
2154 3934 2217 3984 et
2263 3923 2578 3983 roboraui.

604 4053 1017 4126 (Allonogram.
1073 4051 1229 4127 not.)

612 4269 908 4343 Original
950 4290 989 4327 u
1036 4269 1258 4327 arkivu
1305 4270 1551 4347 kaptola
1599 4292 1639 4329 u
1689 4273 1926 4349 Spljetu
1972 4292 2030 4331 a.
2084 4275 2250 4330 1266.
2299 4271 2497 4348 (XVI.
2553 4278 2578 4324 1
2602 4317 2620 4340 ,
2676 4273 2800 4335 68·)

618 4374 860 4429 IVenzd
909 4374 959 4431 C
956 4384 1049 4432 σα.
1111 4376 1262 4452 dipl.
1324 4376 1467 4452 Arp.
1529 4386 1679 4434 cont.
1740 4378 1861 4435 lll.
1913 4379 2043 4436 153.
2093 4409 2177 4418 —
2225 4375 2598 4450 Kukuljevid
2640 4378 2783 4451 Reg.
2833 4396 2926 4433 no,
2984 4379 3124 4431 909.
