3797 5795
1806 395 2216 461 ..64οῌ

656 589 1070 651 bernaculum
1118 587 1334 668 adepti
1384 588 1720 649 fuissemus
1766 588 1893 649 deo
1942 587 2154 662 dante,
2201 588 2372 648 idem
2419 605 2642 647 comes
2691 586 2993 647 Nicolaus
3026 588 3090 647 in
3121 605 3366 668 guerra,

658 720 852 781 quam
900 720 1046 763 cum
1094 719 1243 783 rege
1289 701 1629 762 habuimus
1678 700 2086 775 Boemorum,
2147 700 2485 761 fidelitates
2531 712 2594 760 et
2643 701 2890 760 servitia
2951 699 3365 761 fidelitatibus

657 816 1019 888 cumulavit,
1087 814 1451 874 hominibus
1514 814 1597 874 de
1664 812 1893 892 Styria,
1942 816 2050 891 qui
2095 812 2374 874 confinia
2441 816 2619 895 regni
2685 814 2881 873 nostri
2951 812 3365 885 invadebant,

658 940 912 989 strenue
974 927 1330 987 resistendo
1376 937 1440 987 et
1486 928 1805 1007 quosdam
1852 946 1938 987 ex
1986 926 2229 987 eisdem
2293 926 2630 987 crudeliter
2690 927 3042 999 interemit;
3097 925 3365 986 demum

657 1059 805 1102 eum
872 1040 1290 1119 postmodum
1362 1042 1523 1099 inter
1587 1058 1705 1099 nos
1773 1055 1837 1100 et
1906 1057 2124 1120 regem
2173 1038 2564 1099 Boemorum
2633 1050 2857 1119 treuge
2903 1048 2968 1098 et
3012 1037 3362 1098 concordie

656 1155 921 1216 fuissent
966 1153 1274 1226 ordinate,
1306 1151 1476 1213 idem
1510 1172 1625 1213 rex
1662 1153 2052 1213 Boemorum
2097 1152 2458 1231 predictum
2506 1154 2810 1212 comitem
2858 1149 3198 1211 Nicolaum
3238 1170 3360 1228 pro

658 1286 753 1340 e0‚
800 1267 948 1345 quia
1016 1266 1203 1326 nobis
1269 1267 1591 1325 servitium
1660 1265 1976 1345 impendit
2043 1267 2433 1326 incessanter
2500 1275 2564 1325 et
2627 1264 3000 1325 fidelitatem
3049 1266 3251 1324 tenuit
3300 1273 3365 1323 et

657 1382 945 1455 servavit,
990 1382 1117 1440 suis
1176 1379 1393 1439 castris
1438 1390 1504 1439 et
1548 1378 1735 1439 bonis
1794 1397 1870 1438 ac
1931 1379 2438 1457 possessionibus
2498 1378 2792 1455 spoliavit
2853 1377 3176 1450 universiS,
3237 1395 3365 1452 que

659 1503 722 1554 et
770 1512 928 1572 quas
974 1494 1105 1552 iure
1152 1491 1529 1552 hereditario
1575 1494 1639 1550 in
1684 1490 1895 1569 Styria
1940 1490 2328 1569 possidebat,
2394 1490 2676 1551 eundem
2723 1489 2805 1550 de
2851 1489 3064 1567 Styria
3109 1492 3363 1567 penitus

664 1605 1091 1667 excludendo
1140 1604 1278 1666 Nos
1323 1606 1509 1685 igitur
1552 1604 1960 1664 attendentes
1989 1602 2327 1664 fidelitates
2356 1613 2419 1664 et
2449 1605 2718 1675 servitia,
2753 1622 2877 1681 que
2923 1602 3096 1663 idem
3145 1620 3366 1662 comes

654 1719 959 1781 Nicolaus
1020 1720 1329 1778 maiestati
1390 1727 1605 1778 nostre
1666 1716 1924 1777 diversis
1983 1718 2381 1795 temporibus
2432 1715 2720 1776 exhibuit
2789 1716 3123 1790 indefesse,
3183 1713 3352 1775 adeo

652 1842 867 1893 nostre
935 1830 1289 1891 celsitudini
1358 1829 1748 1903 adherendO,
1816 1840 1885 1891 ut
1953 1833 2492 1909 proscriptionem
2559 1830 2899 1902 bonorum,
2963 1829 3360 1889 ablationem

650 1946 1128 2023 possessionum
1204 1944 1495 2003 omnium
1571 1954 1908 2021 pateretur,
1978 1945 2042 2002 in
2112 1945 2778 2021 recompensationem
2845 1944 2938 2003 sui
3009 1940 3361 2003 fidelissimi

648 2057 1007 2131 famulatuS,
1054 2057 1198 2117 licet
1266 2066 1527 2135 propter
1596 2056 2006 2116 amissionem
2075 2056 2397 2116 bonorum
2461 2074 2723 2116 suorum
2790 2057 3010 2115 maiori
3057 2054 3223 2115 foret
3269 2074 3364 2115 re-

648 2172 1193 2249 compensationis
1238 2169 1656 2248 amplitudine
1703 2168 2105 2241 refovenduS,
2139 2171 2203 2228 in
2247 2170 2500 2249 signum
2547 2180 2765 2229 tamen
2811 2170 3009 2249 gratie
3055 2166 3368 2246 specialis,

648 2302 775 2363 qua
843 2302 993 2344 eum
1063 2280 1531 2343 munificentius
1599 2283 1897 2360 prosequi
1967 2282 2266 2342 volumus
2327 2283 2392 2341 in
2459 2280 2758 2354 futurum,
2824 2281 2906 2342 de
2964 2281 3365 2362 benignitate

646 2397 820 2476 regia
886 2394 1099 2456 villam
1169 2395 1491 2456 Zamobur
1558 2406 1873 2468 vocatam,
1920 2396 1984 2453 in
2029 2392 2369 2455 Sclavonia
2414 2397 2825 2467 existentem,
2891 2412 3039 2455 curn
3105 2394 3366 2467 tribut0,

646 2507 1021 2569 utilitatibus
1083 2518 1147 2569 et
1206 2510 1602 2586 pertinentiis
1670 2510 1797 2567 suis
1866 2508 2172 2568 universis
2233 2507 2444 2567 eidem
2508 2510 2726 2567 comiti
2793 2507 3062 2568 Nicolao
3125 2517 3189 2567 et
3250 2525 3366 2585 per

646 2640 795 2681 eum
863 2623 990 2681 suis
1058 2620 1397 2681 heredibus
1455 2619 1890 2699 heredumque
1957 2638 2222 2681 suorum
2287 2620 2756 2681 successoribus
2817 2619 3131 2690 dedimus,
3202 2638 3362 2679 con-

651 2732 911 2795 tulimus
957 2744 1021 2794 et
1067 2734 1448 2794 donavimus
1514 2735 1645 2793 iure
1714 2752 2029 2812 perperuo
2100 2743 2164 2793 et
2225 2732 2731 2793 inrevocabiliter
2791 2731 3248 2811 possidendam
3299 2740 3364 2792 et

654 2846 931 2908 eandem
976 2848 1094 2908 sibi
1140 2865 1254 2927 per
1302 2846 1688 2907 Iwachinum
1734 2847 1976 2907 banum
2024 2848 2220 2907 totius
2266 2843 2619 2919 Sclavonie,
2667 2846 2971 2907 dilectum
3005 2856 3068 2907 et
3103 2844 3364 2906 fidelem

655 2967 948 3021 nostrum
993 2960 1260 3021 fecimus
1305 2961 1608 3041 assignari
1653 2961 1773 3020 sub
1821 2961 2008 3020 metis
2053 2961 2370 3020 veteribus
2415 2969 2479 3020 et
2520 2961 2812 3038 antiquis
2879 2959 2965 3022 Ut
3013 2961 3200 3041 igitur
3245 2959 3366 3019 hec

651 3083 869 3133 nostra
915 3073 1179 3133 donatio
1225 3091 1338 3133 seu
1383 3073 1641 3133 collatio
1688 3073 1882 3133 robur
1943 3087 2251 3151 perpetue
2321 3071 2988 3146 firmitatis'obtineat,
3033 3081 3366 3151 presentes

652 3188 1086 3247 concessimus
1146 3186 1383 3246 litteras
1446 3185 1627 3266 sigilli
1692 3187 1887 3246 nostri
1952 3185 2222 3263 duplicis
2286 3187 2639 3246 munimine
2685 3186 3070 3246 roborando
3121 3184 3364 3247 Datum

653 3316 769 3376 per
816 3317 1043 3359 manus
1107 3300 1388 3380 magistri
1454 3298 1781 3358 Benedicti
1844 3297 2220 3360 Orodiensis
2275 3297 2540 3359 ecclesie
2586 3301 2909 3378 prepositi,
2955 3298 3099 3360 aule
3145 3311 3362 3360 nostre

654 3411 1170 3484 vicecancellarii,
1217 3411 1430 3472 dilecti
1461 3420 1526 3472 et
1556 3410 1760 3472 fidelis
1791 3411 2008 3482 nostri,
2039 3429 2210 3470 anno
2243 3410 2489 3471 domini
2536 3410 2875 3472 millesimo
2922 3411 3363 3472 ducentesimo

654 3526 1131 3605 septuagesimo
1206 3524 1513 3599 secund0,
1577 3525 1752 3604 regni
1822 3534 2039 3584 autem
2115 3526 2314 3584 nostri
2383 3541 2556 3584 anno
2627 3525 2830 3598 terti0,
2900 3523 3364 3585 venerabilibus

653 3636 942 3714 patribus
989 3636 1279 3716 Philippo
1314 3635 1732 3718 Strigoniensi
1762 3636 2181 3715 eiusdemque
2213 3637 2338 3697 loci
2367 3639 2606 3697 comite
2651 3646 2983 3716 perpetuO,
3029 3635 3361 3717 Stephano

656 3744 1042 3810 Colochensi
1102 3751 1246 3811 aule
1308 3761 1523 3810 nostre
1583 3749 1962 3811 cancellario
2007 3760 2072 3810 et
2109 3749 2404 3830 Johanne
2451 3747 2808 3829 Spalatensi
2853 3749 3362 3829 archiepiscopis

654 3858 1009 3941 Lamperto
1070 3859 1384 3943 Agriensi,
1422 3861 1547 3942 Job
1609 3861 2279 3942 Quinqueecclesiensi
2339 3865 2576 3923 comite
2641 3863 3055 3937 Musuniensi,
3119 3863 3361 3924 Briccio

658 3971 1105 4048 Chenadiensi‚
1135 3975 1428 4054 Philippo
1480 3976 1799 4036 Waciensi
1845 3975 2110 4036 domine
2155 3979 2373 4057 regine
2419 3976 2815 4049 cancellariO,
2848 3976 3049 4038 Paulo
3082 3977 3362 4055 Wespri-

655 4088 902 4162 miensi,
931 4087 1322 4149 Thimotheo
1364 4087 1787 4169 Zagrabiensi,
1817 4087 2214 4149 Lodomerio
2250 4088 2667 4162 waradiensi,
2697 4089 3016 4167 Dionysio
3054 4089 3362 4170 Jauriensi

654 4207 722 4258 et
754 4199 943 4261 Petro
988 4201 1439 4263 Transsilvano
1485 4203 1802 4281 episcopis
1847 4201 2148 4262 ecclesias
2178 4201 2282 4262 dei
2315 4201 2579 4262 feliciter
2624 4202 3145 4283 gubernantibus
3171 4201 3368 4280 Moys

654 4312 940 4388 palatino
998 4315 1235 4374 comite
1298 4309 1715 4393 Supruniensi
1774 4314 1982 4374 iudice
2059 4311 2515 4388 Cumanorum,
2577 4315 2846 4375 Nicolao
2913 4314 3122 4376 iudice
3191 4315 3365 4376 curie

656 4435 874 4487 nostre
933 4429 1171 4488 comite
1230 4425 1633 4508 Symigiensi,
1675 4425 1908 4508 Egidio
1970 4429 2274 4509 magistro
2335 4431 2805 4490 tavarnicorum
2866 4430 3106 4489 comite
3169 4429 3366 4490 Poso-

658 4536 878 4614 niensi,
941 4538 1261 4600 Iwachino
1321 4541 1494 4601 bano
1553 4543 1749 4601 totius
1808 4539 2162 4614 Sclavonie,
2217 4541 2482 4602 Matheo
2543 4541 2882 4620 voyavoda
2942 4542 3367 4604 Transilvano

656 4653 895 4713 comite
940 4651 1024 4712 de
1067 4651 1313 4726 Zonuk,
1358 4652 1707 4714 Laurentio
1754 4654 1929 4714 bano
1974 4652 2058 4715 de
2103 4653 2377 4715 Zeurino
2423 4655 2661 4715 comite
2707 4652 2790 4715 de
2837 4652 3139 4728 Dobuka,
3170 4655 3362 4715 Petro

658 4766 966 4846 magistro
1024 4765 1457 4843 dapiferorum
1516 4768 1753 4827 comite
1800 4765 1883 4826 de
1929 4763 2259 4841 Guechke,
2303 4765 2581 4828 Alberto
2649 4769 2957 4849 magistro
3001 4785 3366 4849 agazonum

658 4879 896 4939 comite
940 4876 1025 4939 de
1070 4877 1383 4956 Zybynio,
1429 4878 1723 4958 Philippo
1770 4880 2074 4960 magistro
2141 4881 2610 4958 pincernarum,
2659 4881 2858 4941 Paulo
2903 4880 3079 4940 bano
3126 4882 3370 4942 comite

660 4987 1009 5065 Bachiensi,
1067 4988 1382 5072 Gregorio
1428 4993 1733 5074 magistro
1779 4993 2248 5052 tavarnicorum
2305 4992 2570 5054 domine
2612 4995 2832 5076 regine
2876 4995 3115 5055 comite
3161 4990 3369 5056 Castri
