3797 5795
1579 350 1984 413 —591—

458 540 938 608 vicecancellarii,
983 539 1194 600 dilecti
1242 551 1306 599 et
1352 539 1556 602 fidelis
1588 543 1804 613 nostri,
1849 560 2021 601 anno
2067 541 2309 603 domini
2345 540 2452 602 Μο
2489 539 2632 604 CC⁰
2663 542 3135 623 septuagesimo

458 658 663 733 prime,
705 656 927 733 quinto
974 653 1139 731 ydus
1186 655 1351 725 maii,
1398 655 1574 735 regni
1608 663 1835 716 -autern
1882 656 2080 715 nostri
2126 672 2301 714 anno
2345 657 2573 733 prime.

628 846 917 919 Ortjgw‘nal
942 866 981 904 u
1011 846 1103 905 kr.
1141 867 1239 920 ug.
1276 848 1403 905 (ι’νέ.
1439 846 1663 906 arkz'vu
1696 866 1735 903 u
1762 848 2074 904 Budimu:
2119 848 2207 905 M.
2255 846 2326 906 O.
2362 847 2442 905 D.
2477 847 2552 905 L.
2601 867 2698 907 no,
2743 851 2873 903 ?54.
2912 848 3134 921 (Stura

473 953 574 1025 seg.
619 952 695 1008 N.
744 952 815 1008 R.
860 952 935 1008 A.
980 954 1141 1021 fasc.
1209 953 1377 1009 1532.
1425 972 1517 1009 no,
1567 954 1684 1015 12.)
1754 952 1861 1009 Na
1908 952 2112 1008 listim'
2153 951 2368 1008 nalazi
2408 972 2476 1008 se
2521 952 2762 1011 wilena
2806 972 2995 1011 vrvca
3039 971 3134 1009 ze-

460 1056 583 1112 lene
611 1056 635 1109 i
659 1060 788 1111 &ute
832 1054 963 1129 boje
980 1075 1001 1121 ,·
1043 1060 1263 1131 pec‘ata
1308 1056 1439 1111 υἱέε
1484 1074 1681 1113 nema.
1729 1090 1808 1096 —
1841 1055 1949 1113 Na
1981 1055 2162 1131 hrptu
2193 1074 2561 1113 suvremena
2593 1055 2854 1131 bilyksfka
2873 1078 2894 1113 .·
2934 1058 3136 1130 priui-

460 1160 669 1231 legium
713 1168 897 1234 super
940 1167 1173 1215 terram
1219 1160 1510 1216 llarnad.

630 1263 861 1320 Wenzel
894 1262 1033 1321 Cod.
1069 1263 1217 1340 dipl.
1254 1264 1401 1338 Arp.
1437 1272 1589 1319 cont.
1642 1262 1806 1321 VIII.
1848 1266 2114 1322 334—5.
2145 1299 2228 1305 ——-
2254 1263 2634 1340 Kukuljevid
2651 1267 2799 1342 Reg.
2832 1286 2926 1325 no.
2964 1270 3137 1325 1033.

1720 1555 1853 1633 42.

454 1721 636 1799 1271,
682 1720 789 1785 13.
836 1718 1053 1803 maja.
1100 1722 1153 1787 U
1202 1718 1530 1802 Troqiru.

471 1908 675 1993 Vq'jec‘e
727 1910 953 1994 gradez
1024 1909 1088 1971 T
1081 1908 1311 1994 rogim
1356 1909 1645 1972 sabrano
1692 1932 1738 1971 u
1786 1909 1982 1974 crkvz'
2019 1932 2115 1973 sv.
2173 1910 2520 1973 Lovrz'nca
2574 1912 2892 1998 adluduje
2939 1914 3027 1976 da
3073 1936 3142 1977 se

445 2022 735 2107 prodade
792 2043 909 2085 vas
972 2022 1221 2085 z'metak
1282 2020 1509 2085 Grubz'
1564 2022 1782 2111 udovz'
1848 2022 2305 2108 Tolimzhvoj.
2377 2024 2682 2109 Prodaja
2727 2047 2798 2088 se
2842 2027 3140 2111 odgaasy'a

1134 2134 1243 2197 ali
1280 2134 1515 2220 kupz'tz‘
1554 2156 1753 2221 mogu
1799 2158 1986 2199 samo
2045 2135 2434 2221 Trogz'ram'.

614 2328 928 2393 Generale
974 2329 1307 2389 consilium
1358 2330 1595 2389 factum
1630 2330 1743 2389 fuit
1780 2331 1838 2388 in
1874 2332 2128 2390 civitate
2174 2330 2231 2391 T
2237 2332 2576 2411 raguriensi
2627 2331 2893 2391 ecclesio
2943 2346 3144 2411 saneti

452 2444 784 2515 Laurentii,
830 2444 891 2502 in
940 2460 1069 2521 quo
1117 2442 1537 2533 propositum,
1584 2442 1992 2503 recordatum
2040 2454 2101 2503 et
2151 2441 2393 2503 dictum
2460 2444 2591 2503 suit.
2656 2442 2818 2506 Cum
2882 2444 3146 2507 domine

452 2556 664 2619 Grube
734 2558 916 2617 uxori
990 2555 1319 2633 quondam
1390 2555 1695 2616 Tolimeri
1765 2574 1882 2635 pro
1947 2576 2014 2616 se
2083 2568 2145 2617 et
2206 2555 2348 2616 filiis
2408 2556 2642 2635 pluries
2701 2560 2822 2617 sint
2895 2561 3142 2620 termini

452 2671 773 2752 adsignati,
819 2681 886 2730 ut
934 2669 1209 2730 vendere
1256 2668 1567 2729 deberent
1614 2671 1831 2729 omnia
1878 2688 2102 2729 eorum
2148 2669 2322 2729 bona
2373 2688 2498 2747 que
2531 2669 2764 2730 habent
2800 2672 2860 2731 in
2894 2673 3146 2733 civitate

452 2784 513 2845 T
516 2786 731 2865 ragurii
776 2796 839 2843 et
888 2793 1028 2843 toto
1060 2785 1193 2843 eius
1239 2784 1553 2841 territon’o
1599 2791 1663 2842 et
1710 2781 2014 2853 districta,
2047 2792 2110 2842 et
2141 2793 2366 2860 postea
2398 2802 2516 2861 pro
2562 2795 2740 2859 parte
2787 2786 3146 2845 communis

452 2895 731 2978 Tragurii
792 2897 906 2959 fuit
971 2899 1197 2958 iterum
1246 2897 1299 2956 ei
1347 2896 1691 2956 terminum
1751 2896 2142 2976 assignatum
2212 2915 2324 2975 per
2386 2894 2780 2986 Milloeinurn
2843 2899 3144 2957 nuncium

452 3012 825 3084 communis,
886 3009 1063 3088 quod
1126 3009 1435 3069 deberent
1498 3009 1773 3068 vendere
1843 3010 2062 3068 omnia
2121 3027 2344 3069 eorum
2407 3009 2580 3068 bona
2625 3027 2750 3082 que
2797 3007 3034 3069 habent
3079 3011 3144 3069 in

452 3124 699 3183 civitate
742 3123 1030 3204 Tragurii
1079 3133 1141 3182 et
1188 3124 1321 3182 eius
1377 3123 1690 3182 territorio
1737 3133 1799 3182 et
1848 3121 2135 3212 districtu
2182 3120 2329 3181 hinc
2383 3121 2466 3180 ad
2513 3139 2770 3199 pascam
2834 3133 3146 3195 rosatam;

454 3235 729 3312 alioquin
775 3237 946 3297 dicta
987 3235 1159 3294 bona
1207 3246 1609 3294 remanerent
1644 3236 1704 3294 in
1738 3237 2065 3294 communi
2101 3244 2165 3295 et
2197 3234 2622 3294 venderentur
2651 3253 2768 3312 pro
2801 3236 3147 3309 communi,

458 3359 529 3408 ut
594 3349 1011 3410 instrumento
1087 3348 1348 3427 publico
1416 3351 1651 3426 scripto
1720 3367 1834 3426 per
1903 3350 2272 3429 magistrum
2345 3346 2399 3408 F
2401 3349 2754 3410 ranciscum
2831 3351 3146 3409 notarium

458 3464 811 3524 continetur
880 3474 943 3522 et
1013 3479 1182 3521 nunc
1252 3461 1647 3521 venerabiles
1715 3462 1824 3520 viri
1892 3459 2217 3540 Johannes
2285 3459 2478 3534 vital,
2540 3459 2779 3540 Joseph
2855 3462 3018 3522 Petri
3087 3472 3147 3521 et

466 3572 735 3636 Marinus
802 3575 1083 3638 Simonis
1150 3576 1320 3634 cives
1380 3584 1444 3634 et
1512 3574 1982 3634 ambassatores
2051 3559 2412 3634 communis
2479 3572 2718 3653 Spalati
2789 3594 2906 3653 pro
2972 3584 3152 3653 parte

468 3687 651 3763 ipsius
694 3690 1053 3750 communis
1085 3684 1326 3766 Spalati
1373 3697 1599 3765 petant
1628 3696 1692 3746 et
1723 3697 1953 3768 rogent
1998 3686 2332 3747 consilium
2380 3697 2443 3747 et
2488 3706 2838 3748 commune
2882 3688 3149 3748 civitatis

466 3797 759 3883 Tragurii,
807 3800 983 3880 quod
1047 3819 1267 3861 amore
1329 3801 1691 3860 communis
1750 3799 1988 3880 Spalati
2054 3800 2237 3860 dictis
2283 3799 2424 3860 filiis
2468 3800 2772 3861 Tolimeri
2821 3811 2883 3860 et
2931 3819 3151 3861 eorum

468 3920 639 3976 matri
698 3915 930 3977 debeat
991 3913 1318 3994 adlongari
1382 3915 1724 3975 terminum
1787 3915 1843 3973 ei
1905 3914 2130 3973 datum
2191 3914 2272 3973 ad
2335 3912 2747 3974 vendendum
2807 3931 2919 3974 sua
2965 3913 3158 3986 bona,

466 4036 528 4085 et
572 4031 656 4090 eis
701 4029 895 4090 talem
944 4029 1284 4087 terminum
1330 4028 1535 4099 statui,
1583 4029 1645 4087 in
1694 4045 1885 4104 quem
1935 4027 2049 4105 ipsi
2097 4026 2376 4086 comode
2423 4026 2699 4086 vendere
2745 4027 2998 4087 valeant
3043 4045 3155 4086 sua

470 4137 646 4202 bona.
695 4142 887 4205 Unde
956 4158 1183 4201 omnes
1244 4140 1325 4199 de
1386 4139 1651 4200 consilio
1698 4139 1986 4200 volentes
2031 4139 2325 4217 precibus
2384 4143 2746 4201 communis
2805 4138 3047 4218 Spalati
3095 4154 3156 4202 et

468 4269 715 4316 suorum
778 4254 1289 4315 ambassatorum
1352 4253 1687 4326 adsentire,
1746 4253 1986 4313 dictum
2051 4254 2398 4314 terminum
2459 4253 2756 4331 predictis
2802 4253 2941 4313 filiis
2985 4254 3158 4314 Toli-

470 4373 615 4429 meri
662 4379 725 4429 et
772 4385 997 4429 eorum
1062 4369 1242 4427 matri
1307 4384 1527 4426 amore
1588 4368 1951 4426 communis
2011 4364 2252 4443 Spalati
2315 4365 2820 4447 adlongaverunt
2866 4378 2929 4426 et
2977 4363 3158 4426 dictis

472 4473 599 4543 filiis
641 4482 963 4546 Tolerneri
1010 4492 1073 4540 et
1118 4480 1287 4540 dicte
1343 4498 1566 4540 eorum
1613 4481 1795 4539 matri
1857 4479 1942 4539 ad
1990 4478 2402 4539 vendendum
2449 4481 2664 4539 omnia
2711 4497 2932 4540 eorum
2981 4479 3154 4540 bona

472 4593 851 4673 ubicumque
917 4603 1063 4654 sunt
1110 4596 1173 4654 in
1221 4593 1473 4653 civitate
1542 4592 1828 4673 Tragurii
1876 4602 1942 4652 et
1987 4592 2121 4652 eius
2166 4593 2479 4653 territorio
2524 4602 2588 4652 et
2634 4592 2916 4653 districtu
2965 4593 3154 4653 talem

470 4711 805 4769 terminum
868 4717 1241 4780 statuerunt,
1308 4706 1486 4786 quod
1532 4705 1679 4767 hinc
1722 4705 1807 4766 ad
1853 4705 2085 4768 festum
2147 4708 2348 4766 sancti
2397 4705 2530 4768 Viti
2575 4707 2870 4784 proxime
2917 4709 3158 4767 venturi

476 4822 741 4884 vendere
788 4821 1070 4890 debeant
1115 4820 1288 4880 bona
1319 4838 1541 4880 eorum
1576 4821 1810 4891 omnia,
1857 4819 2224 4898 ubicunque
2256 4828 2402 4879 sunt
2435 4821 2496 4877 in
2529 4818 2816 4878 districtu
2860 4819 3162 4900 TraguriL

474 4950 597 4998 tarn
647 4937 709 4995 in
756 4936 1027 5008 civitate,
1081 4951 1274 5013 quam
1323 4943 1523 5005 extra,
1569 4932 1677 4992 tali
1723 4927 2114 5006 conditione,
2161 4932 2338 5010 quod
2386 4931 2555 4991 dicta
2601 4919 2866 4991 domina
2927 4927 3164 5002 Gruba‚

472 5048 565 5109 vel
612 5051 745 5109 eius
791 5056 1165 5126 procurator
1210 5057 1272 5106 et
1321 5057 1694 5125 procurator
1754 5063 2012 5106 suorum
2075 5043 2349 5105 filiorum
2412 5045 2625 5106 venire
2687 5043 2968 5105 debeant
3012 5044 3166 5105 Tra-
