3797 5795
1604 406 1865 469 -431
1932 440 2016 447 -

452 595 636 673 quod
684 614 815 656 non
861 599 1181 674 possimus
1226 616 1345 658 nec
1391 596 1703 658 debemus
1749 596 2088 678 infringere
2133 601 2527 662 sentenciam
2557 613 2622 660 et
2654 609 2895 660 cartam
2943 601 3158 662 tabelii

450 720 519 768 et
566 720 789 769 contra
848 710 1193 788 capitulare
1254 720 1418 771 esset
1466 720 1529 771 et
1575 709 1752 790 quod
1821 728 1954 770 non
2019 711 2332 772 debemus
2376 711 2502 772 hoc
2556 730 2964 794 cognoscere,
3010 717 3158 792 quia

450 824 726 901 pertinet
768 822 854 883 ad
900 832 1223 901 pastorem
1270 825 1521 901 questio
1566 823 2027 898 ecclesiastica;
2057 833 2278 888 tamen
2321 824 2543 885 habito
2575 825 2840 886 consilio
2873 837 2936 886 et
2965 827 3156 906 plena

449 934 921 995 deliberacione
986 953 1136 996 cum
1204 936 1570 996 consiliariis
1635 937 1926 1012 ciuitatiS,
1993 937 2140 1014 quia
2199 937 2456 998 friuolas
2517 941 2938 1020 cognouimus
3005 940 3154 1000 dicti

451 1045 656 1107 Dobri
701 1046 1141 1128 allegacione5‚
1172 1051 1671 1127 pronunciamus
1716 1049 2180 1109 sentenciando
2229 1049 2464 1110 dictam
2515 1053 2909 1112 sentenciam
2954 1051 3152 1113 latam

447 1178 563 1238 per
615 1158 975 1239 Johannem
1047 1161 1272 1224 Uitalis
1330 1173 1393 1222 et
1453 1163 1661 1222 socios
1722 1161 1859 1222 fore
1905 1164 2158 1236 irritam,
2213 1181 2481 1224 uacuam
2529 1163 2901 1225 anullanteS.
2987 1163 3150 1224 Lata

448 1273 563 1333 fuit
610 1273 728 1334 hec
772 1275 1099 1334 sentencia
1162 1276 1226 1334 in
1286 1274 1542 1353 plathea
1602 1273 1846 1353 Spalati
1908 1286 2203 1353 presente
2264 1277 2403 1354 ipso
2464 1275 2703 1338 Duimo
2763 1289 2826 1336 et
2887 1277 3154 1338 absente

441 1384 621 1446 dicto
666 1385 895 1446 Dobro
940 1386 1061 1447 sub
1108 1387 1474 1447 testimonio
1521 1387 1934 1448 dominorum
1981 1387 2211 1449 Dusize
2243 1388 2408 1448 Petri
2458 1386 2800 1462 Cerneche,
2839 1389 3148 1469 Johannis

447 1495 684 1560 Cindri.
730 1499 873 1580 Ego
922 1497 1227 1559 Nicolaus
1270 1500 1438 1560 Petri
1484 1502 1778 1560 conscius
1822 1501 2207 1561 examinaui.

617 1611 760 1692 Ego
808 1613 1029 1672 Petrus
1097 1615 1333 1673 iuratus
1392 1616 1675 1674 notarius
1734 1611 2127 1692 Spalatensis
2181 1612 2364 1674 huius
2411 1616 2734 1684 sentencie
2793 1613 3144 1692 prolacioni

438 1723 690 1785 interfui
740 1734 803 1785 et
851 1725 1159 1786 mandato
1206 1726 1487 1787 iudicum
1533 1728 2104 1805 pronunciancium
2149 1729 2370 1806 scripsi
2415 1741 2479 1788 et
2523 1727 2859 1806 publicani.

627 1919 926 1992 Original
966 1938 1007 1974 u
1053 1918 1275 1976 arkt'vu
1322 1927 1682 1977 samos-tana
1728 1939 1817 1979 π).
1865 1919 2104 1995 Μανῇε
2151 1939 2192 1976 u
2237 1921 2470 1976 Zadru.

1694 2209 1887 2287 902.

442 2360 647 2433 1267,
695 2360 756 2423 2.
797 2359 999 2441 juna.
1056 2359 1115 2424 U
1160 2356 1518 2440 Zaqrebu.

544 2548 874 2633 Primirje
918 2547 1214 2630 izmedju
1246 2546 1577 2630 Ernerzja
1623 2548 1797 2610 bana
1842 2548 2250 2632 larvalskoga
2295 2546 2332 2609 i
2368 2547 2652 2631 bz'skupa
2699 2549 2782 2610 K
2775 2549 3037 2633 rs‘koga.

612 2740 750 2801 Nos
810 2741 1097 2802 Thomas
1158 2759 1377 2800 comes
1439 2741 1521 2801 de
1582 2740 1913 2814 Morocha,
1975 2740 2127 2800 Iuan
2191 2759 2408 2800 comes
2471 2740 2631 2801 filius
2694 2739 2931 2818 Irizlay,
2991 2741 3138 2801 Inus

440 2874 659 2915 comes
705 2854 1143 2936 Zagrabiensis
1173 2865 1235 2914 et
1270 2825 1526 2915 Bai-leus
1558 2873 1777 2915 comes
1809 2853 1889 2913 de
1924 2852 2234 2915 Vrbouch
2268 2854 2575 2914 memorie
2607 2852 3139 2915 commendantes

434 2967 863 3049 significamus
923 2970 1242 3038 universis,
1312 2967 1487 3045 quod
1552 2970 1711 3027 inter
1772 2969 2146 3045 episcopum
2211 2966 2324 3025 der
2386 2965 2631 3044 Kyrky,
2693 2965 3008 3028 Ottonem
3056 2967 3137 3027 de

436 3082 777 3162 Kunsperg
852 3092 914 3141 et
996 3080 1220 3141 Kench
1296 3082 1538 3141 socium
1616 3079 1970 3140 eorundem
2048 3098 2132 3139 ex
2207 3098 2331 3140 una
2401 3090 2580 3157 parte
2655 3089 2719 3139 et
2787 3080 2869 3139 ab
2939 3079 3136 3141 altera

434 3194 767 3255 Ernerium
828 3196 1067 3253 banum
1131 3212 1319 3271 super
1387 3194 1556 3253 facto
1611 3205 1849 3273 treuge,
1920 3211 2084 3272 quae
2155 3195 2314 3253 inter
2381 3193 2552 3271 ipsos
2620 3211 2820 3271 usque
2900 3193 3132 3253 festum

431 3318 837 3388 pentecostes
882 3326 1053 3367 nunc
1100 3317 1433 3366 venturum
1484 3306 1926 3366 inviolabiliter
1959 3305 2239 3365 debebat
2271 3305 2609 3379 observari,
2642 3304 2836 3365 talem
2869 3324 3134 3385 compo-

436 3425 744 3482 sicionem
792 3420 1134 3494 ordinasse,
1181 3420 1359 3497 quod
1404 3421 1609 3497 ipsum
1683 3421 2023 3478 terminum
2070 3430 2309 3499 treuge,
2355 3416 2591 3479 scilicet
2637 3418 2867 3478 festum
2915 3429 3134 3497 pente-

430 3548 651 3594 costen
699 3532 1056 3593 distulimus
1102 3542 1270 3593 statu
1316 3534 1505 3611 priori
1553 3541 1972 3610 permanente
2020 3550 2217 3606 usque
2251 3542 2510 3591 octavas
2556 3534 2756 3591 sancti
2805 3532 3132 3593 Michaelis

432 3666 600 3708 nunc
645 3657 940 3707 venturas
986 3664 1204 3705 coram
1269 3644 1463 3723 pleno
1524 3644 1802 3722 capitulo
1866 3644 2268 3724 Zagrabiensi
2333 3646 2435 3717 ita,
2493 3654 2562 3703 ut
2631 3643 2820 3704 nichil
2866 3644 3130 3723 dampni

430 3780 541 3821 seu
587 3760 841 3820 lesionis
890 3757 985 3817 vel
1034 3757 1325 3817 molestie
1383 3758 1543 3818 alter
1587 3756 1762 3816 alteri
1830 3776 2032 3833 usque
2091 3757 2450 3836 predictum
2513 3757 2742 3817 festum
2805 3768 3127 3835 presumat

428 3877 721 3955 irrogare.
768 3871 851 3932 Et
897 3870 1019 3929 hoc
1067 3882 1274 3931 totum
1322 3874 1628 3949 processit
1675 3870 1755 3930 de
1803 3873 2129 3930 communi
2195 3872 2478 3949 parcium
2528 3870 2870 3930 voluntate.
2918 3870 3000 3930 Et
3045 3889 3128 3931 ne

428 3986 585 4047 alter
644 3985 819 4046 alteri
882 3987 964 4046 de
1024 3984 1323 4063 predictis
1382 3985 1665 4061 partibus
1726 3982 1986 4063 aliquod
2050 3984 2406 4062 dampnum
2451 3994 2776 4061 presumat
2835 3984 3128 4064 irrogare,

430 4102 587 4159 sicut
633 4102 1051 4177 premisimus
1098 4118 1218 4158 nos
1265 4110 1537 4175 quatuor
1581 4100 1964 4157 unanimiter
1996 4108 2058 4156 et
2104 4116 2234 4156 uno
2282 4114 2596 4155 consensu
2643 4114 2831 4173 super
2875 4105 3126 4156 textum

426 4212 730 4293 evangelii
774 4214 1161 4290 prestitimus
1207 4220 1675 4270 sacramentum
1724 4228 1942 4269 coram
1992 4209 2269 4287 capitulo
2318 4206 2746 4289 m(emora)t0.
2796 4208 3122 4268 Praeterea

425 4325 709 4398 dicimus,
756 4323 933 4403 quod
980 4323 1362 4383 adveniente
1408 4324 1546 4401 ipso
1593 4323 1885 4391 terminO,
1933 4322 2170 4382 scilicet
2240 4333 2466 4381 octava
2513 4322 2711 4380 sancti
2773 4319 3125 4398 Mychaelis

424 4440 488 4496 in
565 4438 863 4496 omnibus
925 4447 989 4495 et
1064 4456 1176 4514 per
1237 4437 1453 4495 omnia
1513 4436 1955 4532 aquiescemus
2023 4435 2280 4494 arbitrio
2349 4434 2726 4493 arbitrorum
2800 4434 2863 4493 in
2931 4435 3121 4512 priori

426 4562 640 4629 treuga
702 4549 1159 4627 deputatorum
1220 4557 1283 4607 et
1345 4551 1546 4608 eciam
1610 4546 1895 4607 aliorum.
1967 4546 2130 4607 Item
2192 4548 2499 4625 petebant
2546 4546 2627 4606 de
2675 4547 2876 4619 nobiS,
2947 4546 3123 4624 quod

420 4680 721 4740 campum
769 4673 831 4721 et
881 4661 1065 4721 erbas
1130 4670 1519 4738 campestres
1582 4662 1729 4739 ipsis
1789 4660 2161 4721 Teotonicis
2221 4662 2281 4719 in
2347 4658 2628 4719 confinio
2675 4661 2738 4719 in
2786 4659 2889 4719 illa
2937 4670 3124 4729 terra,

416 4792 609 4853 quam
659 4793 859 4854 usque
905 4774 989 4833 ad
1022 4774 1139 4834 hec
1186 4784 1477 4851 tempora
1523 4772 1895 4852 pactualiter
1942 4792 2059 4851 pro
2107 4772 2443 4851 pascendis
2490 4771 2827 4850 pecoribus
2872 4775 3123 4851 optinu—

416 4898 599 4947 erunt
644 4888 886 4948 eisdem
934 4886 1434 4948 concederemus
1480 4886 1563 4946 de
1610 4898 1825 4946 nostra
1858 4886 2032 4946 bona
2079 4886 2422 4957 voluntate,
2467 4884 2642 4963 quod
2690 4887 3122 4945 concessimus

414 5000 599 5059 salvis
658 5011 877 5061 tamen
943 4999 1227 5081 frugibus
1294 4999 1582 5059 fenetivis
1644 5009 1706 5058 et
1768 5000 1936 5059 silvis
1999 4998 2506 5071 remanentibus;
2573 4998 2686 5058 sed
2748 5000 2798 5058 si
2859 4997 3115 5058 aliunde

416 5115 544 5172 sive
627 5133 744 5191 pro
814 5114 1032 5191 precio
1117 5115 1248 5172 sive
1331 5131 1449 5190 pro
1524 5112 1739 5172 favore
1815 5113 2104 5190 optinere
2187 5122 2507 5189 poterunt,
2581 5111 2748 5171 bene
2833 5110 3114 5191 quidem.
