3797 5795
1853 361 2215 425 -20-

669 551 929 612 ulterius
993 551 1276 632 exigatiS,
1337 551 1452 612 sed
1513 569 1709 612 onera
1775 555 2167 630 paupertatis
2212 569 2435 613 eorum
2502 550 2586 611 de
2647 551 2965 610 bonorum
3018 556 3369 609 vestrorum

667 663 958 724 subsidiis
1005 666 1217 743 potius
1263 664 1565 736 relevetis,
1625 666 1710 725 ita
1757 664 1935 744 quod
1981 664 2217 726 exinde
2262 663 2435 744 apud
2483 682 2600 724 nos
2644 663 2899 744 gratiosi
2946 660 3175 722 favoris
3218 677 3371 740 aug-

671 787 960 837 mentum
1003 777 1187 837 vobis
1252 779 1578 855 preveniat
1643 788 1705 838 et
1769 777 1941 838 nulla
2004 795 2193 857 super
2238 777 2362 838 hoc
2407 777 2755 837 coactionis
2800 775 3140 836 necessitas
3186 774 3375 832 inter-

669 887 871 950 cedat.
947 889 1188 951 Datum
1252 887 1545 972 Anagnie
1602 890 1695 953 16.
1745 889 2055 951 kalendas
2122 891 2387 972 augusti,
2454 889 2863 968 pontificatus
2926 890 3123 949 nostri
3190 905 3364 946 anno

669 1001 973 1062 secundo

845 1196 1189 1271 Fabijanic‘
1227 1198 1389 1253 Hz‘st.
1437 1197 1543 1252 dei
1567 1197 1786 1272 fratri
1827 1197 2059 1254 minori
2102 1196 2151 1254 I.
2201 1198 2332 1254 413.
2370 1231 2451 1237 ——
2483 1195 2858 1270 Kukuljevic'
2896 1195 3043 1268 Reg.
3090 1213 3187 1250 no,
3228 1195 3368 1247 680.

1929 1463 2121 1542 554.

670 1639 868 1719 1256,
913 1640 1025 1705 30.
1065 1639 1243 1721 jula.
1293 1641 1344 1706 U
1391 1637 1702 1722 Anauni.

1031 1830 1224 1913 Papa
1269 1827 1712 1892 Aleksandar
1755 1829 1912 1912 daje
1958 1825 2439 1912 Franjevcz'ma
2486 1826 2649 1888 neke
2688 1824 3003 1908 perflasti.

844 2022 1217 2085 Alexander
1293 2024 1631 2100 episcopus
1693 2039 1909 2081 servus
1968 2038 2295 2080 servorum
2360 2019 2459 2079 dei
2528 2017 2989 2079 venerabilibus
3056 2016 3373 2089 fratribus,

672 2138 972 2198 universis
1018 2135 1506 2214 archiepiscopis
1548 2145 1614 2194 et
1657 2135 1975 2212 episcopis
2035 2143 2097 2193 et
2160 2132 2404 2192 dilectis
2448 2131 2589 2192 filiis
2632 2130 2988 2204 abbatibus,
3034 2129 3371 2208 prioribus,

673 2251 948 2324 decaniS,
1021 2247 1499 2321 archidiaconiS‚
1573 2247 1926 2307 rectoribus
2002 2261 2065 2306 et
2140 2248 2364 2306 ceteris
2448 2245 2853 2306 ecclesiarum
2932 2243 3187 2322 prelatis
3260 2261 3375 2321 per

673 2363 1078 2433 Dalmatiam,
1148 2361 1394 2421 Istriam
1450 2371 1513 2420 et
1560 2359 1966 2421 Sclavoniam
2046 2360 2420 2431 constitutiS,
2482 2357 2748 2418 salutem
2821 2367 2883 2416 et
2952 2354 3370 2434 apostolicam

672 2475 1205 2536 benedictionem.
1277 2472 1482 2533 Nimis
1548 2473 1762 2551 iniqua
1829 2471 2253 2532 vicissitudine
2322 2471 2631 2552 largitoris
2706 2470 3025 2530 bonorum
3086 2469 3373 2528 omnium

673 2587 1148 2666 respondenteS,
1209 2585 1363 2646 dum
1425 2585 1505 2645 hii
1570 2587 1672 2664 qui
1745 2585 1826 2645 de
1875 2582 2102 2647 Christi
2166 2585 2551 2662 patrimonio
2610 2585 2985 2663 impinguati
3035 2583 3376 2646 luxuriant.

673 2699 1163 2778 dampnabiliter
1207 2701 1272 2758 in
1319 2697 1553 2758 eodem
1601 2695 1920 2760 Christum
1987 2706 2279 2775 patenter
2326 2698 2387 2756 in
2435 2695 2685 2757 famulis
2730 2698 2857 2756 suis
2902 2697 3195 2774 persequi
3243 2712 3373 2754 non

679 2824 984 2886 verentur,
1028 2830 1104 2872 ac
1149 2813 1196 2871 si
1245 2812 1449 2871 iactus
1493 2820 1591 2871 est
1635 2812 1959 2888 impotens
2004 2809 2304 2869 dominus
2347 2809 2680 2869 ultionum.
2729 2806 2895 2872 Cum
2940 2811 3113 2869 enim
3160 2806 3375 2868 dilecti

681 2927 780 2989 filii
814 2927 1036 2988 fratres
1066 2925 1349 2987 Minores
1379 2924 1771 3005 abnegantes
1801 2922 2133 2983 salubriter
2164 2932 2367 2983 semet
2414 2924 2585 3001 ipsos
2614 2921 2917 3003 elegerint
2965 2924 3027 2981 in
3074 2921 3379 2982 altissima

676 3050 1050 3121 paupertate
1097 3036 1348 3101 Christo
1397 3038 1657 3115 pauperi
1705 3035 1788 3095 ad
1821 3035 2125 3115 placitum
2172 3034 2478 3108 famulari,
2508 3046 2841 3113 tamquam
2874 3034 3023 3094 nihil
3072 3033 3383 3093 habentes

677 3165 740 3215 et
786 3155 1001 3214 omnia
1047 3150 1465 3230 possidentes,
1496 3168 1626 3209 non
1659 3148 1891 3208 desunt
1936 3148 2221 3227 plerique
2266 3160 2395 3208 tam
2438 3148 2849 3208 ecclesiarum
2892 3147 3135 3225 prelati,
3182 3164 3381 3226 quam

677 3267 778 3328 alii
848 3268 956 3346 qui
1021 3284 1168 3325 vera
1235 3262 1582 3341 cupiditate
1647 3260 1920 3321 traducti
1988 3264 2241 3339 proprie
2308 3260 2587 3320 aviditati
2656 3259 2934 3321 subtrahi
2992 3268 3381 3338 reputanteS,

679 3379 968 3460 quitquid
1037 3377 1333 3455 predictis
1394 3376 1686 3435 fratribus
1771 3372 2055 3434 fidelium
2114 3376 2319 3451 pietas
2377 3372 2686 3454 elargitur,
2749 3376 3031 3450 quietem
3094 3374 3381 3451 ipsorum

681 3493 1106 3570 multipliciter
1151 3491 1521 3566 inquietant,
1567 3486 1999 3547 molestiarum
2046 3488 2415 3545 occasiones
2459 3487 2865 3565 exquirentes
2910 3486 3111 3545 varias
3157 3495 3380 3545 contra

679 3609 867 3685 ipsos
913 3603 1161 3665 Volunt
1208 3619 1486 3680 namque
1533 3610 1594 3658 et
1639 3602 1686 3660 si
1736 3618 1866 3659 non
1913 3618 2140 3659 omnes
2199 3600 2349 3676 ipsis
2408 3599 2613 3658 invitis
2674 3616 2896 3658 eorum
2942 3598 3381 3659 confessiones

678 3719 914 3791 audire,
959 3736 1036 3778 ac
1073 3718 1164 3777 eis
1197 3716 1520 3796 iniungere
1549 3714 2011 3791 poenitentiam
2041 3722 2106 3772 et
2136 3710 2575 3771 eucharistiam
2608 3710 2929 3785 exhibere,
2974 3729 3095 3770 nec
3139 3710 3383 3782 volunt,

682 3846 748 3894 ut
793 3848 1026 3910 corpus
1072 3826 1296 3890 Christi
1327 3828 1391 3886 in
1423 3844 1646 3885 eorum
1677 3827 1965 3885 oratoriis
1998 3834 2347 3884 reservetur
2378 3833 2441 3882 et
2474 3822 2696 3883 fratres
2724 3825 3009 3901 ipsorum
3040 3822 3382 3883 defunctos

677 3944 850 4024 apud
895 3961 1042 4003 suas
1072 3940 1368 4001 ecclesias
1413 3938 1658 4016 sepeliri
1691 3936 2087 4014 compellunt
2134 3946 2197 3995 et
2246 3933 2495 3995 illorum
2540 3937 2849 4013 exequias
2894 3935 3199 3996 celebrari
3234 3944 3299 3995 et
3334 3934 3387 3994 si

680 4061 820 4139 quis
866 4055 1315 4117 decedentium
1361 4053 1624 4113 fratrum
1671 4049 1817 4111 alibi
1867 4066 2062 4127 quam
2094 4051 2155 4107 in
2188 4047 2466 4109 ecclesiis
2512 4051 2639 4110 suis
2684 4048 2943 4129 elegerit
2968 4047 3385 4126 sepulturam,

679 4172 866 4231 funus
909 4170 1116 4247 primo
1162 4167 1245 4227 ad
1292 4165 1589 4226 ecclesias
1619 4182 1764 4223 suas
1796 4162 2021 4222 deferri
2071 4171 2327 4241 cogunt,
2362 4172 2427 4221 ut
2462 4160 2705 4221 oblatio
2738 4164 2863 4220 suis
2910 4160 3126 4220 usibus
3172 4159 3386 4233 cedat,

681 4301 799 4343 nec
843 4283 1224 4341 sustinentes
1267 4297 1380 4339 eos
1426 4277 1659 4337 habere
1719 4292 2103 4363 campanam
2148 4273 2247 4333 vel
2294 4274 2669 4333 cimiterium
2716 4272 3149 4344 benedictum,
3196 4276 3388 4333 certis

680 4405 932 4455 tantum
999 4392 1394 4471 temporibus
1461 4391 1835 4468 permittunt
1905 4388 2077 4465 ipsos
2144 4386 2463 4446 celebrare
2530 4386 2759 4459 divina,
2804 4384 3026 4446 volunt
3072 4387 3268 4445 etiam
3318 4388 3385 4445 in

682 4506 980 4567 domibus
1025 4504 1378 4565 eorundem
1424 4512 1668 4562 certum
1716 4517 2054 4560 numerum
2102 4497 2361 4558 fratrum
2426 4498 2849 4571 sacerdotum,
2896 4498 3273 4558 clericorum
3326 4508 3389 4558 et

681 4620 1003 4687 laicorum,
1052 4636 1170 4677 nec
1217 4634 1348 4675 non
1395 4631 1725 4674 cereorum
1771 4612 2218 4691 lampadarum
2264 4624 2325 4670 et
2374 4624 2897 4670 ornamentorum
2945 4630 3063 4689 pro
3108 4628 3225 4670 sua
3275 4631 3389 4670 vo-

683 4704 922 4792 luntate
954 4739 1193 4801 taxare,
1224 4748 1300 4788 ac
1331 4722 1653 4787 residuum
1685 4743 2017 4786 cereorum
2052 4722 2314 4801 quando
2350 4725 2593 4783 noviter
2637 4735 3067 4801 apponuntur,
3113 4726 3390 4803 exigunt

681 4844 764 4905 ab
793 4843 1056 4915 eisdem,
1088 4858 1206 4901 nec
1236 4841 1630 4918 permittunt,
1663 4850 1729 4897 ut
1761 4839 1909 4897 novi
1942 4836 2306 4897 sacerdotes
2336 4853 2557 4895 eorum
2588 4833 2735 4895 alibi
2770 4853 2967 4913 quam
3012 4838 3075 4895 in
3108 4835 3396 4896 ecclesiis

679 4960 807 5019 suis
851 4956 1175 5018 celebrent
1219 4956 1458 5032 primas
1499 4954 1736 5022 missas,
1766 4971 1878 5012 eos
1910 4950 2317 5010 nihilominus
2347 4947 2821 5027 compellentes,
2852 4958 2922 5007 ut
2954 4951 3016 5006 in
3049 4948 3393 5009 cotidianis

682 5074 886 5131 missis
931 5088 1089 5145 quas
1135 5072 1196 5127 in
1246 5067 1372 5127 suis
1403 5066 1557 5125 locis
1587 5074 1650 5123 et
1682 5064 1982 5124 altaribus
2029 5062 2371 5133 celebrant,
2416 5060 2773 5120 oblationes
2818 5061 2899 5121 ad
2948 5078 3111 5137 opus
3156 5078 3390 5121 eorum
