3797 5795
1488 341 1885 405 -401-

380 665 545 741 1266,
588 662 690 726 23.
738 658 1159 728 novembre.
1590 555 1782 702 8⁷7·
2753 719 2776 734 .

378 817 517 880 Βαία
560 817 738 898 kral]
778 815 1066 901 ugarski
1090 815 1125 879 i
1148 817 1465 880 hrvalskz'
1504 817 1661 901 daje
1704 816 2156 902 zagrebaffkz'm
2195 816 2650 901 gradjanz'mcz
2687 839 2778 878 na
2815 816 3032 880 Grz'd‘u

886 930 1091 1013 preko
1137 930 1360 992 alatne
1404 931 1555 992 bale
1584 929 1707 1011 jos<
1744 929 2027 1014 pose-bne
2069 927 2453 1012 pavlastz'ce.

522 1087 659 1148 Bela
689 1087 785 1147 dei
822 1089 1029 1168 gracia
1078 1087 1423 1168 Hungarie,
1468 1087 1815 1159 Dalmacie,
1864 1084 2187 1160 Crovacie,
2226 1087 2447 1160 Rame,
2480 1085 2716 1160 Seruie,
2749 1085 3033 1160 Gallicie‚

374 1200 740 1274 Lodomerie‚
787 1197 1225 1290 Cumanieque
1288 1219 1401 1260 rex
1464 1199 1763 1260 omnibus
1826 1197 2052 1261 Christi
2115 1199 2408 1260 fidelibus
2455 1209 2586 1260 tam
2635 1202 3038 1279 presentibus

372 1332 539 1392 quarn
595 1311 805 1372 futuris
865 1311 1135 1372 salutem
1185 1316 1243 1372 in
1294 1313 1509 1373 salutis
1570 1313 1882 1393 largitore.
1945 1290 2144 1392 Regie
2205 1313 2654 1391 speculationis
2701 1323 2764 1373 et
2811 1313 3037 1374 sollici-

372 1426 575 1485 tudinis
616 1444 748 1486 esse
794 1425 987 1486 debet
1034 1426 1355 1506 invigilare
1402 1425 1801 1485 subditorum
1845 1425 2141 1484 remediis
2173 1436 2235 1485 et
2269 1428 2462 1504 quieti
2496 1437 2559 1486 et
2591 1445 2704 1486 eos
2735 1429 3033 1505 prosequi

369 1538 624 1616 ampliori
670 1538 1113 1599 munificencia
1158 1540 1369 1619 gracie
1414 1537 1717 1616 specialiS,
1767 1549 1835 1597 ut
1881 1547 2064 1598 tanto
2111 1536 2195 1598 illi
2243 1557 2326 1598 ex
2373 1538 2665 1598 fidelibus
2712 1537 3030 1599 fideliores

369 1667 419 1710 et
461 1651 811 1710 devociores
856 1671 922 1710 se
970 1651 1315 1711 exhibeant
1362 1671 1446 1711 ex
1490 1651 1756 1724 devotiS,
1788 1662 2032 1727 quanto
2079 1653 2320 1729 pociori
2368 1651 2673 1712 libertatis
2719 1651 3034 1712 beneficio

370 1783 439 1822 ex
466 1764 671 1843 regalis
701 1765 1074 1842 provisionis
1105 1763 1281 1823 dono
1313 1783 1425 1823 eos
1457 1765 1790 1844 contigerit
1821 1764 2133 1844 gratulari.
2171 1763 2442 1824 Proinde
2478 1764 2560 1824 ad
2595 1765 3034 1824 universorum

369 1878 635 1936 noticiam
681 1876 906 1936 harum
940 1877 1097 1936 serie
1130 1876 1423 1936 volumus
1469 1878 1813 1954 pervenire,
1845 1877 2022 1955 quod
2070 1895 2218 1936 cum
2265 1876 2440 1955 olym
2489 1876 2648 1937 fines
2680 1889 2744 1937 et
2774 1879 3025 1937 termini

368 1992 515 2068 regni
561 2008 663 2049 seu
711 1989 978 2049 ducatus
1023 1990 1363 2051 Sclauonie
1430 1991 1746 2050 continuis
1800 1990 2300 2050 latrunculorum
2348 2001 2409 2050 et
2457 1990 2896 2067 frequentibus
2945 1994 3036 2051 in-

367 2101 601 2161 sultibus
656 2102 1073 2181 pulsarentur,
1136 2120 1253 2162 nos
1316 2114 1447 2162 tam
1511 2104 1703 2181 quieti
1768 2115 1982 2162 nostre
2043 2104 2296 2181 proprie
2376 2121 2567 2180 quam
2632 2103 3032 2164 subd³torum

368 2227 695 2274 nostrorum
745 2215 807 2274 in
854 2215 970 2275 illis
1015 2215 1299 2292 partibus
1346 2215 1721 2296 degencium
1785 2217 2098 2275 securitati
2147 2216 2508 2293 prospicere
2554 2215 2884 2276 salubriter
2929 2235 3035 2276 cu-

366 2329 599 2404 pienteS,
626 2338 901 2388 castrum
926 2330 987 2386 in
1016 2338 1236 2387 monte
1267 2325 1479 2388 Grech
1528 2331 1706 2388 iuxta
1738 2327 2109 2408 Zagrabiam
2145 2328 2230 2386 ob
2263 2329 2606 2388 tuicionem
2655 2329 3035 2389 eorumdem

364 2439 754 2500 confiniorum
818 2441 1213 2501 decrevimus
1275 2441 1809 2514 construendum3
1856 2444 1918 2500 in
1967 2440 2142 2500 cuius
2205 2443 2387 2500 castri
2437 2442 2919 2502 construccione
2967 2442 3036 2502 fi-

364 2553 515 2613 deles
562 2555 749 2613 nostri
797 2556 964 2614 cives
1010 2553 1297 2614 eiusdem
1344 2557 1527 2613 castri
1564 2555 1623 2612 in
1658 2553 2019 2614 edificando
2067 2555 2180 2612 sibi
2232 2553 2465 2613 domos
2512 2553 2750 2613 ibidem
2785 2565 2850 2614 et
2881 2555 3036 2615 alias

363 2667 495 2726 edes
526 2667 660 2726 illuc
694 2667 1150 2740 transferendo,
1182 2679 1474 2745 sumptus
1508 2685 1637 2726 non
1672 2666 1981 2737 modicos
2013 2665 2263 2725 labores
2301 2669 2639 2726 continuos
2664 2677 2728 2726 et
2752 2667 3035 2744 dampna

362 2779 605 2856 plurima
648 2799 849 2858 usque
894 2781 975 2840 ad
1024 2780 1536 2839 exinanicioncm
1585 2790 1873 2838 extreme
1936 2780 2180 2837 virtutis
2226 2778 2492 2838 fideliter
2537 2779 2880 2852 subierunt,
2927 2799 3036 2838 ex-

362 2904 646 2969 ponentes
677 2913 743 2953 se
776 2903 837 2952 et
870 2913 981 2953 sua
1028 2892 1145 2953 illis
1192 2893 1588 2971 temporibus
1638 2912 1753 2970 pro
1799 2894 1973 2972 regio
2022 2893 2150 2951 sive
2197 2891 2463 2951 ducatus
2510 2890 2754 2951 honore
2801 2892 3036 2953 crebris

360 3006 624 3082 periculis
668 3018 729 3066 et
776 3008 1045 3066 fartune.
1109 3006 1246 3066 Nos
1293 3008 1479 3086 igitur
1542 3005 1902 3065 huiusmodi
1965 3005 2362 3083 obsequiosis
2409 3015 2473 3063 et
2518 3007 2903 3082 sumptuosis
2951 3005 3036 3065 la·

361 3118 597 3179 boribus
654 3121 930 3198 ipsorum
994 3131 1171 3201 grata
1235 3119 1521 3179 volentes
1582 3118 2008 3178 vicissitudine
2071 3117 2473 3196 respondere,
2522 3117 2685 3177 hanc
2747 3121 2836 3178 eis
2896 3138 3035 3197 pre-

359 3234 683 3311 rogativam
735 3234 1149 3293 concedimus
1196 3232 1517 3305 libertatis,
1550 3242 1619 3291 ut
1652 3251 1770 3292 nec
1800 3250 1914 3309 per
1945 3251 2012 3290 se
2061 3249 2180 3290 nec
2211 3250 2324 3308 per
2355 3250 2506 3291 suos
2537 3232 2617 3290 ad
2665 3234 3035 3305 exercitum,

362 3363 535 3422 quem
568 3341 683 3405 nos'
710 3346 808 3406 vel
840 3346 1241 3406 karissimum
1276 3345 1471 3405 filium
1507 3355 1793 3405 nostrum
1842 3344 2180 3403 dominum
2215 3343 2434 3404 Belam
2484 3344 2768 3405 inclitum
2802 3346 3030 3405 ducem

361 3460 542 3518 tocius
586 3456 916 3521 Sclauonie
950 3470 1011 3519 et
1047 3457 1352 3521 Crovacie
1400 3458 1658 3518 diversis
1707 3458 2105 3535 temporibus
2137 3469 2199 3517 et
2231 3457 2773 3536 quandocumque
2820 3457 3028 3517 facere

362 3574 687 3653 contigerit,
750 3576 836 3633 ire
900 3572 1275 3642 nullatcnuS‚
1338 3591 1455 3631 nec
1515 3571 1754 3651 aliquid
1814 3581 2077 3649 propter
2139 3570 2260 3629 hoc
2323 3569 2417 3629 vel
2490 3571 2622 3629 eius
2683 3573 3036 3640 occasione,

364 3686 527 3744 nobis
583 3687 678 3746 vel
738 3687 851 3746 sibi
916 3685 1265 3764 inpendere
1328 3695 1677 3745 tencantur.
1741 3684 2026 3744 Eosdem
2089 3702 2349 3762 quoquc
2396 3682 2624 3743 nullius
2672 3685 3036 3743 exaccionis

362 3798 511 3857 tallie
540 3818 643 3858 seu
675 3799 939 3858 collecte
974 3799 1067 3857 vel
1101 3798 1431 3857 cuiuslibet
1478 3797 1729 3875 publice
1777 3797 2145 3867 funccionis‚
2177 3808 2284 3855 aut
2317 3795 2583 3855 aliorum
2617 3797 3024 3856 serviciorum

362 3909 608 3989 honusss')
656 3913 867 3972 subire
901 3912 1209 3984 volumus,
1242 3910 1355 3970 sed
1388 3911 1510 3969 sint
1543 3930 1578 3970 a
1610 3910 2012 3989 prestacione
2058 3928 2274 3968 earum
2327 3910 2385 3968 in
2435 3918 2814 3987 perpetuum
2855 3908 3032 3968 liberi

362 4038 413 4081 ct
457 4026 750 4085 inmunes,
802 4024 893 4083 Ita
938 4038 1173 4095 tamen,
1222 4024 1397 4101 quod
1459 4023 1747 4101 predicto
1810 4022 1955 4083 duci
2027 4021 2177 4081 Bele
2239 4020 2570 4081 karissimo
2633 4020 2762 4081 filio
2810 4031 3032 4080 nostro

360 4137 747 4218 quadraginta
811 4156 1054 4196 marcas
1101 4135 1513 4197 solummodo
1560 4138 1623 4194 in
1671 4136 1865 4195 usuali
1919 4148 2196 4207 moneta,
2244 4136 2419 4193 cuius
2462 4133 2722 4211 quidem
2772 4144 3034 4193 monete

362 4249 607 4311 ducente
668 4270 865 4329 pense
928 4249 1352 4328 predictarum
1418 4248 1837 4328 quadraginta
1904 4266 2256 4307 marcarum
2309 4245 2587 4305 valorem
2637 4247 3036 4325 contingunt,

362 4362 413 4419 in
456 4363 548 4424 die
592 4374 989 4423 strennarum
1039 4374 1103 4422 ct
1149 4380 1278 4421 non
1328 4372 1476 4421 ante
1525 4380 1735 4439 neque
1780 4371 1946 4438 post,
1993 4361 2107 4438 ipsi
2156 4358 2349 4418 iidem
2397 4359 2564 4418 cives
2608 4377 2722 4436 per
2769 4359 3036 4419 nuncios

361 4493 489 4535 suos
540 4479 782 4555 precise
843 4486 905 4536 et
967 4477 1211 4553 absque
1276 4474 1783 4553 interpellatione
1844 4473 2127 4553 qualibet
2192 4474 2438 4531 mittere
2503 4484 2566 4531 et
2627 4472 2871 4531 solvere
2916 4490 3035 4549 pro

361 4604 529 4649 censu
596 4609 809 4649 annuo
883 4599 1233 4648 teneantur.
1300 4585 1729 4649 Condiciones
1777 4588 1990 4666 itaque
2050 4597 2110 4646 ot
2167 4584 2490 4645 libertates
2537 4584 2856 4663 hospitum
2925 4604 3035 4645 seu

360 4700 561 4761 civium
607 4706 668 4762 in
716 4702 1006 4781 predicto
1054 4712 1261 4761 castro
1328 4700 1755 4759 habitancium
1808 4710 1870 4759 et
1918 4700 2462 4769 conveniendum,
2509 4716 2668 4776 quas
2714 4699 2828 4774 ipsi
2878 4698 3038 4755 inter

361 4830 417 4869 sc
460 4814 730 4875 fecerunt
778 4826 839 4874 ct
888 4834 1005 4873 nos
1052 4814 1565 4892 approbavimus,
1614 4813 1770 4872 tales
1816 4811 2157 4870 habentur:
2207 4809 2401 4886 Quod
2449 4814 2496 4869 si
2532 4810 2724 4870 iidem
2757 4808 3036 4887 hospites

364 4924 443 4984 vel
498 4930 659 4988 cives
724 4930 783 4987 in
850 4928 1132 4986 districtu
1204 4926 1551 5006 Hungarie‚
1599 4924 1948 4995 Dalmacie,
1998 4921 2339 4995 Crowacie‚
2385 4922 2726 4984 Sclauonie
2787 4921 3038 4999 spoliati

364 5038 448 5097 vel
502 5042 685 5101 occisi
746 5060 860 5119 per
921 5040 1199 5099 latrones
1262 5040 1356 5099 vel
1421 5038 1578 5097 alios
1639 5037 2082 5097 malefactores
2129 5037 2374 5109 suerint,
2420 5036 2719 5096 dominus
2766 5045 2928 5095 terre
2976 5039 3036 5096 in

436 5170 563 5213 con.
594 5173 752 5215 mPL.
785 5174 847 5214 v.
2869 5148 2954 5211 25
