3797 5795
1481 432 1558 441 -
1624 396 1893 459 533—

356 589 581 661 merita‚
623 605 749 666 que
792 585 1005 647 eidem
1050 586 1317 648 domino
1364 596 1586 648 nostro
1631 590 1761 669 regi
1810 598 1874 649 et
1919 585 2254 648 karissimo
2299 585 2431 647 filio
2477 605 2595 647 suo
2640 586 2858 647 inclito
2905 588 3040 667 regi

355 699 665 781 Stephano
710 699 946 761 deuote
990 699 1386 779 inpenderat,
1430 702 1849 762 concessisset
1892 710 1958 761 et
2003 699 2324 774 donasset,
2370 699 2452 760 de
2497 700 2708 781 gracie
2753 718 2866 760 sue
2911 698 3046 777 ple-

356 813 625 875 nitudine
696 822 1009 892 perpetuo
1082 812 1545 892 possidendam
1612 824 1675 873 et
1744 832 1893 875 eum
1961 800 2027 874 in
2095 812 2496 892 corporalem
2565 812 3042 892 possessionem

356 926 625 988 eiusdem
654 936 818 987 terre
848 934 914 987 et
944 928 1479 1005 pertinenciarum
1526 945 1781 987 suarum
1828 928 2081 988 fecisset
2109 925 2375 1006 pacifice
2407 924 2742 999 introduci,
2772 924 3038 986 tandem

356 1038 495 1099 dicti
541 1034 703 1101 Cure
749 1048 813 1099 et
855 1037 966 1099 filii
1010 1040 1124 1113 sui,
1167 1042 1369 1119 petita
1412 1060 1451 1100 a
1493 1038 1785 1119 predicto
1846 1038 2116 1101 domino
2179 1057 2328 1121 rege
2373 1038 2458 1100 ad
2504 1038 2628 1099 hoc
2673 1038 2937 1099 licencia
2982 1048 3047 1098 et

355 1151 620 1225 obtenta,
686 1149 925 1211 dictam
993 1161 1229 1213 terram
1282 1171 1431 1213 cum
1497 1154 1904 1233 pertinenciis
1944 1152 2074 1213 suis
2117 1162 2183 1213 et
2227 1151 2600 1213 utilitatibus
2668 1150 3044 1231 supradictis

353 1264 585 1345 prefato
630 1263 922 1327 Dionisio
967 1283 1084 1326 suo
1130 1276 1195 1326 et
1240 1265 1505 1326 fratrum
1550 1284 1814 1327 suorum
1860 1267 2124 1326 nomine
2170 1266 2410 1325 ementi
2455 1263 2892 1325 vendidissent
2921 1283 3040 1343 pro

356 1376 625 1457 quodam
668 1377 919 1457 palacio
950 1380 1015 1439 in
1051 1378 1333 1440 Worosd
1380 1380 1695 1440 existente
1725 1397 1875 1439 cum
1908 1378 2194 1458 quinque
2238 1379 2424 1439 curiis
2453 1378 2570 1439 sibi
2601 1376 3040 1438 adiacentibus

354 1500 415 1551 et
454 1510 565 1570 pro
610 1490 1031 1573 quadraginta
1077 1492 1277 1552 tribus
1322 1492 1550 1553 marcis
1594 1491 1839 1573 argenti
1884 1491 1969 1553 ab
2016 1490 2250 1552 eodem
2295 1488 2589 1552 Dionisio
2636 1500 2701 1551 et
2746 1489 3043 1551 fratribus

354 1606 472 1665 suis
512 1614 573 1665 et
616 1623 842 1665 eorum
902 1604 1241 1667 heredibus
1302 1604 1780 1685 perhempniter
1840 1603 2320 1684 possidendam,
2364 1604 2627 1683 plenum
2685 1602 3043 1663 dominium

354 1718 534 1797 ipsius
575 1727 743 1779 terre
788 1726 853 1779 et
894 1718 1431 1798 pertinenciarum
1476 1736 1735 1779 suarum
1780 1719 1843 1778 in
1891 1717 2100 1779 dictos
2152 1716 2512 1778 Dionisium
2544 1728 2608 1777 et
2639 1716 2862 1777 fratres
2892 1734 3047 1777 suos

354 1830 831 1892 transmittendo
878 1841 942 1893 et
986 1830 1512 1905 transfundendO,
1558 1850 1634 1892 ac
1694 1830 2062 1891 inducendo
2124 1831 2296 1909 ipsos
2339 1831 2405 1889 in
2451 1829 2849 1908 corporalem
2897 1846 3048 1907 pos-

354 1946 685 2005 sessionem
732 1944 902 2005 dicte
947 1955 1111 2005 terre
1155 1954 1220 2004 et
1264 1946 1799 2023 pertinenciarum
1844 1962 2101 2005 suarum
2133 1942 2416 2022 pacifice,
2446 1952 2511 2002 et
2541 1940 2928 2023 resignando
2971 1960 3048 2000 ac

352 2056 653 2118 tradendo
715 2058 806 2118 eis
864 2059 1081 2118 omnia
1140 2059 1559 2118 instrumenta
1606 2067 1668 2117 et
1716 2057 2118 2117 munimenta
2161 2074 2238 2116 ac
2281 2055 2534 2130 litteraS,
2583 2054 2812 2132 quibus
2857 2072 3049 2133 super

354 2171 693 2232 collacione
754 2165 967 2250 ipsius'
1007 2180 1171 2231 terre
1216 2189 1331 2250 per
1375 2168 1693 2250 prefatum
1737 2170 2078 2230 dominum
2125 2187 2362 2250 regem,
2407 2178 2476 2228 ut
2521 2167 2902 2248 premissum
2950 2174 3046 2229 est

356 2282 520 2345 dicto
561 2280 729 2347 Cure
774 2282 941 2345 sacta
985 2284 1235 2345 fuerant
1282 2285 1642 2362 premuniti.
1690 2280 2073 2364 Obligantes
2117 2301 2187 2343 se
2231 2281 2682 2343 nichilominus
2711 2299 2796 2341 ex
2828 2297 3045 2358 super-

355 2396 737 2458 habundanti
782 2396 867 2458 ad
911 2416 1077 2457 onus
1120 2398 1463 2458 euiccionis
1508 2396 1691 2457 dictis
1734 2394 2028 2458 Dionisio
2073 2404 2138 2457 et
2175 2394 2470 2456 fratribus
2514 2395 2642 2455 suis
2686 2411 2762 2453 ac
2809 2410 3034 2453 eorum

356 2508 681 2571 heredibus
726 2521 791 2571 et
833 2512 1282 2589 promittentes
1327 2512 1532 2589 ipsam
1580 2519 1813 2570 terram
1844 2529 1883 2569 a
1915 2528 1984 2569 se
2028 2507 2358 2569 venditam
2403 2508 2746 2568 euiccionis
2777 2507 3041 2566 nomine

356 2621 703 2685 defendere.
768 2621 1308 2701 Quandocunque
1355 2623 1508 2683 dicti
1554 2631 1771 2683 autem
1819 2617 1987 2685 Cure
2033 2632 2097 2682 et
2141 2620 2250 2683 filii
2311 2623 2406 2681 sui
2466 2619 2738 2681 confessi
2785 2630 2936 2679 sunt
2982 2628 3048 2679 et

356 2747 855 2818 recognouerunt
898 2755 1115 2799 coram
1190 2736 1393 2811 nobiS,
1462 2736 1781 2816 prefatum
1843 2736 2162 2815 palacium
2208 2753 2355 2795 cum
2401 2733 2702 2812 predictis
2762 2734 3048 2811 quinque

358 2852 533 2911 curiis
595 2850 711 2911 sibi
780 2849 975 2910 libere
1042 2849 1265 2911 datum
1333 2860 1397 2911 et
1466 2849 1768 2910 traditum
1834 2859 1897 2910 et
1966 2846 2322 2928 predictam
2385 2864 2708 2908 summam
2776 2846 3048 2925 pecunie

357 2963 763 3045 quadraginta
807 2981 1165 3025 marcarum
1196 2983 1236 3024 a
1264 2962 1557 3042 predicto
1596 2961 1887 3024 Dionisio
1920 2980 2038 3023 suo
2069 2971 2134 3022 et
2163 2962 2431 3022 fratrum
2476 2978 2738 3021 suorum
2785 2960 3048 3018 nomine

356 3076 634 3138 soluente
694 3077 883 3158 plene
952 3087 1351 3139 numeratam
1420 3094 1535 3136 seu
1599 3074 2044 3155 ponderatam,
2103 3075 2552 3134 renunciantes
2595 3089 2815 3132 coram
2861 3071 3049 3131 nobis

359 3189 516 3250 circa
559 3189 681 3251 hoc
725 3192 1101 3271 excepcioni
1148 3193 1235 3252 rei
1283 3209 1416 3252 non
1480 3189 1630 3249 date
1697 3187 1801 3249 1161
1846 3187 2078 3249 tradite
2123 3197 2187 3248 et
2232 3204 2365 3248 non
2412 3194 2744 3246 numerate
2776 3185 3048 3263 pecunie

357 3302 453 3362 uel
514 3321 642 3364 non
702 3304 906 3364 solute
952 3315 1017 3365 et
1062 3305 1336 3364 cuiusuis
1396 3302 1651 3364 alterius
1698 3303 1843 3363 iuris
1885 3301 1992 3363 uel
2043 3299 2523 3361 consuetudinis
2567 3298 2825 3371 auxili0,
2870 3296 3048 3375 quod

358 3415 441 3476 eis
484 3434 670 3495 super
728 3416 851 3478 hoc
909 3427 1127 3496 posset
1188 3426 1534 3497 conpetere
1580 3416 1642 3476 in
1690 3414 1810 3475 hac
1854 3424 2054 3493 parte,
2099 3415 2184 3474 ita
2234 3411 2411 3491 quod
2457 3411 2674 3471 omnia
2720 3409 3048 3491 priuilegia

358 3537 416 3587 et
460 3530 872 3590 instrumenta
917 3548 1031 3590 seu
1077 3531 1477 3591 munimenta
1536 3547 1725 3608 super
1791 3526 2077 3607 predicta
2124 3526 2485 3586 donacione
2529 3542 2644 3603 per
2689 3522 3048 3602 predictum

359 3637 519 3703 Cure
560 3653 623 3703 et
666 3643 829 3704 filios
887 3661 1038 3704 suos
1098 3644 1364 3704 obtenta
1425 3642 1527 3703 uel
1588 3639 1958 3714 obtinenda,
2005 3658 2132 3718 que
2193 3649 2418 3699 contra
2485 3635 2852 3697 huiusmodi
2897 3653 3049 3696 ven-

357 3753 611 3816 dicionis
678 3767 1077 3818 contractum
1145 3755 1436 3835 predicto
1504 3755 1794 3816 Dionisio
1855 3763 1920 3814 et
1980 3752 2277 3814 fratribus
2343 3753 2470 3812 suis
2532 3751 2850 3831 resignata
2917 3766 3051 3808 non

356 3879 558 3929 essent
586 3878 649 3930 et
680 3879 943 3948 possent
988 3868 1124 3930 fore
1168 3870 1565 3949 inposterum
1613 3877 2025 3939 nocumento,
2071 3869 2197 3927 sint
2241 3883 2460 3939 vacua,
2491 3882 2668 3924 cassa
2699 3871 2764 3922 et
2794 3879 3070 3958 prorsus.

358 3983 633 4043 carencia
700 3983 880 4043 omni
948 3982 1181 4043 robore
1248 3981 1576 4043 firmitatis,
1645 3980 1819 4042 Mete
1886 3990 2106 4042 autem
2168 3979 2363 4057 ipsius
2407 3987 2589 4051 terre,
2634 3979 2795 4036 sicut
2839 3983 3052 4054 partes

357 4094 534 4155 nobis
597 4095 965 4170 retulerunt,
1034 4096 1142 4157 tali
1211 4095 1436 4156 ordine
1482 4094 1940 4175 distinguntur:
2000 4094 2207 4172 prima
2269 4093 2455 4173 igitur
2503 4099 2674 4151 meta
2722 4089 2939 4166 incipit
2987 4089 3050 4147 in

358 4203 556 4268 littore
597 4205 832 4269 Drawe
863 4218 929 4269 et
960 4207 1165 4269 tendit
1197 4207 1281 4269 ad
1312 4226 1508 4268 unam
1554 4207 1796 4268 vlmum
1830 4208 2011 4266 iuxta
2038 4214 2274 4266 terram
2321 4203 2791 4275 cruciferorum,
2816 4199 3052 4261 deinde

357 4319 435 4378 ad
478 4320 677 4383 ilicem
728 4340 915 4382 cruce
945 4323 1260 4403 signatam
1305 4321 1391 4383 ab
1435 4320 1587 4381 inde
1632 4321 1855 4381 transit
1901 4319 2166 4379 fluuium
2215 4315 2440 4378 Budne
2483 4314 2568 4376 ad
2600 4315 2893 4375 arborem
2943 4314 3051 4392 qui

358 4430 573 4495 dicitur
614 4433 853 4516 egurfa,
898 4434 1016 4496 sub
1064 4453 1191 4514 qua
1237 4444 1334 4495 est
1381 4444 1552 4494 meta
1600 4443 1821 4506 terrea,
1868 4431 2018 4493 inde
2064 4449 2178 4510 per
2207 4430 2472 4491 fluuium
2506 4426 2835 4490 Rednicha
2880 4426 3054 4487 vadit

358 4561 565 4608 uersus
630 4547 963 4608 meridiem
1027 4547 1111 4608 ad
1181 4546 1453 4608 riuulum
1525 4549 1631 4626 qui
1696 4543 2020 4610 Churnich
2081 4543 2454 4623 appellatur,
2515 4541 2623 4602 ubi
2673 4540 2968 4601 distincta
3016 4560 3054 4600 a

356 4663 531 4722 metis
588 4661 1039 4722 cruciferorum
1100 4661 1504 4742 coniungitur
1550 4661 1735 4720 metis
1781 4668 1945 4719 terre
1993 4657 2074 4718 de
2123 4654 2327 4736 copy,
2387 4654 2602 4716 eundo
2647 4673 2764 4734 per
2809 4652 3052 4713 dictum

356 4773 616 4836 riuulum
686 4771 1009 4838 Churnich
1073 4793 1290 4835 uersus
1358 4773 1710 4848 meridiem,
1772 4773 1991 4851 incipit
2037 4781 2254 4832 tenere
2303 4779 2510 4830 metas
2555 4787 2704 4829 cum
2749 4767 3052 4828 Romano

356 4882 606 4968 iensque
674 4887 865 4970 longe
912 4888 1044 4949 exit
1092 4887 1174 4948 de
1219 4886 1422 4948 riuulo
1480 4884 1800 4950 Churnich
1846 4884 1932 4946 ad
1978 4883 2268 4956 riuulum,
2338 4885 2445 4963 qui
2491 4890 2756 4942 vocatur
2805 4879 3057 4956 Halina,

358 5001 728 5064 existentem
778 5003 955 5063 iuxta
1002 5011 1231 5062 terram
1280 5000 1566 5062 eiusdem
1600 5001 1893 5070 Romani,
1927 5018 2043 5078 per
2072 5015 2270 5073 quam
2301 5015 2538 5076 aquam
2572 4995 2806 5056 Halina
2839 4991 3056 5054 eundo

358 5117 481 5177 exit
544 5135 763 5178 uersus
830 5116 1165 5178 meridiem
1213 5113 1297 5174 ad
1342 5117 1532 5189 uiam,
1579 5115 1756 5174 iuxta
1803 5131 2002 5192 quam
2068 5113 2237 5172 viam
2287 5121 2384 5172 est
2431 5119 2602 5171 meta
2665 5118 2869 5169 terrea
2938 5106 3058 5166 sub
