3797 5795
1633 388 1887 450 —217
1964 425 2041 433 —-

1740 924 1933 1003 722.

484 1097 710 1175 1262,
753 1098 860 1161 27.
905 1098 1166 1161 marta.
1213 1096 1272 1161 U
1315 1096 1612 1163 viterbi.

489 1282 736 1345 (eran
799 1284 923 1345 JV.
993 1285 1242 1357 nalaz‘e,
1306 1286 1396 1348 cla
1455 1308 1526 1349 se
1588 1294 1766 1350 03³er
1827 1288 2036 1350 kazne
2103 1287 2239 1363 oni,
2307 1287 2458 1371 kojc‘
2509 1309 2595 1350 su
2657 1286 2857 1350 ‹fz‘nz'lz
2928 1287 3191 1372 nasilja

1404 1406 1803 1462 samoslanu
1849 1420 1945 1463 sv.
1996 1400 2267 1464 Nz‘kole.

671 1590 961 1651 Urbanus
1006 1594 1339 1669 episcopus
1385 1610 1602 1652 seruus
1633 1611 1963 1652 seruorum
2012 1593 2111 1653 dei
2161 1594 2630 1654 venerabilibus
2676 1593 2971 1653 fratribus
2998 1593 3190 1675 (Lau-

477 1698 718 1768 rentio)
739 1702 1213 1782 archiepiscopo
1228 1703 1512 1784 Jadrensi
1546 1716 1608 1765 et
1641 1705 2053 1787 suffraganeis
2086 1688 2235 1781 ciuS,
2267 1726 2341 1767 ac
2377 1706 2623 1767 dilectis
2655 1706 2793 1767 filiis
2831 1706 3189 1777 abbatibuS,

476 1815 816 1893 prioribuS,
873 1815 1147 1887 decanis
1208 1817 1685 1891 archidiaconis,
1746 1821 2099 1897 prepositis,
2154 1820 2442 1899 plebanis
2489 1830 2551 1879 et
2599 1819 2733 1879 aliis
2781 1820 3187 1880 ecclesiarum

475 1928 742 2006 prelatis
799 1948 914 2007 per
975 1928 1346 2009 Jadrensem
1415 1933 1810 2009 prouinciam
1880 1933 2238 1992 constitutis
2299 1934 2567 1993 salutem
2638 1944 2700 1993 ct
2770 1932 3187 2012 apostolicam

475 2041 1016 2101 benedictionem.
1062 2042 1122 2103 N
1127 2061 1212 2102 on
1257 2043 1500 2122 absque
1532 2042 1756 2104 doloro
1789 2045 1999 2106 cordis
2030 2057 2093 2105 et
2125 2047 2396 2124 plurima
2428 2046 2804 2106 turbacione
2834 2044 3191 2117 didicimus,

477 2154 668 2233 quod
711 2157 792 2215 ita
825 2158 885 2215 in
920 2155 1238 2234 plerisque
1282 2157 1566 2236 partibus
1612 2156 2037 2219 ecclesiastica
2083 2177 2347 2219 censura
2392 2158 2756 2219 dissoluitur
2787 2169 2850 2218 et
2882 2159 3190 2218 canonice

477 2270 807 2328 sentencie
851 2272 1155 2329 seueritas
1200 2280 1554 2341 metuatur,
1600 2280 1669 2331 ut
1715 2272 1824 2331 uiri
1875 2272 2145 2353 religiosi
2178 2281 2242 2331 et
2277 2271 2355 2332 hii
2390 2274 2695 2346 maxime,
2742 2274 2848 2350 qui
2879 2290 2994 2350 per
3024 2269 3191 2331 sedis

477 2382 834 2458 apostolice
878 2382 1205 2463 priuilegia
1253 2385 1474 2443 maiori
1521 2383 1742 2444 donati
1784 2395 1930 2444 sunt
1979 2384 2286 2457 libertate,
2332 2388 2566 2463 passim
2604 2404 2641 2445 a
2674 2384 3193 2471 malefactoribus

479 2494 625 2553 suis
665 2496 909 2554 iniurias
969 2497 1322 2556 sustineant
1368 2507 1430 2556 et
1478 2498 1747 2574 rapinas,
1803 2497 1959 2557 dum
2008 2500 2117 2557 uix
2163 2498 2497 2570 inuenitur,
2562 2500 2669 2575 qui
2733 2515 3014 2578 congrua
3074 2496 3193 2557 illis

478 2610 883 2685 protectione
943 2608 1279 2669 subueniat
1340 2620 1402 2669 et
1462 2629 1580 2689 pro
1643 2610 1904 2670 fouendi
1970 2629 2322 2689 pauperum
2387 2612 2762 2670 innocencia
2824 2629 2891 2670 se
2939 2627 3191 2669 murum

479 2719 870 2781 defensionis
917 2732 1222 2801 opponat.
1268 2720 1638 2801 Specialiter
1683 2733 1894 2783 autem
1948 2724 2177 2783 dilecte
2226 2724 2285 2782 in
2338 2720 2589 2785 Christo
2636 2722 2761 2782 filie
2810 2770 2821 2781 .
2872 2770 2881 2781 .
2933 2770 2943 2780 .
2994 2722 3192 2782 abba-

481 2834 646 2893 tissa
675 2846 731 2893 et
762 2854 1008 2896 sorores
1055 2835 1428 2916 monialium
1475 2835 1855 2896 inclusarum
1906 2836 2271 2896 monasterii
2318 2837 2515 2895 sancti
2568 2834 2813 2895 Nicolai
2854 2833 3192 2915 JadrensiS,

485 2947 732 3008 ordinis
773 2952 970 3009 sancti
1017 2949 1336 3023 Damiani‚
1383 2961 1516 3009 tam
1564 2949 1646 3010 de
1693 2949 2131 3030 frequentibus
2198 2950 2433 3009 iniuriis
2480 2967 2677 3028 quam
2724 2949 2806 3008 de
2854 2949 2993 3026 ipso
3038 2951 3195 3008 coti-

485 3061 690 3120 diano
733 3062 985 3122 defectu
1018 3065 1246 3123 iustitie
1278 3074 1746 3140 conquerentes
1792 3064 2266 3122 vniuersitatem
2301 3073 2575 3122 uestram
2611 3062 2830 3122 litteris
2875 3063 3191 3140 petierunt

486 3175 852 3252 apostolicis
915 3177 1194 3248 excitari,
1264 3187 1330 3236 ut
1398 3178 1485 3236 ita
1554 3175 1846 3236 uidelicet
1910 3176 1999 3235 eis
2061 3177 2121 3234 in
2193 3175 2704 3235 tribulationibus
2772 3176 2899 3235 suis
2967 3185 3191 3235 contra

491 3287 928 3350 malefactores
991 3307 1210 3349 earum
1272 3298 1573 3367 prompta
1633 3289 1923 3349 debeatis
1984 3289 2508 3368 magnanimitate
2569 3307 2973 3370 consurgere,
3020 3287 3201 3368 quod

491 3401 590 3460 ab
631 3405 936 3483 angustiis,
993 3421 1151 3480 quas
1195 3403 1504 3462 sustinent
1538 3412 1603 3462 et
1632 3403 1938 3478 pressuris
1996 3413 2207 3461 uestro
2256 3404 2499 3480 possint
2546 3401 2826 3479 presidio
2874 3402 3197 3480 respirare.

493 3513 776 3594 Ideoque
833 3517 1217 3576 vniuersitati
1285 3525 1490 3575 uestre
1535 3534 1649 3594 per
1695 3515 2047 3593 apostolica
2094 3517 2323 3593 scripta
2390 3513 2777 3574 mandamus
2824 3524 3015 3590 atque
3060 3533 3201 3593 pre-

495 3628 778 3708 cipimus,
825 3629 965 3689 illos
1012 3631 1116 3707 qui
1165 3631 1598 3708 possessiones
1643 3630 1745 3690 uel
1807 3649 1905 3689 res
1968 3647 2083 3689 seu
2128 3629 2360 3689 domos
2426 3626 2857 3706 predictarum
2906 3645 3199 3688 sororum

499 3742 904 3803 irreuerenter
965 3743 1327 3815 inmiserint,
1374 3757 1482 3804 aut
1529 3763 1605 3804 ca
1652 3745 1878 3804 iniuste
1920 3744 2320 3814 detinuerint,
2360 3761 2485 3820 que
2531 3742 2833 3819 predictis
2879 3741 3201 3801 sororibus

497 3872 592 3914 ex
633 3864 1006 3917 testamento
1054 3856 1502 3918 decedentium
1551 3858 2005 3936 relinquuntur,
2051 3875 2161 3916 seu
2196 3857 2256 3914 in
2291 3858 2457 3933 ipsas
2503 3873 2754 3914 sorores
2786 3853 2886 3913 uel
2920 3856 3198 3932 ipsarum

501 3966 770 4046 aliquam
825 3981 1050 4030 contra
1110 3969 1461 4049 apostolice
1522 3969 1690 4030 sedis
1751 3969 1995 4030 indulta
2058 3969 2439 4029 sententiam
2510 3967 3201 4028 excommunicationis

501 4091 612 4140 aut
674 4083 980 4144 interdicti
1051 4086 1550 4162 presumpserint
1618 4083 2043 4164 promulgare,
2110 4082 2213 4143 uel
2283 4082 2565 4142 decimas
2641 4081 2722 4141 de
2799 4081 3201 4140 nutrimentis

504 4194 858 4256 animalium
909 4215 1172 4258 suorum
1219 4199 1445 4275 spretis
1490 4196 1774 4257 eiusdem
1823 4196 1991 4257 sedis
2038 4195 2376 4276 priuilegiis
2422 4204 2830 4273 extorquere,
2875 4193 3040 4253 side
3086 4193 3202 4253 hiis

512 4309 834 4371 manifeste
883 4310 1070 4371 uobis
1131 4311 1500 4384 constiterit,
1547 4313 1854 4371 canonica
1903 4311 2258 4371 monitione
2302 4309 2629 4387 premissa,
2675 4309 2724 4366 si
2772 4307 2908 4366 laici
2958 4305 3204 4379 fuerint,

501 4421 744 4501 publice
788 4423 1070 4484 candelis
1114 4426 1399 4484 accensis
1443 4423 1668 4506 singuli
1717 4433 1997 4484 uestrum
2046 4425 2109 4483 in
2157 4422 2519 4483 diocesibus
2550 4432 2611 4480 ct
2648 4419 2932 4480 ecclesiis
2979 4419 3203 4479 uestris

503 4538 1182 4599 excommunicationis
1259 4541 1570 4599 sententia
1640 4538 2014 4617 percellatis.
2090 4535 2155 4598 Si
2226 4553 2380 4596 uero
2450 4534 2656 4595 clerici
2732 4531 2832 4592 uel
2911 4532 3201 4592 canonici

502 4651 806 4730 regulares
880 4671 993 4714 seu
1071 4652 1369 4713 monachi
1444 4653 1784 4724 extiterint,
1867 4650 2297 4729 appellatione
2358 4656 2623 4721 remota,
2690 4645 2771 4704 ab
2849 4643 3062 4705 officio
3138 4653 3201 4704 et

505 4763 802 4826 beneficio
879 4766 1299 4844 suspendatis
1354 4775 1644 4826 neutram
1720 4763 2055 4824 relaxaturi
2134 4761 2535 4834 sententiam,
2622 4758 2831 4819 donec
2905 4757 3207 4836 predictis

505 4879 818 4940 sororibus
879 4879 1162 4957 plenarie
1228 4879 1612 4939 satisfaciant
1672 4887 1736 4937 et
1797 4885 1929 4936 tam
1992 4875 2131 4936 laici
2195 4892 2389 4951 quam
2450 4873 2657 4934 clerici
2722 4871 3037 4932 seculares
3096 4873 3203 4950 qui

504 5008 617 5068 pro
672 4993 952 5053 uiolenta
1014 5010 1320 5052 manuum
1382 4992 1720 5052 iniectione
1767 4991 1829 5050 in
1875 5007 2127 5049 sorores
2185 4988 2353 5064 ipsas
2414 4986 2516 5047 uel
2580 4987 2859 5064 ipsarum
2906 4985 3206 5064 aliquam,

505 5104 920 5166 anathematis
967 5105 1224 5166 uinculo
1271 5105 1501 5165 fuerint
1546 5103 1833 5164 innodati
1897 5120 2045 5162 cum
2108 5099 2432 5160 diocesani
2498 5099 2783 5176 episcopi
2846 5099 3065 5160 litteris
3124 5097 3206 5156 ad
