3797 5795
1505 362 1584 370 -—
1639 328 1764 391 247
1828 361 1913 369 --

1605 638 1798 719 749.

388 819 570 898 1263,
611 819 670 881 7.
714 814 1080 883 februare..
1126 815 1187 881 U
1232 791 1607 881 §ibenikm

1057 1004 1200 1069 Mir
1245 1002 1538 1087 zamedju
1591 989 1917 1068 Sibenz'ka
1962 1001 1998 1064 ι’
2049 1002 2112 1064 T
2103 1000 2346 1087 rogim.

548 1197 730 1260 Anno
775 1199 1097 1259 dominice
1136 1199 1588 1259 incarnationis
1627 1195 1832 1270 1263„
1862 1195 2210 1256 indictione
2230 1192 2317 1269 ·6.,
2363 1196 2599 1255 mensis
2662 1193 2954 1255 februarii
3008 1194 3062 1255 7.

380 1314 471 1373 die
505 1316 776 1386 intrante,
806 1322 1114 1392 regnante
1145 1310 1414 1371 domino
1459 1320 1680 1370 nostro
1711 1309 2113 1370 serenissimo
2145 1326 2292 1389 rege
2326 1306 2625 1388 Ungarie,
2656 1325 2733 1367 ac
2766 1318 3065 1387 tempore

381 1426 695 1505 Stepconis
739 1425 993 1484 comitis
1037 1423 1120 1483 de
1167 1423 1466 1484 Breberio
1513 1424 1746 1504 egregii
1791 1422 2126 1500 potestatis
2170 1419 2615 1493 Sibenicensis‚
2657 1438 2775 1481 nec
2821 1438 2952 1480 non
2998 1428 3061 1479 et

379 1539 635 1599 iudicum
697 1536 862 1597 Petri
909 1545 972 1597 et
1017 1536 1242 1598 Tolen.
1307 1533 1476 1614 Quia
1523 1534 1610 1594 nil
1659 1534 1901 1607 meliuS,
1948 1533 2034 1593 nil
2082 1532 2426 1607 honestius,
2472 1532 2689 1611 nilque
2736 1532 2947 1593 utilius
2992 1532 3056 1591 in

379 1651 494 1711 hoc
539 1649 736 1710 seculo
785 1650 1106 1728 reperitur,
1171 1666 1366 1727 quam
1413 1646 1590 1727 quod
1662 1658 1966 1707 terrarum
2030 1646 2381 1707 rectoribus
2443 1648 2605 1707 inter
2667 1642 3061 1709 Christianos

381 1763 650 1842 popuIOS,
730 1763 1066 1841 presertim
1128 1762 1290 1821 inter
1351 1762 1588 1821 vicinas
1656 1761 1941 1820 civitates
2006 1760 2183 1838 pacis
2243 1758 2457 1820 federa
2520 1760 2928 1832 seminentur,
2986 1776 3063 1818 ac

387 1894 524 1936 vere
562 1874 910 1936 dilectionis
955 1873 1174 1955 regula
1219 1873 1518 1933 radicitus
1563 1873 1951 1946 observetur,
1983 1871 2207 1933 harum
2240 1890 2475 1950 nempe
2508 1872 2810 1931 effectum
2856 1874 3063 1931 consi-

383 1990 652 2049 derantes
681 2006 804 2049 nos
845 1986 1190 2066 supradicti
1224 1999 1526 2065 potestas,
1557 1985 1796 2046 iudices
1843 1986 2309 2065 consiliariique
2340 1984 2767 2047 Sibenicensis
2796 1986 3065 2045 civitatis

381 2104 614 2162 nomine
641 2111 706 2161 et
739 2104 876 2161 vice
908 2111 1122 2161 nostre
1153 2101 1630 2160 communitatis
1676 2098 2101 2161 Sibenicensis
2134 2108 2199 2159 et
2230 2118 2348 2177 pro
2381 2099 2515 2177 ipsa
2560 2099 2953 2158 comunitate
2998 2108 3061 2157 et

383 2214 642 2274 volentes
685 2214 1022 2274 vobiscum
1069 2212 1596 2293 Traguriensibus
1644 2214 1708 2273 in
1753 2230 1901 2271 vera
1936 2211 2297 2284 concordia,
2328 2200 2633 2272 societate
2678 2220 2743 2271 et
2786 2211 3062 2271 amicitia

383 2345 732 2405 permanere
763 2336 829 2387 et
859 2328 907 2385 si
944 2343 1070 2403 qua
1102 2328 1264 2385 inter
1293 2344 1408 2385 vos
1439 2335 1503 2385 et
1537 2344 1655 2387 nos
1687 2328 1900 2406 vigere
1931 2325 2409 2405 dignoscuntur,
2434 2325 2609 2386 illesa
2640 2336 3061 2402 permaneant

382 2450 438 2499 et
479 2440 553 2499 de
593 2440 769 2500 bono
801 2440 866 2499 in
900 2438 1124 2499 melius
1155 2438 1579 2499 reformentur
1622 2438 1707 2498 ad
1755 2437 2070 2498 honorem
2103 2448 2165 2498 et
2199 2440 2617 2499 reverentiam
2664 2438 3058 2498 illustrissimi

381 2552 600 2612 domini
659 2553 858 2612 nostri
921 2553 1080 2633 regis
1144 2550 1425 2633 Ungarie
1469 2561 1532 2611 et
1578 2552 1712 2612 eius
1769 2548 2066 2622 filiorum,
2113 2569 2231 2611 nec
2300 2569 2429 2610 non
2490 2550 2574 2611 ad
2635 2551 2949 2611 honorem
2996 2565 3061 2611 et

381 2666 822 2743 protectionem
885 2664 1204 2723 bonorum
1253 2674 1316 2723 et
1373 2662 1658 2724 fidelium
1704 2674 1768 2724 et
1816 2664 1898 2724 ad
1948 2663 2262 2725 malorum
2311 2674 2373 2723 et
2422 2663 2771 2725 infidelium
2840 2663 3062 2724 consu-

381 2778 601 2837 sionem
647 2778 767 2838 sub
813 2777 924 2837 tali
973 2775 1174 2836 forma
1222 2776 1651 2851 concordiam,
1698 2779 2073 2838 societatem
2122 2788 2185 2837 et
2232 2778 2575 2837 amicitiam
2624 2778 2786 2837 inter
2832 2796 2947 2837 vos
2992 2788 3057 2836 et

382 2909 486 2950 nos
539 2890 836 2952 duximus
895 2889 1300 2952 statuendam
1367 2901 1562 2969 atque
1626 2890 2081 2964 renovandam,
2128 2889 2209 2952 de
2261 2909 2578 2952 consensu
2622 2902 2687 2952 et
2732 2890 3062 2951 voluntate

381 3005 556 3064 nostri
597 3004 832 3084 publici
897 3003 1274 3082 parlamenti
1321 3017 1384 3065 et
1430 3007 1492 3065 in
1540 3007 1680 3082 ipso
1727 3015 1790 3064 et
1836 3005 1922 3064 ab
1966 3006 2105 3083 ipso
2152 3004 2553 3083 parlamento
2612 3004 3058 3065 confirmatam

380 3128 434 3176 et
476 3117 842 3196 aprobatam
891 3117 1294 3178 concorditer
1339 3128 1402 3178 et
1449 3118 1849 3191 unanimiter,
1881 3119 2231 3178 existentes
2276 3136 2403 3178 una
2435 3135 2583 3178 cum
2628 3117 2951 3178 nobilibus
2996 3127 3060 3177 et

381 3230 643 3292 discretis
712 3230 991 3291 dominis
1063 3230 1409 3291 Valentino
1470 3230 1553 3290 de
1624 3227 1911 3293 Casariza
1981 3241 2045 3291 et
2111 3230 2377 3309 Duymo
2438 3229 2568 3292 filio
2635 3229 3060 3290 archidiaconi

379 3343 868 3404 ambasatoribus
929 3344 1147 3404 vestris
1194 3365 1232 3403 a
1277 3343 1458 3403 vobis
1503 3343 1587 3403 ad
1636 3362 1755 3403 nos
1801 3361 1990 3422 super
2036 3343 2131 3404 his
2176 3343 2533 3422 specialiter
2575 3343 2911 3421 deputatis
2962 3343 3061 3403 In-

379 3459 576 3534 primis
621 3459 838 3536 itaque
895 3457 1192 3517 volumus
1237 3467 1298 3516 et
1345 3456 1718 3517 ordinamus
1764 3467 1828 3516 et
1874 3458 1959 3516 ita
2006 3456 2309 3518 duximus
2369 3456 2820 3529 ordinandum,
2880 3456 3059 3534 quod

378 3569 470 3629 illa
524 3570 860 3652 privilegia,
907 3589 1032 3648 que
1091 3570 1489 3648 temporibus
1557 3569 1968 3630 dominorum
2044 3567 2359 3631 Guidonis
2419 3572 2669 3631 comitis
2724 3572 3060 3648 potestatis

377 3683 792 3764 Traguriensis
838 3694 902 3743 et
948 3682 1232 3744 Danielis
1293 3684 1544 3742 comitis
1603 3683 2032 3744 Sibenicensis
2092 3683 2259 3744 facta
2313 3686 2661 3745 extiterunt
2706 3683 2829 3744 sint
2876 3683 3061 3744 firma

375 3809 431 3856 et
475 3806 599 3857 rata
643 3797 726 3857 ab
772 3808 1042 3875 utraque
1105 3798 1568 3856 communitate
1627 3797 1958 3856 servanda.
2026 3795 2181 3856 Item
2254 3798 2471 3857 omnia
2536 3795 2870 3857 malefacta
2934 3815 3061 3874 que

377 3908 662 3970 hactenus
723 3912 888 3970 inter
948 3908 1394 3970 Sibenicenses
1441 3920 1506 3970 et
1549 3908 2010 3991 ‘l'ragurienses
2079 3910 2247 3970 facta
2310 3921 2473 3983 sunt,
2520 3911 2644 3969 sint
2705 3909 2853 3970 hinc
2914 3909 3063 3969 inde
3158 3969 3160 3974 .

373 4022 527 4081 irrita
571 4034 628 4083 et
677 4025 940 4082 remissa
984 4023 1274 4100 exceptis
1336 4021 1676 4083 dumtaxat
1735 4023 1872 4096 illis,
1918 4023 2000 4083 de
2045 4022 2278 4102 quibus
2323 4041 2437 4100 per
2480 4023 2720 4083 curiam
2781 4023 3061 4101 aliquam

372 4137 808 4196 sententiatum
855 4136 1167 4209 extiterit3
1213 4135 1299 4195 ita
1347 4134 1523 4213 quod
1557 4135 1706 4196 inde
1737 4135 1925 4196 datus
1957 4136 2142 4196 suerit
2186 4135 2558 4215 prestalduS,
2602 4136 2704 4196 vel
2733 4136 3061 4214 publicum

370 4248 842 4309 instrumentum
920 4248 1282 4322 obtentum,
1351 4258 1462 4309 aut
1527 4249 1761 4309 solutio
1829 4250 2042 4328 aliqua
2111 4252 2363 4328 incepta
2426 4249 2607 4310 fuerit
2675 4249 2883 4310 facere
2949 4268 3061 4309 seu

372 4359 659 4423 maleficia
707 4362 873 4422 sacta
921 4371 984 4422 et
1030 4363 1374 4422 commissa
1422 4363 1728 4423 hactenus
1774 4382 1976 4442 usque
2024 4381 2209 4424 nunc.
2259 4363 2417 4424 Item
2453 4364 2502 4423 si
2535 4363 2851 4437 acciderit,
2883 4363 3061 4442 quod

369 4472 636 4554 Tragurii
699 4477 1078 4547 comunitaS,
1139 4476 1236 4535 vel
1298 4495 1334 4535 e
1395 4495 1708 4536 converso
1775 4474 2222 4537 Sibenicenses
2266 4476 2515 4556 aliquos
2581 4477 2875 4537 homines
2942 4495 3060 4555 pro

369 4586 564 4666 aliqua
634 4591 1016 4648 necessitate
1077 4590 1545 4648 extramiserint
1608 4601 1670 4648 et
1735 4592 2109 4650 necessitate
2170 4590 2506 4651 manifesta
2566 4590 2774 4650 coacti
2833 4588 3059 4650 suerint

369 4698 645 4762 homines
689 4701 844 4761 dicti
891 4704 1205 4780 patientes
1251 4703 1508 4776 iamem,
1539 4721 1687 4762 cum
1721 4703 1802 4763 de
1833 4703 1962 4763 suis
1993 4704 2210 4764 bestiis
2254 4704 2604 4764 commode
2649 4703 2883 4764 habere
2930 4715 3061 4763 non

366 4824 610 4890 possent
677 4813 762 4874 ad
832 4814 1310 4874 comedendum
1386 4827 1448 4875 et
1516 4815 1762 4894 aliquas
1830 4837 1929 4876 res
1990 4816 2143 4877 alias
2211 4820 2499 4896 accipere
2574 4816 2905 4888 voluerint,
2972 4820 3062 4877 sic

367 4925 646 4986 volumus
690 4939 756 4987 et
802 4926 1174 4987 ordinamus
1219 4927 1303 4988 ad
1350 4928 1492 5002 hoc,
1538 4939 1606 4988 ut
1655 4928 1919 5008 quilibet
1965 4933 2045 4989 sit
2090 4949 2207 4990 suo
2254 4940 2609 5003 contentuS,
2655 4949 2775 4990 nec
2834 4948 3063 4990 manus

368 5037 594 5100 illicitas
661 5041 973 5100 extendat
1037 5040 1120 5100 ad
1184 5041 1479 5111 alienum,
1548 5041 1729 5120 quod
1791 5041 1891 5102 ille
1938 5044 2043 5123 qui
2108 5045 2223 5103 erit
2294 5047 2663 5122 capitaneus
2728 5043 3063 5104 hominum
