3797 5795
1495 398 1758 460 —589
1835 432 1913 441 —-

351 606 506 669 rege
540 588 844 647 Bohemie
876 601 1236 665 prenotatO,
1283 591 1422 667 ipso
1469 588 1818 650 Laurentio
1851 588 2023 647 bano
2058 588 2243 648 nobis
2274 590 2435 649 inter
2466 588 2741 668 reliquos
2786 588 3059 649 asseclas

351 711 416 760 et
449 699 670 761 fideles
705 712 1072 761 constanter
1103 710 1166 761 e't
1199 699 1466 762 fideliter
1511 703 1870 771 assistente;
1918 700 2023 761 ubi
2068 719 2215 761 eum
2249 699 2632 762 laudabilem
2681 704 3061 783 agnovimus

353 832 566 874 rerum
629 815 1022 892 experientia
1084 814 1553 892 comprobante
1599 822 1662 875 et
1708 815 1772 873 in
1838 814 2253 892 expeditione
2315 814 2506 873 etiam
2572 824 2805 884 nostra,
2866 832 3057 892 quam

359 937 584 987 contra
619 924 1002 987 Austrenses
1037 928 1353 987 movimus
1385 938 1646 1006 propter
1693 928 2033 987 versutiam
2066 938 2129 986 et
2160 928 2525 986 iniustitiam
2560 929 2722 1008 tegis
2755 926 3060 987 Bohemie

354 1039 932 1118 comprimendam,
981 1041 1083 1117 qui
1136 1039 1320 1099 nobis
1365 1039 1794 1119 multipliciter
1849 1039 2045 1100 fidem
2096 1038 2296 1120 fregit,
2364 1038 2652 1102 infideles
2698 1052 2950 1099 nostros
2997 1042 3057 1098 in

353 1170 537 1213 suum
604 1152 960 1212 dominium
1030 1152 1434 1213 admittendo
1499 1164 1563 1212 et
1624 1163 1945 1212 tesaurum
2014 1154 2186 1233 regni
2254 1154 2450 1213 nostri
2513 1171 2671 1213 ausu
2724 1154 3059 1213 temerario

353 1264 840 1337 contractand0‚
902 1265 1140 1325 dictum
1205 1265 1444 1326 banum
1510 1264 1852 1335 sollertem,
1914 1263 2251 1343 providum
2313 1276 2378 1326 et
2439 1264 2677 1326 bellicis
2724 1265 3062 1326 sudoribus

355 1378 724 1455 expositum
775 1379 1130 1438 invenimus
1175 1390 1240 1439 et
1284 1380 1449 1438 circa
1492 1379 1709 1439 omnia
1755 1388 1973 1438 nostra
2019 1379 2403 1456 exequenda
2450 1377 2755 1437 mandata
2799 1397 3061 1456 promp-

352 1492 668 1550 tissimum
701 1500 765 1551 et
797 1501 1113 1552 attentum
1162 1510 1280 1569 pro
1327 1490 1630 1552 fidelitate
1677 1509 1916 1551 corone
1950 1490 2165 1552 debita
2212 1501 2276 1552 et
2322 1493 2815 1552 conservacione
2859 1492 3061 1569 patrie

349 1620 486 1676 sue,
531 1613 677 1681 post
708 1615 957 1684 tergum
1001 1605 1216 1663 omnia
1265 1602 1686 1682 relinquendo
1719 1614 1780 1663 et
1812 1606 2115 1664 continue
2145 1605 2208 1663 in
2244 1614 2463 1664 nostro
2509 1605 2793 1665 exercitu
2838 1614 3060 1664 contra

350 1716 722 1795 potenciam
774 1719 936 1797 regis
983 1715 1290 1777 Bohemie
1336 1715 1732 1776 laudabiliter
1777 1716 2215 1776 concertando
2261 1716 2375 1776 sibi
2427 1735 2556 1775 non
2604 1734 2890 1795 parcens,
2938 1734 3055 1776 nec

349 1830 500 1901 vite,
544 1829 886 1909 gloriosam
933 1831 1126 1890 vitam
1173 1842 1474 1908 reputans
1519 1848 1636 1907 pro
1682 1832 1883 1907 patria
1930 1828 2250 1902 dimicare,
2314 1830 2465 1908 quin
2514 1848 2669 1907 ymo
2717 1848 2863 1889 cum
2912 1848 3059 1907 pro-

350 1940 634 2001 clamato
681 1953 742 2001 et
790 1952 1020 2002 vocato
1052 1954 1273 2005 nostro
1319 1943 1603 2003 exercitu
1647 1951 1870 2002 contra
1918 1942 2221 2003 insultum
2268 1941 2493 2021 prefati
2542 1944 2703 2023 regis
2751 1940 3060 2002 Bohemie

349 2054 674 2133 paulisper
733 2067 951 2117 nostra
1011 2074 1080 2116 se
1141 2055 1371 2116 milicia
1436 2065 1822 2135 prepararet,
1875 2054 2119 2115 dictum
2186 2054 2612 2115 Laurencium
2675 2055 2914 2115 banum
2977 2054 3060 2114 de

351 2184 468 2228 sua
515 2166 642 2229 fide
690 2178 754 2229 et
800 2168 1103 2229 industria
1149 2187 1262 2248 per
1309 2168 1509 2229 multa
1571 2168 1848 2247 auspicia
1915 2167 2331 2242 confidenteS,
2392 2169 2682 2247 quamvis
2742 2168 3061 2228 continuis

351 2280 503 2340 belli
549 2280 886 2341 sudoribus
930 2281 1262 2363 fatigatum
1312 2280 1667 2343 necessario
1712 2280 2118 2360 premisimus
2164 2292 2313 2341 ante
2360 2282 2715 2341 exercitum
2762 2279 2847 2341 ad
2879 2282 3053 2361 regni

353 2392 633 2454 confinia
707 2394 1174 2455 descendenda.
1243 2394 1366 2455 Pro
1437 2394 1801 2455 huiusmodi
1871 2395 2059 2475 igitur
2134 2393 2420 2454 eiusdem
2500 2392 2824 2454 Laurentii
2892 2392 3061 2463 bani,

353 2506 568 2568 dilecti
612 2518 676 2568 et
721 2506 925 2569 fidelis
971 2510 1166 2568 nostri
1213 2519 1278 2569 et
1324 2508 1536 2568 multis
1594 2506 1729 2569 aliis
1773 2507 2013 2568 meritis
2059 2517 2124 2567 et
2171 2506 2493 2584 obsequiis
2550 2507 2868 2587 graciosis,
2934 2524 3061 2583 que

355 2638 486 2679 non
532 2630 801 2699 possunt
845 2640 960 2699 per
1005 2620 1249 2702 singula
1313 2622 1641 2692 recenseri,
1686 2639 1770 2681 ex
1818 2617 2309 2680 mansuetudine
2353 2620 2525 2699 regia
2586 2618 3061 2697 precordialiter

355 2732 655 2807 inclinati,
700 2746 770 2793 ut
815 2735 948 2795 eius
993 2733 1297 2812 exemplo
1357 2733 1634 2814 reliquos
1691 2735 1865 2814 regni
1932 2733 2124 2793 nostri
2190 2730 2411 2792 fideles
2456 2730 2540 2791 ad
2590 2740 2806 2791 nostra
2867 2731 3061 2791 bene-

360 2845 590 2924 placita
652 2858 715 2907 et
761 2848 937 2929 regni
982 2848 1241 2909 servicia
1287 2844 1667 2928 efficasius(l)
1714 2844 2159 2918 accendamus,
2207 2845 2352 2906 licet
2400 2844 2727 2906 modicum
2789 2842 3053 2916 videtur,

362 2961 663 3036 inspectis
709 2977 964 3020 suorum
1015 2959 1423 3039 qualitatibus
1485 2962 1852 3020 meritorum
1918 2958 2243 3038 quandam
2306 2959 2776 3036 possessionem
2843 2955 3059 3036 Vykel

361 3082 657 3132 vocatam
692 3091 840 3132 cum
873 3072 1174 3133 omnibus
1203 3074 1331 3133 suis
1361 3072 1782 3151 pertinenciis,
1828 3070 2111 3132 Debrete
2141 3070 2396 3144 scilicet,
2442 3069 2653 3149 Lyb0,
2702 3069 3061 3130 Potworich

357 3197 421 3244 et
468 3183 776 3246 Zerdahel
823 3187 1064 3247 vocatis
1093 3187 1206 3264 ipsi
1242 3183 1590 3246 Laurentio
1637 3181 1808 3246 bano
1855 3191 1920 3244 et
1965 3203 2081 3262 per
2127 3201 2276 3245 eum
2322 3185 2449 3244 suis
2494 3182 2837 3244 heredibus
2880 3182 3065 3245 liere-

359 3295 649 3374 dumque
724 3299 1194 3360 successoribus
1263 3297 1578 3370 dedimus,
1646 3297 2045 3372 donavimuS,
2112 3296 2498 3358 contulimus
2558 3309 2622 3357 et
2686 3295 3067 3357 tradidimus

363 3411 495 3469 iure
556 3420 867 3488 perpetuo
912 3423 974 3472 et
1022 3412 1510 3473 irrevocabiliter
1571 3410 2028 3491 possidendam
2083 3423 2146 3472 et
2193 3429 2339 3471 eum
2402 3429 2516 3488 per
2577 3410 2905 3471 hominem
2954 3427 3065 3470 no-

362 3534 563 3582 strum
598 3523 659 3583 in
691 3524 1090 3603 corporalem
1138 3524 1714 3604 apprehensionem
1748 3523 1916 3585 dicte
1948 3526 2363 3603 possessionis
2396 3525 2772 3584 auctoritate
2803 3522 3069 3583 fecimus

362 3636 534 3716 regia
593 3637 923 3698 introduci.
977 3637 1060 3701 Ut
1106 3639 1292 3720 igitur
1351 3638 1713 3699 huiusmodi
1779 3648 1992 3698 nostra
2056 3637 2330 3698 donacio
2377 3655 2494 3715 pro
2542 3645 2675 3696 tam
2720 3636 3069 3714 perspicuis

362 3750 772 3810 serviciorum
819 3753 1076 3830 premiis
1121 3751 1360 3814 illibata
1405 3763 1777 3830 permaneat
1823 3764 1886 3811 et
1935 3751 2129 3811 robur
2189 3752 2477 3828 optineat
2524 3759 2830 3828 perpetue
2876 3747 3067 3808 firmi-

363 3863 529 3936 tatiS,
576 3880 696 3923 nec
740 3866 802 3923 in
851 3875 1179 3943 posterum
1226 3864 1356 3926 ullo
1404 3882 1687 3944 unquam
1737 3865 1993 3946 ingenio
2025 3864 2125 3924 vel
2158 3863 2379 3924 fraude
2426 3863 2761 3923 hominum
2807 3880 3057 3922 excres-

363 3986 550 4035 cente
616 3976 940 4037 maliciose
987 3976 1190 4038 valeat
1235 3978 1576 4050 retractari,
1624 3979 1685 4037 in
1733 3986 2111 4057 perpetuam
2157 3979 2241 4037 rei
2294 3977 2673 4037 memoriam
2736 3984 3065 4053 presentes

365 4087 604 4149 litteras
663 4091 1094 4152 concessimus
1159 4090 1426 4170 duplicis
1486 4090 1665 4171 sigilli
1733 4091 1931 4150 nostri
1994 4090 2346 4150 munimine
2408 4087 2757 4149 roboratas
2820 4085 3063 4148 Datum

364 4219 479 4280 per
524 4221 754 4262 manus
801 4205 1076 4284 magistri
1141 4203 1464 4265 Benedicti
1526 4201 1900 4265 Orodiensis
1959 4202 2221 4262 ecclesie
2281 4201 2583 4280 prepositi
2646 4199 2789 4260 aule
2850 4210 3066 4260 nostre

365 4315 852 4376 vicecancellarii
899 4316 1110 4377 dilecti
1143 4329 1206 4377 et
1237 4315 1439 4378 fidelis
1470 4319 1684 4389 nostri,
1728 4332 1902 4375 anno
1948 4313 2188 4374 domini
2238 4312 2576 4376 millesimo
2622 4311 3067 4373 ducentesimo

366 4431 838 4510 saptuagesimo
885 4431 1109 4508 prim0‚
1156 4429 1410 4490 decimo
1465 4425 1773 4489 kalendas
1832 4426 2061 4506 aprilis,
2120 4429 2295 4507 regni
2358 4436 2574 4486 autem
2640 4427 2831 4486 nostri
2895 4441 3067 4485 anno

365 4544 592 4620 primo.

540 4691 607 4750 Iz
650 4693 937 4769 zkvornog
981 4695 1288 4772 prijepisa
1332 4692 1580 4770 kaptola
1625 4690 2100 4766 banos'torskoga
2146 4691 2230 4747 od
2269 4709 2326 4764 g.
2375 4691 2547 4744 1365.
2598 4693 2643 4744 1.
2680 4689 2847 4762 maja
2898 4706 2939 4743 u
2973 4685 3065 4742 kr.

367 4818 466 4872 ug.
517 4799 641 4856 dri.
686 4797 910 4856 arkivu
956 4819 996 4856 u
1039 4799 1355 4856 Budimu:
1399 4798 1486 4856 M.
1549 4796 1620 4856 0.
1669 4796 1749 4854 D.
1794 4795 1866 4853 L.
1916 4814 2012 4853 no.
2066 4797 2198 4853 752.
2244 4794 2470 4866 (Stura
2522 4793 2681 4867 sign.
2726 4791 2809 4849 N.
2860 4791 2934 4848 R.
2992 4791 3061 4846 A.

349 4907 529 4981 fasc.
569 4905 705 4960 472.
750 4923 848 4962 no.
898 4900 1014 4979 21.)
1062 4936 1142 4946 —
1174 4903 1265 4961 Po
1309 4899 1628 4977 ortginalu
1673 4909 1781 4974 (ex
1821 4899 1975 4975 ortjg.
2024 4899 2193 4957 eruit
2239 4897 2307 4956 G.
2355 4897 2530 4978 Pray
2576 4895 2708 4954 coll.
2754 4891 3063 4970 88—91.),

368 5011 464 5067 abi
498 5029 531 5067 s
573 5029 790 5084 mnogo
830 5009 1198 5085 pogrjes'aka
1265 5009 1444 5066 izdao
1487 5007 1679 5078 Feje'r
1727 5005 1869 5065 cod.
1915 5003 2063 5081 dipl.
2113 5001 2330 5078 Hung.
2394 5003 2453 5061 V.
2501 5001 2617 5060 vol.
2668 5007 2711 5060 1.
2764 5003 3053 5057 98—101.

555 5115 798 5172 Wenzel
843 5115 983 5174 Cod.
1035 5115 1204 5192 Dipl.
1253 5114 1472 5190 arpad.
1524 5111 1669 5170 XII.
1719 5111 1989 5167 40—43.
2025 5140 2109 5151 -—
2140 5105 2517 5184 Kukuljevic'
2555 5107 2705 5180 Reg.
2751 5124 2845 5162 no.
2898 5105 3068 5160 1031.

3745 4379 3755 4477 «,ι-..-
3750 4143 3756 4366 ab--.—.
3748 4027 3757 4106 --..-,.-
3752 3979 3756 4004 -Ᾰ
3754 3903 3756 3922 -
3754 3855 3756 3896 -
3754 3831 3756 3846 -
3754 3815 3756 3824 -
3754 3733 3756 3746 -
3750 3655 3756 3664 ι
