3797 5795
1878 440 1962 447 —
2023 405 2153 468 294
2209 441 2290 447 --

722 603 940 672 petere
988 613 1105 672 pro
1152 613 1221 654 se
1267 606 1329 655 et
1376 595 1493 655 sibi
1542 595 1774 656 habere
1835 605 1900 656 et
1961 595 2306 675 possidere,
2354 596 2438 654 ita
2501 607 2738 668 tamen,
2785 594 2964 674 quod
3027 597 3160 672 ipse
3221 591 3444 653 Micha

725 715 1015 768 teneatur
1075 706 1321 768 soluere
1368 720 1432 768 et
1480 709 1839 769 satisfacere
1900 708 2118 769 omnia
2189 707 2424 782 debita,
2472 725 2599 787 que
2644 707 2760 787 ipsi
2809 706 3057 768 dudum
3104 708 3167 767 in
3214 706 3436 785 aliquo

726 830 1109 892 tenerentur,
1158 839 1275 880 nec
1322 819 1471 882 inde
1532 831 1823 882 teneatur
1883 821 2120 901 aliquid
2184 821 2354 882 dicta
2404 820 2584 884 Mira.
2633 819 2714 882 Et
2759 822 2848 881 sic
2897 820 3160 898 quilibet
3207 836 3440 879 eorum

725 941 1067 993 contentus
1114 935 1175 992 in
1224 952 1336 993 sua
1382 944 1563 1011 parte
1624 933 1795 995 dicta
1841 945 1904 994 et
1953 936 2228 995 remissis
2273 933 2356 994 ad
2404 936 2681 994 inuicem
2745 933 3045 994 omnibus
3112 933 3324 992 litibus
3373 939 3444 990 et

722 1046 1170 1106 controuersiis
1233 1044 1479 1106 dudum
1544 1046 1774 1108 habitis
1836 1050 2000 1108 inter
2063 1067 2130 1107 se
2192 1057 2256 1107 et
2321 1066 2446 1126 que
2493 1046 2575 1106 de
2621 1055 2838 1106 cetero
2900 1064 3164 1106 mouere
3211 1053 3442 1124 posset

720 1158 880 1218 alter
910 1158 1085 1218 alteri
1119 1161 1457 1220 occasione
1488 1160 1805 1221 dictorum
1838 1161 2160 1221 bonorum
2186 1171 2249 1221 et
2282 1160 2645 1221 debitorum
2671 1157 2774 1220 uel
2804 1159 3064 1219 alicuius
3095 1157 3442 1230 dictorum,

728 1271 876 1332 fecit
922 1272 1079 1332 alter
1125 1273 1303 1334 alteri
1350 1272 1562 1348 finem,
1609 1275 2080 1353 quietacionem
2129 1273 2211 1334 de
2246 1273 2431 1334 dictis
2461 1273 2650 1333 bonis
2687 1265 2867 1333 etde
2899 1271 3198 1332 omnibus
3243 1270 3442 1331 dictis

726 1397 790 1446 et
836 1389 1263 1464 promiserunt
1310 1405 1439 1447 non
1487 1387 1694 1447 facere
1740 1386 1897 1447 alter
1943 1385 2121 1447 alteri
2169 1434 2547 1446 .......
2614 1387 2871 1448 ulterius
2919 1385 3020 1447 uel
3066 1385 3434 1445 molestiam

726 1498 807 1559 de
856 1499 1025 1559 dicta
1088 1511 1282 1578 parte.
1332 1499 1413 1560 Et
1462 1499 1578 1560 hec
1639 1503 1854 1561 omnia
1918 1501 2345 1580 promiserunt
2405 1500 2489 1561 ad
2551 1501 2825 1561 inuicem
2882 1518 2998 1580 per
3041 1518 3110 1559 se
3153 1516 3446 1576 suosque

726 1611 1011 1684 heredes
1060 1622 1127 1673 ut
1174 1612 1416 1674 dictum
1477 1623 1589 1688 est,
1642 1615 1984 1676 obseruare
2032 1662 2285 1673 .....
2335 1635 2372 1674 a
2419 1613 2546 1674 hab
2593 1661 2850 1677 .....
2898 1613 3000 1674 uel
3045 1615 3260 1674 uenire
3305 1610 3440 1672 sub

719 1725 1123 1806 obligacione
1168 1745 1431 1787 suorum
1475 1727 1814 1788 bonorum.
1864 1723 2156 1811 Aestum]
2204 1721 2542 1810 Trag[urii]
2581 1774 2896 1786 ......
2948 1729 3118 1786 mani
3165 1723 3431 1794 Stoche,

724 1849 1019 1916 presente
1081 1841 1219 1918 ipso
1282 1839 1550 1902 domino
1613 1842 1930 1914 Roman0,
1977 1841 2244 1901 domino
2305 1839 2425 1920 Jan
2475 1889 2485 1899 .
2537 1889 2548 1900 .
2597 1885 2612 1901 .
2686 1839 2835 1900 atha
2881 1859 2957 1900 ca
3005 1888 3016 1898 .
3065 1887 3076 1898 .
3127 1887 3139 1898 .
3185 1841 3248 1899 iu
3293 1886 3306 1897 .
3359 1885 3372 1896 .
3424 1885 3437 1896 .

733 1951 993 2012 Triente
1039 1962 1249 2013 testes,

907 2061 946 2146 †
992 2064 1132 2146 Ego
1180 2064 1483 2127 Nicolaus
1528 2064 1743 2130 Casoti
1791 2069 2193 2128 examinator
2240 2085 2504 2128 manum
2551 2084 2768 2126 meam
2822 2068 2978 2126 misi.

909 2180 1070 2252 (seg.
1122 2183 1273 2242 not.)
1324 2179 1463 2260 Ego
1512 2179 1960 2240 Bonauentura
2022 2179 2184 2241 Petri
2232 2182 2386 2241 ciuis
2433 2177 2708 2240 Ancone
2767 2180 3148 2240 auctoritate
3195 2178 3446 2239 domini

733 2309 901 2369 pape
962 2293 1243 2352 notarius
1287 2308 1349 2352 et
1398 2311 1565 2352 nunc
1626 2298 1910 2354 notarius
1955 2293 2246 2354 comunis
2305 2290 2611 2374 Tragurii‚
2676 2285 3023 2374 [predictis]
3083 2290 3330 2351 interfui
3381 2301 3447 2350 et

734 2415 993 2484 rogatus
1036 2423 1073 2463 a
1119 2406 1406 2483 partibus
1451 2409 1665 2484 scripsi
1715 2417 1777 2466 et
1825 2406 2160 2486 publicauit.

920 2597 1219 2670 Ortginal
1274 2617 1313 2654 u
1376 2596 1599 2655 arkivu
1660 2607 2025 2656 samostana
2085 2619 2171 2655 sv.
2231 2599 2467 2673 Asarije
2529 2619 2568 2654 u
2631 2599 2862 2656 Zadru.
2929 2629 3014 2638 ——
3077 2597 3326 2654 Listina
3369 2599 3448 2671 je

733 2710 958 2758 znatno
1004 2705 1302 2759 05‘tec‘ena.

1998 2994 2190 3074 789.

733 3144 935 3217 1264.
981 3144 1086 3209 10.
1137 3144 1400 3227 apl-ila.

734 3333 909 3396 Bela
955 3332 1141 3418 kralj
1182 3332 1472 3419 ugarskc’
1512 3331 1545 3395 ι’
1583 3331 1901 3395 lzrvatskz‘
1938 3332 2096 3417 daje
2144 3332 2435 3396 Sz‘monu
2480 3354 2646 3396 smu
2697 3332 3158 3396 Salamonovu
3205 3332 3452 3417 posjed

1754 3444 2094 3509 Prodavz'c‘
2137 3452 2175 3521 ί
2189 3444 2426 3531 Virje).

912 3639 1060 3700 Bela
1095 3639 1196 3700 dei
1228 3641 1437 3720 gracia
1486 3639 1829 3720 Hungarie‚
1877 3638 2227 3712 Dalmacie‚
2274 3637 2554 3713 Croacie‚
2600 3640 2825 3714 Rame,
2869 3638 3108 3711 Serme,
3155 3636 3444 3713 Gallicie‚

740 3752 1145 3825 Lodomerie,
1193 3750 1634 3830 Cumanieque
1694 3772 1806 3813 rex
1868 3752 2169 3812 omnibus
2230 3770 2492 3830 presens
2551 3754 2858 3831 scriptum
2923 3754 3300 3831 inspecturis
3343 3771 3442 3813 sa-

737 3866 931 3926 lutem
979 3868 1041 3925 in
1090 3867 1379 3925 omnium
1441 3865 1774 3926 saluatore.
1819 3862 1930 3925 Ad
1975 3867 2412 3926 vniuersorum
2475 3867 2776 3926 noticiam
2839 3875 2970 3927 tam
3032 3868 3434 3944 presencium

734 3997 928 4053 quam
974 3978 1328 4039 futurorum
1378 3977 1602 4039 harum
1648 3979 1809 4039 serie
1853 3976 2152 4039 uolumus
2197 3980 2546 4056 peruenire,
2591 3978 2770 4058 quod
2816 3976 3066 4057 Symon
3113 3978 3280 4040 filius
3323 3976 3438 4041 Sa-

734 4092 1009 4152 lomonis
1054 4090 1137 4150 ad
1183 4102 1467 4151 nostram
1514 4090 1827 4151 accedens
1872 4091 2268 4169 presenciam
2314 4090 2544 4151 obtulit
2591 4091 2780 4152 nobis
2825 4092 3063 4153 litteras
3109 4092 3326 4154 dilecti
3372 4102 3436 4154 et

733 4202 937 4265 fidelis
983 4206 1179 4264 nostri
1228 4205 1509 4285 magistri
1560 4203 1747 4282 Moys
1792 4205 2044 4264 comitis
2105 4203 2518 4285 Symigiensis
2576 4214 2639 4265 et
2685 4203 2768 4265 de
2816 4204 3064 4281 Bichor,
3105 4224 3184 4266 ac
3229 4205 3444 4267 literas

731 4315 1150 4398 priuilegiales
1180 4315 1439 4395 capituli
1470 4313 1897 4391 ChazmensiS,
1928 4318 1993 4377 in
2025 4317 2256 4397 quibus
2287 4317 2562 4378 uidimus
2587 4317 2918 4388 contineri,
2950 4319 3128 4397 quod
3159 4318 3438 4398 Danych

731 4428 894 4490 filius
940 4428 1206 4503 Danieli,
1253 4426 1577 4492 Guruzlou
1620 4429 1811 4491 frater
1857 4430 2147 4491 eiusdem
2193 4442 2256 4491 et
2305 4430 2574 4492 Brassan
2622 4430 2786 4492 filius
2824 4430 2998 4511 Jurk‚
3060 4432 3440 4514 iobagionoe

731 4544 917 4603 castri
978 4542 1391 4625 Symigiensis
1452 4542 1535 4603 de
1598 4541 1936 4605 Chezmice
1981 4543 2308 4624 quandam
2370 4554 2602 4605 terram
2667 4546 2855 4606 sitam
2903 4544 3278 4624 Predeuych
3325 4565 3442 4606 uo-

731 4666 940 4718 catam
988 4658 1369 4718 existentem
1420 4658 1482 4716 in
1531 4654 1865 4719 Chezmice
1928 4656 2260 4719 Salomoni
2325 4656 2637 4739 Hungaro
2685 4657 2816 4719 filio
2862 4654 3028 4719 Galli
3072 4677 3192 4737 pro
3241 4658 3442 4719 tribus

732 4770 959 4829 marcis
1028 4768 1448 4840 uendiderint‚
1494 4788 1621 4850 que
1689 4770 1952 4849 quidem
2023 4780 2186 4831 terra
2256 4772 2394 4849 ipso
2464 4768 2816 4834 Salomone
2877 4770 3010 4832 filio
3072 4768 3237 4834 Galli
3301 4774 3440 4833 sine

684 4910 689 4918 ·
734 4881 967 4943 herede
1028 4883 1400 4957 decedente,
1445 4900 1593 4943 cum
1655 4883 1738 4943 ad
1800 4893 2046 4943 nostras
2093 4902 2320 4944 manus
2365 4883 2582 4945 fuisset
2629 4884 2949 4957 deuoluta,
2994 4904 3116 4946 nos
3159 4886 3438 4947 eandem

731 5005 869 5055 tum
916 4994 999 5055 ad
1049 4998 1425 5058 instanciam
1457 5007 1521 5057 et
1551 4999 1940 5074 peticionem
1987 4996 2274 5057 eiusdem
2324 5000 2602 5078 magistri
2651 4996 2844 5076 Moys
2889 4998 3098 5059 dilecti
3135 5008 3198 5059 et
3230 4997 3440 5060 fidelis

732 5109 945 5181 nostri,
991 5120 1125 5168 tum
1190 5128 1308 5187 pro
1371 5111 1708 5170 meritoriis
1768 5111 2044 5170 seruiciis
2105 5111 2297 5189 ipsius
2365 5107 2670 5188 Symonis
2716 5129 2842 5188 que
2889 5110 3076 5171 nobis
3121 5112 3442 5190 impendit
