3797 5795
1755 421 1833 428 -—
1889 388 2017 450 344
2079 421 2160 430 ἡ

596 575 879 652 quinque
926 574 1227 636 librarum
1275 574 1679 637 denariorum
1728 597 2091 656 paruorum,
2147 578 2324 657 quod
2371 580 2651 657 precium
2702 589 2910 638 totum
2958 581 3091 656 ipse
3149 576 3313 638 Ger-

598 688 810 746 uasius
855 688 1182 749 confessus
1227 690 1360 763 fuit,
1404 709 1473 750 se
1518 710 1555 750 a
1602 691 1775 751 dicto
1822 691 2092 751 domino
2123 690 2378 752 Thoma
2409 692 2728 770 accepisse
2761 689 3065 772 (plenarie
3095 695 3186 756 etl
3221 692 3308 749 ab

596 817 675 858 eo
722 801 786 859 in
833 800 1151 882 integrum
1220 801 1444 865 datum
1512 813 1575 864 et
1646 818 2051 864 numeratum
2119 823 2274 864 esse.
2324 804 2407 865 Et
2476 807 2537 864 in
2609 806 2860 886 signum
2929 823 3086 882 pure
3152 822 3306 863 uen-

598 912 867 974 dicionis
897 913 981 974 ab
1012 915 1244 976 eodem
1294 915 1587 978 habuisse
1632 927 1759 977 tres
1806 918 2034 977 bareos
2079 917 2162 978 de
2207 931 2371 978 terra
2419 921 2624 978 suain
2661 917 2832 977 Bade
2862 936 2979 995 pro
3025 916 3302 989 cambiO,

598 1026 955 1088 secundum
1004 1028 1535 1090 consuetudinem
1582 1032 1868 1090 ciuitatis:
1933 1029 2150 1108 Quare
2195 1033 2249 1090 ei
2299 1029 2574 1109 plenam,
2623 1026 2944 1112 li[beram]
2992 1041 3056 1089 et
3101 1031 3310 1088 omni-

602 1139 865 1200 modam
914 1152 1299 1219 potestatem
1349 1143 1613 1204 contulit
1665 1144 1867 1221 ipsam
1931 1145 2326 1222 paratineam
2375 1145 2501 1203 iam
2548 1143 2783 1202 dictam
2833 1141 3114 1214 tenendi,
3158 1161 3308 1220 pos-

597 1251 866 1326 sidendi,
913 1255 1254 1327 uendendi,
1301 1255 1585 1316 donandi
1632 1268 1694 1316 et
1738 1257 2042 1336 quicquid
2073 1275 2158 1318 ex
2189 1275 2264 1316 ea
2297 1256 2410 1315 sibi
2460 1256 2764 1334 deinceps
2807 1258 2870 1315 in
2917 1266 3300 1333 perpetuum

600 1365 904 1443 placuerit
952 1366 1239 1441 faciendi,
1270 1371 1650 1448 promittens
1682 1371 1883 1448 ipsam
1919 1373 1972 1429 ei
2006 1370 2090 1428 ab
2121 1371 2296 1429 omni
2333 1369 2592 1430 homine
2627 1369 2908 1450 legitime
2954 1366 3304 1428 defendere

601 1488 665 1538 et
712 1479 1234 1559 excalumpniare
1280 1500 1427 1542 cum
1477 1482 1797 1544 bonorum
1844 1501 2106 1544 suorum
2152 1485 2443 1544 omnium
2491 1481 2900 1563 obligatione.
2946 1480 3190 1543 Actum
3239 1483 3302 1540 in

601 1591 851 1669 palacio
883 1593 1030 1654 dicti
1066 1595 1309 1655 domini
1356 1595 1800 1668 archidiaconi,
1846 1596 2246 1675 presentibus
2278 1592 2483 1658 Cerne
2519 1596 2742 1660 Yuani.
2779 1593 2946 1656 Desa
2973 1593 3304 1673 Jacobeim

602 1705 867 1766 testibus
917 1701 1027 1788 [et]
1076 1707 1227 1768 aliis.

776 1815 916 1899 Ego
961 1819 1205 1882 Tomas
1253 1820 1484 1898 Dusice
1528 1825 1821 1884 conscius
1864 1825 2248 1884 examinaui.

777 1930 919 2012 Ego
968 1935 1267 2014 magister
1314 1934 1684 1996 Franciscus
1743 1937 2046 2014 imperiali
2118 1937 2495 1996 auctoritate
2542 1936 2822 1993 notarius
2869 1944 2930 1992 et
2979 1949 3151 1992 nunc
3197 1949 3304 1990 co·

601 2048 811 2106 munis
856 2047 1097 2125 Spalati
1130 2050 1365 2108 iuratus
1395 2049 1513 2109 hiis
1544 2051 1843 2110 omnibus
1874 2060 2134 2131 rogatus
2167 2049 2414 2109 interfui
2447 2059 2509 2108 et
2545 2047 2942 2108 uoluntatem
2975 2046 3306 2122 utriusque

602 2162 797 2237 partis
841 2162 1055 2239 scripsi
1108 2171 1171 2221 et
1217 2162 1535 2226 roboraui.

779 2276 1075 2349 (Segnum
1124 2279 1353 2340 notar.)

788 2466 1087 2540 Original
1126 2487 1165 2524 u
1212 2467 1433 2525 arkivu
1480 2479 1835 2526 samostana
1880 2489 1966 2524 π’.
2020 2468 2252 2542 Maris}-
2295 2487 2334 2523 u
2369 2467 2599 2522 Zadru.
2655 2499 2728 2505 —
2783 2464 3029 2522 Listina
3073 2465 3137 2534 jc
3171 2465 3312 2540 pri-

604 2571 766 2628 lic'no
813 2575 1109 2630 os'tec'ena.

1869 2944 2062 3023 834.

609 3120 813 3198 1265,
859 3120 966 3185 10.
1015 3121 1357 3204 augusta.
1943 3128 1950 3136 '

990 3310 1377 3371 Kolumban
1424 3308 1664 3393 bt‘skup
1712 3309 2048 3393 nauffinna
2093 3308 2475 3391 Franjevce
2523 3328 2568 3369 u
2627 3306 2942 3390 Trogzru.

787 3500 1105 3561 Dominus
1169 3498 1607 3564 Columbanus
1670 3502 2042 3562 venerabilis
2093 3504 2432 3582 episcopus
2475 3499 2932 3581 TraguriensiS,
2977 3507 3122 3576 post
3173 3497 3320 3555 mis-

612 3633 825 3676 sarum
887 3614 1197 3675 solemnia
1257 3615 1340 3675 ab
1385 3633 1466 3676 eo
1512 3614 1880 3676 solemniter
1940 3614 2258 3676 celebrata
2304 3614 2366 3673 in
2413 3613 2618 3694 burgo
2679 3612 2948 3671 civitatis
3009 3610 3318 3691 Tragurii,

612 3727 695 3787 ad
742 3727 1058 3788 honorem
1120 3728 1221 3788 dei
1287 3730 1747 3806 omnipotentis
1792 3739 1854 3789 et
1904 3728 2090 3814 beate
2137 3726 2338 3788 Marie
2383 3728 2636 3807 virginis
2700 3742 2892 3785 causa
2936 3720 3316 3783 aedificandi

614 3842 698 3903 ibi
770 3844 833 3901 in
900 3842 1106 3923 burgo
1172 3841 1505 3902 ecclesiam
1567 3852 1632 3901 et
1692 3842 1902 3902 locum
1967 3840 2260 3900 fratribus
2329 3837 2683 3900 Minoribus
2728 3837 2812 3897 de
2856 3836 3188 3915 TraguriO,
3231 3834 3316 3892 ad

613 3974 809 4036 quem
854 3955 1069 4015 locum
1116 3954 1264 4017 dicti
1314 3956 1535 4016 fratres
1578 3974 1647 4015 se
1692 3954 2025 4015 transferre
2071 3962 2462 4032 proponunt,
2491 3954 2556 4011 in
2589 3950 2876 4029 quodam
2923 3947 3070 4009 loco
3115 3947 3319 4027 burgi,

616 4068 723 4130 ubi
756 4079 849 4131 est
882 4067 1146 4130 ecclesia
1192 4067 1589 4139 aedificandi,
1620 4070 1877 4131 immisit
1909 4076 1974 4127 et
2004 4068 2259 4127 immitti
2291 4065 2438 4126 fecit
2468 4066 2708 4142 primos
2747 4061 2992 4141 lapides
3023 4071 3322 4138 quatuor,

616 4192 884 4264 rogante
916 4201 1022 4243 me
1054 4183 1301 4243 notario
1333 4181 1795 4249 Bonaventura,
1828 4189 1897 4240 ut
1931 4179 2078 4241 inde
2109 4179 2385 4261 facerem
2431 4177 2758 4256 publicum
2806 4178 3322 4236 instrumentum.

790 4376 1025 4433 Lucius
1090 4376 1343 4432 Memor.
1411 4375 1481 4431 de·
1548 4374 1711 4431 Τνιιὴ
1775 4376 1872 4431 82.
1937 4374 2263 4448 (speminje
2330 4373 2476 4446 ovaj
2540 4370 2882 4443 dogtzdjaj).
2937 4400 3014 4409 —
3065 4366 3326 4423 Far-lati

618 4480 937 4551 Ilgyricum
983 4498 1229 4536 sacrum
1278 4478 1325 4536 I
1328 4480 1385 4537 V.
1442 4482 1578 4536 349.
1626 4511 1711 4519 —-
1756 4476 2132 4551 Kukuljevic‘
2169 4478 2318 4549 ch.
2371 4496 2464 4533 πο.
2517 4479 2649 4530 894.
