3797 5795
1620 436 2012 500 -567-

472 633 715 693 comite
770 630 1141 705 Zaladiensi,
1202 628 1516 711 Gregorio
1577 630 1817 690 comite
1879 625 2084 690 Castri
2146 625 2379 696 Ferrei,
2439 622 2748 687 Farkasio
2809 624 3048 684 comite
3096 621 3178 683 de

474 742 775 805 Musunio
804 756 866 804 et
898 742 1104 804 iudice
1135 744 1306 804 curie
1338 742 1601 804 domine
1644 742 1861 823 regine
1906 738 2234 801 karissime
2279 738 2594 822 consortis
2626 748 2860 811 nostre,
2905 734 2966 797 N
2971 735 3177 797 icolao

471 859 715 919 comite
772 856 1201 918 Warasdiensi
1262 857 1683 917 existentibus
1728 864 1791 916 et
1838 854 1974 915 aliis
2033 852 2318 933 pluribus
2363 850 2519 912 alias
2562 849 2931 929 prelatura5‚
2991 849 3177 909 baro-

471 982 669 1031 natus
709 980 769 1033 et
810 971 1151 1031 comitatus
1197 969 1485 1030 diuersos
1530 968 1900 1029 tenentibus
1945 977 2008 1027 et
2055 966 2439 1027 habentibus
2484 967 2662 1047 regni
2707 964 2924 1025 nostri.

666 1163 951 1237 Original
988 1182 1021 1219 s
1064 1161 1401 1219 odlomkom
1446 1163 1729 1235 visec‘ega
1752 1166 1982 1237 pec'ata
2028 1180 2114 1217 na
2157 1159 2364 1215 zeleno
2409 1159 2662 1227 ervenoj
2703 1156 2967 1231 svilenoj
3005 1156 3182 1212 vrvci

466 1288 515 1324 u
566 1267 781 1325 arklvu
822 1267 1111 1343 iupanije
1156 1286 1197 1323 u
1229 1267 1530 1323 Bor-feda.
1579 1266 1682 1323 Mi
1714 1286 1805 1340 ga
1850 1284 1928 1322 ne
1973 1265 2291 1339 viab'esmo.

670 1372 901 1430 Wenzel
950 1371 1089 1429 Cod.
1137 1371 1283 1447 dipl.
1331 1370 1480 1447 Arp.
1532 1372 1689 1429 cont.
1770 1369 1938 1427 VIII.
2001 1369 2374 1423 2⁷7.—28⁷.
2451 1400 2524 1407 —
2606 1364 2984 1440 Kukuljevic'
3024 1366 3174 1438 Reg.

464 1496 574 1533 no,
630 1480 780 1533 1014.

1772 1972 1897 2052 17.

465 2184 676 2265 1270,
719 2185 799 2263 9.,
845 2184 977 2264 13.,
1020 2184 1129 2250 20.
1178 2181 1608 2268 septembre.
1651 2183 1680 2247 i
1726 2183 1837 2247 22.
1886 2181 2226 2250 oktobra.

462 2374 697 2438 Karlo
729 2374 801 2451 J.,
836 2373 1026 2459 kralj
1047 2372 1336 2446 sz'cz'lski,
1372 2373 1610 2436 nalaie
1654 2371 2100 2436 sekretarz'ma
2145 2371 2455 2457 Apulzje,
2505 2372 2594 2435 da
2626 2370 2945 2456 prz'yfirave
2977 2369 3180 2453 ladju

544 2509 629 2549 za
662 2494 887 2570 prevoz
933 2485 1323 2550 trz'desetero
1364 2475 1798 2569 poslam'dkz‘l'z
1845 2486 2056 2570 konja
2104 2508 2150 2548 u
2198 2486 2436 2549 Zadar
2477 2485 2700 2570 (apud
2747 2484 3095 2567 Jadram).

654 2682 922 2755 Registrz'
964 2681 1279 2755 Angioim'.

653 2784 945 2843 Makarev
990 2784 1249 2861 Zapiskz'
1289 2786 1461 2842 XIX.
1514 2788 1572 2844 2.
1613 2784 1763 2861 prz‘l.
1819 2787 1897 2855 3.,
1951 2788 2046 2842 49.

1764 3284 1890 3363 18.

468 3491 681 3568 1270,
726 3495 825 3558 14.
873 3492 1296 3561 novembre..
1344 3492 1405 3559 U
1450 3492 1712 3559 Zadru.

1110 3701 1441 3764 Dabrostc'
1484 3685 1643 3786 daje
1680 3707 2022 3786 punomob
2061 3723 2298 3764 svomu
2344 3700 2533 3765 sinu.

648 3909 713 3972 In
760 3910 989 3976 Christi
1035 3916 1299 3973 nomine
1344 3931 1551 3973 amen.
1612 3911 1811 3974 Anno
1856 3914 2310 3974 incarnationis
2371 3912 2506 3973 eius
2552 3911 2888 3973 millesimo
2936 3911 3175 3974 ducen-

481 4023 698 4085 tesimo
758 4027 1249 4106 septuagesim0‚
1318 4027 1554 4086 mensis
1631 4025 2016 4100 nouembriS‚
2084 4025 2188 4086 die
2257 4023 2763 4104 quartodecimo,
2829 4024 3176 4086 indictione

482 4137 943 4213 quartadecima
983 4137 1190 4219 Jadre.
1236 4137 1666 4217 Temporibus
1732 4138 1978 4200 domini
2027 4139 2340 4200 Laui-enci
2386 4137 2706 4218 Theupoli
2753 4138 2947 4199 incliti
2993 4136 3175 4200 ducis

484 4244 751 4313 Venecie
811 4263 875 4312 et
942 4246 1270 4335 [magistri]
1342 4250 1679 4313 Laurencii
1745 4253 2122 4313 venerabilis
2184 4251 2506 4333 Jadrensis
2575 4251 3050 4330 archiepiscopi,
3098 4270 3176 4312 ac

482 4355 727 4426 Andree
772 4365 855 4426 de
902 4363 1151 4426 Molino
1198 4367 1430 4447 egregii
1476 4366 1743 4426 comitis.
1790 4364 2098 4426 Dobrosti
2149 4414 2523 4430 .......
2570 4357 2852 4427 condam
2893 4363 3172 4426 Prodani

482 4469 631 4550 fecit,
674 4479 1002 4540 constituit
1032 4487 1096 4538 et
1127 4477 1446 4539 ordinauit
1485 4478 1731 4559 Jursam
1774 4478 1972 4540 filium
2005 4498 2190 4541 suum
2223 4489 2589 4558 presentem
2620 4490 2684 4540 et
2713 4479 3168 4558 suscipientem

479 4605 651 4650 suum
708 4601 1209 4670 procuratorem,
1270 4603 1556 4653 actorem
1618 4604 1679 4653 et
1743 4595 2050 4654 nuncium
2108 4593 2470 4671 specialem,
2516 4594 2600 4655 ad
2669 4591 3014 4674 agendum,
3060 4612 3171 4673 pe-

478 4702 749 4777 tendum,
819 4702 1319 4781 defendendum,
1384 4703 1835 4785 inquirendum
1885 4753 2392 4766 .........
2457 4704 3002 4786 respondendum,
3060 4707 3172 4768 ad-

476 4827 764 4878 uocatum
830 4817 1190 4879 tollendum
1251 4837 1363 4879 seu
1424 4805 1815 4900 exigendum
1877 4831 1942 4879 et
1987 4819 2475 4895 excuciendum,
2519 4837 2701 4880 suam
2756 4819 3169 4881 medietatem

476 4931 647 4991 unius
693 4925 865 5014 [loci]
913 4933 1106 5010 positi
1149 4931 1234 4992 ad
1278 4931 1671 5011 pusterulam
1718 4933 1896 4992 iuxta
1965 4932 2236 4994 domum
2283 4933 2420 4996 Viti
2465 4933 2796 4995 Drasimiri
2841 4931 2925 4993 de
2972 4933 3168 4994 borea

473 5053 531 5102 et
592 5043 673 5105 de
740 5054 957 5106 austro
1018 5062 1208 5123 supra
1253 5045 1443 5118 uiam,
1504 5065 1630 5126 que
1678 5043 1903 5128 (ducit)
1971 5044 2056 5107 ad
2123 5049 2358 5127 ripam;
2415 5067 2500 5108 ex
2558 5058 2840 5108 trauersa
2907 5059 3005 5109 est
3070 5047 3175 5108 uia

470 5155 713 5234 publica
744 5169 810 5218 et
841 5156 925 5219 de
955 5158 1202 5236 quirina
1249 5167 1345 5218 est
1390 5156 1625 5219 domus
1673 5159 1921 5236 Bratice
1952 5170 2016 5220 et
2048 5179 2231 5222 suam
2279 5159 2694 5222 medietatem
2740 5163 2923 5223 vinee
2961 5161 3172 5243 posite
