3797 5795
1596 369 2008 434 -215-—

1711 663 1902 744 ⁷20.

450 858 652 937 1262,
701 857 812 922 25.
859 858 1129 922 marta.
1177 855 1238 922 U
1281 855 1731 940 Justinopoli
1782 856 1861 940 (u
1904 854 2127 937 Istri).

554 1044 931 1130 Namiruje
974 1067 1045 1109 se
1090 1046 1235 1132 dug
1280 1046 1819 1110 Dubrovc‘anma
1889 1046 2088 1110 Vtala
2134 1047 2217 1110 de
2272 1047 2458 1133 Tefia
2517 1068 2562 1108 u
2617 1044 3068 1130 Justz'nopolz'.

626 1242 1023 1316 (Monogram
1070 1243 1225 1312 not.)
1258 1239 1331 1300 In
1363 1241 1625 1300 nomine
1670 1239 1916 1300 domini
1951 1239 2054 1300 dei
2085 1241 2286 1301 eterni
2317 1258 2489 1300 anno
2520 1240 2767 1300 domini
2815 1239 3153 1300 millesimo

452 1352 891 1413 ducentesimo
951 1354 1354 1434 sexagesimo
1415 1351 1719 1426 secund0‚
1782 1351 2128 1414 indictione
2190 1354 2428 1432 quinta,
2496 1363 2710 1413 actum
2753 1353 3155 1433 justinopoli,

452 1465 555 1526 die
598 1467 869 1544 septima
915 1475 1193 1527 exeunte
1238 1483 1458 1526 mense
1505 1467 1760 1538 marem,
1805 1467 2206 1544 presentibus
2269 1465 2619 1527 Benedicto
2683 1468 2950 1541 notariO,
2994 1463 3154 1527 Am-

452 1579 665 1639 brosio
712 1582 977 1654 notari0,
1024 1577 1264 1640 Blanco
1310 1578 1392 1640 de
1438 1579 1647 1653 Porta,
1693 1578 1953 1640 Brazola
1987 1579 2194 1654 Petr0,
2237 1577 2470 1659 Luppo
2517 1577 2750 1641 Gaimo
2797 1581 3046 1640 notario
3091 1587 3156 1639 et

450 1692 600 1752 aliis.
652 1691 935 1754 Marinus
996 1695 1253 1753 nuntius
1314 1691 1560 1752 domini
1614 1691 1880 1771 Philippi
1931 1689 2276 1755 Contareni
2322 1694 2572 1753 comitis
2619 1694 2893 1774 Ragusie
2938 1701 3002 1754 et
3047 1711 3154 1752 co·-

456 1807 663 1866 munis
724 1806 994 1866 ciuitatis
1062 1804 1347 1866 eiusdem
1412 1807 1673 1866 nomine
1719 1814 1783 1866 et
1828 1807 1966 1867 vice
2013 1807 2206 1884 ipsius
2249 1825 2334 1866 ex
2379 1823 2506 1866 una
2551 1815 2731 1884 parte
2777 1815 2841 1865 et
2889 1807 3151 1865 nomine

458 1917 765 1979 heredum
800 1917 1027 1980 Vitalis
1073 1917 1155 1979 de
1184 1917 1367 1980 Tefia
1398 1928 1461 1978 et
1485 1917 1793 1998 Johannis
1826 1917 2071 1979 domini
2109 1917 2499 2001 Engelperti,
2549 1921 2808 1980 nomine
2849 1918 3156 1981 Bonifacii

454 2031 607 2091 ciuis
645 2029 1159 2110 Justinopolitani
1194 2049 1279 2092 ex
1310 2032 1525 2106 altera,
1552 2031 1637 2092 de
1669 2050 1892 2092 eorum
1922 2033 2178 2111 propria
2217 2032 2546 2093 uoluntate
2577 2007 3155 2112 compromiserunt

454 2145 517 2204 in
566 2142 845 2205 dominis
891 2141 1117 2207 Carsto
1164 2143 1247 2205 de
1294 2143 1487 2206 Mirsa
1533 2154 1599 2206 et
1644 2141 1981 2207 Cidirisino
2028 2143 2271 2205 domini
2319 2143 2538 2207 Albini
2585 2157 2650 2206 et
2697 2144 2992 2210 Cinnano
3039 2145 3154 2206 do-

454 2258 607 2317 mini
640 2255 921 2318 Ginnani
949 2257 1317 2318 consulibus
1342 2256 1909 2337 Justinopolitanis,
1941 2267 2074 2317 tam
2122 2259 2182 2317 in
2217 2276 2441 2318 eorum
2474 2257 2720 2318 arbitris
2751 2257 2834 2319 de
2866 2257 3154 2337 quodam

454 2369 693 2442 debito,
754 2369 931 2450 quod
992 2380 1383 2431 memoratus
1445 2369 1805 2430 Bonifacius
1868 2368 2103 2431 habere
2165 2369 2444 2431 debebat
2489 2389 2528 2431 a
2575 2369 2790 2432 Vitale
2837 2370 2919 2432 de
2967 2369 3150 2432 Tefia

454 2483 537 2542 de
600 2481 903 2564 RagusiO,
970 2481 1266 2543 uidelicet
1333 2483 1666 2564 sexaginta
1736 2481 1928 2543 libras
1972 2494 2348 2544 venetorum
2416 2493 2480 2544 et
2548 2483 2886 2546 dimidium
2950 2492 3016 2545 et
3076 2484 3158 2546 de

453 2595 754 2656 omnibus
812 2596 1113 2674 expensis
1171 2594 1351 2656 factis
1410 2596 1673 2656 nomine
1722 2594 1821 2656 uel
1868 2597 2206 2658 occasione
2267 2596 2462 2657 debiti
2525 2597 2872 2676 supradicti
2917 2600 3158 2677 promi·

454 2718 667 2769 serunt
714 2707 979 2788 predicti
1040 2707 1325 2770 Marinus
1386 2710 1648 2769 nomine
1694 2719 1754 2770 et
1802 2711 1942 2770 uice
1988 2712 2282 2770 comunis
2327 2709 2410 2770 de
2456 2709 2736 2792 Ragusio
2783 2720 2846 2772 et
2895 2712 3158 2772 nomine

454 2821 761 2883 heredum
809 2820 1039 2883 Vitalis
1084 2831 1145 2882 et
1194 2821 1399 2883 dictus
1454 2821 1778 2903 Johannes
1840 2825 2102 2884 nomine
2148 2834 2210 2884 et
2255 2825 2395 2884 uice
2441 2825 2636 2903 ipsius
2682 2823 2988 2885 Bonifacii
3035 2843 3154 2904 pro

452 2935 675 2996 debito
734 2935 1101 3014 supradicto
1160 2936 1492 3017 sexaginta
1554 2934 1745 2997 libras
1806 2946 2182 2998 venetorum
2230 2948 2292 2997 et
2339 2937 2694 3012 dimidium,
2740 2957 2900 3017 quas
2947 2937 3154 2999 dictus

454 3048 819 3109 Bonifacius
880 3048 1138 3109 volebat
1199 3069 1236 3109 a
1298 3058 1657 3109 memorato
1706 3048 1920 3111 Vitale
1982 3068 2178 3110 manu
2233 3050 2510 3131 Vigehni
2575 3049 2796 3111 iudicis
2859 3050 3156 3111 ordinarii

454 3174 521 3222 et
550 3163 773 3222 notarii
820 3161 1111 3223 confecta
1142 3162 1263 3223 sub
1294 3180 1465 3223 anno
1496 3161 1742 3223 domini
1790 3162 2128 3223 millesimo
2176 3163 2618 3225 ducentesimo
2663 3163 3156 3245 quadragesimo

454 3278 658 3349 terti0‚
719 3274 823 3335 die
884 3276 1110 3353 quinto
1169 3283 1447 3335 exeunte
1509 3276 1699 3344 iuni0‚
1744 3274 2094 3337 indictione
2140 3278 2346 3355 prima
2393 3287 2456 3337 et
2518 3278 2682 3337 circa
2727 3295 2852 3357 que
2899 3279 2962 3337 in
3009 3278 3150 3357 ipso

456 3390 877 3449 instrumento
941 3387 1271 3469 legebatur
1330 3398 1599 3466 utraque
1658 3406 1805 3467 pars
1874 3388 2110 3449 habere
2155 3399 2363 3450 ratum
2411 3398 2475 3450 et
2521 3388 2775 3450 firmum
2821 3390 2940 3450 sub
2985 3409 3155 3469 pena

456 3500 874 3563 ducentarum
938 3501 1240 3561 librarum
1308 3510 1677 3561 venetarum
1742 3498 2135 3583 memo(rati)
2196 3512 2618 3581 preceperunt
2665 3502 2839 3563 dicto
2885 3502 3156 3577 Marin0,

454 3613 631 3693 quod
676 3614 881 3675 soluet
914 3623 979 3675 et
1010 3612 1121 3674 det
1150 3613 1324 3675 dicto
1350 3612 1625 3694 Johanni
1656 3616 1980 3693 recipienti
2015 3617 2274 3677 nomine
2307 3618 2498 3695 ipsius
2533 3614 2836 3677 Bonifacii
2885 3614 3154 3693 quadra-

452 3728 627 3807 ginta
671 3725 861 3787 libras
904 3735 1299 3801 venetorum,
1330 3725 1413 3787 de
1446 3726 1675 3805 quibus
1723 3726 1930 3788 dictus
1963 3725 2286 3807 Johannes
2331 3746 2548 3789 coram
2581 3738 2798 3789 nostra
2829 3730 3146 3807 presentia

454 3838 779 3901 confessus
839 3838 953 3901 suit
1012 3858 1081 3900 se
1139 3842 1384 3921 integre
1443 3839 1577 3900 fore
1626 3840 1926 3913 solutum,
1981 3840 2362 3901 mandantes
2407 3842 2582 3903 dicto
2621 3841 2914 3922 Johanni,
2974 3842 3152 3921 quod

452 3952 679 4013 reddat
738 3954 912 4013 dicto
974 3952 1225 4015 Marino
1286 3955 1775 4015 instrumentum
1842 3952 2040 4013 debiti
2102 3953 2416 4014 dictarum
2471 3958 2804 4037 sexaginta
2852 3956 3154 4017 librarum

450 4077 827 4127 venetorum
877 4077 941 4126 et
988 4065 1345 4141 dimidium,
1407 4084 1567 4145 quas
1626 4066 1835 4127 dictus
1894 4066 2254 4128 Bonifacius
2317 4066 2575 4128 volebat
2617 4088 2658 4128 a
2705 4068 2880 4129 dicto
2937 4067 3154 4130 Vitale

451 4178 535 4239 de
578 4178 759 4241 Tefia
806 4192 873 4239 et
916 4181 1133 4240 omnia
1194 4178 1317 4241 alia
1376 4180 1797 4241 instrumenta
1843 4198 1970 4258 que
2015 4180 2223 4241 dictus
2283 4180 2643 4243 Bonifacius
2689 4180 2998 4241 habuerat
3045 4199 3152 4242 oc—

450 4294 707 4353 casione
752 4294 945 4371 ipsius
990 4291 1187 4353 debiti
1234 4302 1299 4352 et
1345 4292 1521 4371 quod
1566 4292 1875 4353 ammodo
1909 4294 1972 4352 in
2003 4302 2154 4354 ante
2197 4294 2322 4355 sint
2369 4294 2642 4372 apsoluti
2688 4293 2956 4355 heredes
3003 4294 3152 4356 dicti

450 4404 683 4466 Vitalis
727 4414 791 4465 et
835 4424 1113 4466 comune
1174 4406 1447 4487 Ragusie
1492 4426 1529 4465 a
1576 4405 1796 4467 debito
1856 4406 2241 4484 supradictO,
2303 4406 2481 4485 quod
2527 4406 2732 4468 dictus
2791 4406 3153 4468 Bonifacius

450 4517 709 4578 volebat
740 4538 777 4579 a
809 4518 983 4579 dicto
1016 4518 1209 4580 Vitali
1244 4521 1505 4580 nomine
1538 4528 1603 4579 et
1634 4520 1773 4579 uice
1822 4521 2225 4579 instrumenti
2266 4520 2608 4599 supradicti
2641 4529 2706 4581 et
2737 4518 2820 4580 de
2851 4520 3152 4580 omnibus

450 4633 749 4710 expensis
809 4630 991 4692 sactis
1036 4632 1371 4692 occasione
1430 4630 1717 4710 predicta
1763 4632 1867 4705 ita,
1917 4630 2094 4709 quod
2143 4650 2262 4691 nec
2307 4630 2670 4693 Bonifacius
2717 4651 2838 4694 nec
2883 4632 3152 4694 heredes

450 4744 562 4818 sui,
608 4762 727 4805 nec
788 4744 1013 4822 aliquis
1074 4762 1224 4805 suus
1284 4743 1492 4805 ualeat
1556 4743 1824 4805 heredes
1884 4744 2077 4823 ipsius
2124 4744 2353 4805 Vitalis
2398 4746 2500 4806 uel
2547 4764 2824 4806 comune
2873 4746 3149 4827 Ragusie

450 4856 581 4918 ullo
626 4868 918 4936 tempore
962 4868 1181 4935 petere
1227 4856 1328 4917 uel
1376 4856 1731 4931 molestare,
1780 4875 1897 4917 nec
1956 4859 2397 4918 contrauenire
2442 4858 2544 4919 uel
2591 4858 2820 4933 facere,
2867 4860 2998 4917 imo
3046 4857 3154 4919 he-

449 4970 634 5031 redes
680 4970 909 5032 Vitalis
952 4969 1217 5049 predicti
1249 4980 1313 5029 et
1358 4988 1634 5029 comune
1682 4970 1937 5052 Ragusii
1983 4972 2107 5031 sint
2151 4970 2328 5031 liberi
2377 4981 2439 5032 et
2485 4972 2762 5033 absoluti
2791 4992 2829 5031 a
2860 4970 3152 5050 predicto

448 5083 671 5144 debito
702 5094 767 5143 et
798 5083 881 5144 ab
914 5085 1227 5162 expensis
1277 5082 1490 5162 Quam
1540 5102 1693 5143 uero
1741 5084 2120 5145 sententiam
2159 5085 2544 5162 precipimus
2583 5083 2857 5164 Johanni
2905 5083 3150 5145 domini
