3797 5795
1804 439 1886 447 —
1952 403 2219 468 228—

658 592 895 653 cedens
940 596 1355 671 presenciam,
1401 604 1616 654 nostre
1661 595 2017 655 celsitudini
2066 596 2516 655 instantissime
2562 596 2957 673 supplicauit,
3006 606 3073 655 ut
3118 606 3352 655 terram

661 707 844 766 castri
905 706 1169 787 Zaguria
1229 707 1451 767 Batina
1514 717 1827 781 vocatam,
1873 719 2039 768 terre
2086 726 2197 768 sue
2242 707 2619 768 hereditarie
2680 709 3067 789 contiguam,
3112 708 3196 768 ad
3241 712 3359 768 tria

659 828 864 879 aratra
931 819 1370 893 sufficientem,
1415 820 1497 879 de
1544 820 1939 898 plenitudine
2009 831 2225 880 nostre
2291 822 2501 902 gracie
2546 822 2663 881 sibi
2711 820 2863 881 dare
2932 821 3358 901 dignaremur.

661 930 798 991 Nos
865 933 1052 1013 igitur
1116 932 1532 994 consideratis
1599 934 1790 1011 ipsius
1858 934 2135 994 seruiciis
2195 934 2474 1013 inpensis
2520 943 2582 994 et
2630 934 3072 1013 inpendendiS,
3118 933 3357 994 dictam

659 1053 893 1104 terram
941 1044 1188 1123 Batyna
1234 1046 1406 1106 dicto
1446 1042 1772 1129 J(ohanni)
1821 1058 1885 1106 et
1932 1067 2046 1125 per
2091 1066 2236 1107 eum
2286 1048 2412 1107 suis
2460 1046 2798 1107 heredibus
2859 1046 3162 1108 duximus
3208 1066 3359 1107 con-

659 1156 986 1218 ferendam
1022 1169 1084 1218 et
1117 1159 1396 1219 cundem
1423 1156 1835 1241 J(ohannem)
1869 1161 1933 1219 in
1966 1162 2436 1237 possessionem
2478 1170 2641 1221 terre
2672 1160 2914 1238 prefate
2960 1160 3359 1239 corporalem

660 1291 774 1351 per
807 1273 1176 1353 magistrum
1213 1272 1403 1350 Moys
1448 1283 1603 1333 tunc
1635 1275 1939 1333 comitem
1975 1272 2057 1333 de
2089 1272 2379 1354 Symigio
2412 1272 2715 1334 dilectum
2764 1272 3019 1333 fidelem
3068 1282 3359 1333 nostrum

659 1384 924 1445 fecimus
969 1384 1298 1445 introduci.
1347 1382 1540 1447 Cuius
1587 1384 1848 1463 quidem
1891 1396 2080 1459 mete,
2126 1397 2315 1465 prout
2362 1388 2426 1445 in
2477 1386 2693 1446 litteris
2740 1386 3038 1446 Lamberi
3090 1387 3357 1453 comitis,

660 1498 946 1559 officialis
993 1500 1271 1579 magistri
1303 1498 1512 1576 MOyS,
1544 1500 1640 1558 cui
1675 1500 2203 1577 perscriptionem
2251 1510 2564 1559 metarum
2596 1498 2803 1559 dictus
2834 1501 3134 1579 magister
3168 1498 3359 1576 Moy-s

659 1614 1067 1672 commiserat
1129 1613 1262 1671 vice
1306 1630 1436 1684 sua,
1483 1613 1790 1672 contineri
1855 1612 2143 1685 vidimuS,
2190 1612 2313 1672 hoc
2374 1612 2597 1672 ordine
2656 1612 3099 1693 distinguntur.
3150 1612 3355 1671 Prima

661 1734 832 1785 meta
901 1726 1117 1803 incipit
1181 1744 1265 1784 ex
1329 1724 1724 1784 meridionali
1795 1735 1975 1803 parte
2045 1727 2220 1784 iuxta
2290 1744 2591 1806 magnam
2659 1726 2848 1799 viam,
2894 1725 3000 1784 vbi
3046 1735 3139 1785 est
3186 1734 3361 1785 meta

657 1848 881 1909 terrea,
928 1840 988 1896 in
1038 1855 1164 1911 qua
1211 1848 1304 1927 est
1352 1838 1542 1897 arbor
1586 1838 1788 1912 silicis,
1821 1840 1919 1898 cui
1967 1838 2169 1898 eciam
2216 1838 2593 1898 hereditaiia
2640 1848 2811 1899 meta
2859 1838 3011 1898 dicti
3051 1838 3359 1918 Johannis

658 1969 742 2009 ex
785 1958 966 2029 parte
1036 1948 1344 2010 Bokoucli
1412 1960 1576 2011 terre
1622 1971 1732 2011 sue
1779 1962 1843 2011 et
1891 1962 2063 2011 meta
2133 1950 2376 2011 Nicolai
2441 1950 2547 2011 filii
2616 1948 2903 2032 Gregorii
2976 1954 3355 2023 associatur;

658 2063 894 2123 deinde
925 2064 990 2122 in
1021 2063 1248 2123 eadem
1299 2066 1398 2123 via
1446 2066 1797 2124 munimine
1843 2063 2259 2142 procedendo
2306 2083 2521 2124 versus
2560 2064 2963 2124 occidentem
2996 2082 3079 2123 ex
3111 2066 3358 2123 sinistra

659 2186 838 2254 parte
885 2176 1053 2236 dicte
1097 2179 1196 2235 vic
1242 2186 1334 2235 est
1384 2187 1552 2236 meta
1616 2187 1834 2251 terrea,
1896 2179 1959 2236 in
2009 2196 2133 2255 qua
2181 2188 2277 2237 est
2323 2178 2513 2237 arbor
2584 2196 2709 2255 que
2772 2177 2860 2236 tul
2924 2187 3359 2255 nuncupatur;

657 2288 892 2349 deinde
961 2288 1291 2349 descendit
1352 2291 1416 2349 in
1495 2289 1725 2350 vallem
1787 2300 1851 2350 et
1913 2290 1995 2349 ibi
2058 2292 2118 2349 in
2200 2308 2357 2350 nasu
2424 2286 2487 2369 (1)
2564 2293 2802 2350 montis
2876 2290 2983 2369 qui
3054 2287 3355 2350 Graduch

661 2410 1063 2481 nuncupatur
1131 2413 1224 2462 est
1295 2413 1463 2461 meta
1532 2401 1782 2480 lapidea
1829 2412 1892 2462 et
1940 2402 2021 2462 de
2070 2421 2227 2462 nasu
2290 2405 2526 2462 montis
2587 2402 2872 2463 ascendit
2920 2404 3201 2471 minime,
3246 2402 3352 2460 vbi

661 2524 756 2574 est
803 2524 974 2574 meta
1021 2524 1240 2587 terrea,
1287 2517 1350 2573 in
1397 2533 1524 2593 qua
1573 2527 1666 2575 est
1714 2516 1903 2574 arbor
1964 2516 2142 2593 ylicis
2212 2518 2386 2576 iuxta
2434 2516 2618 2589 viam,
2664 2516 2748 2575 ab
2793 2514 2987 2575 altera
3034 2525 3214 2592 parte
3260 2516 3359 2573 vie

660 2627 940 2687 secunda
985 2627 1173 2686 arbor
1219 2638 1314 2687 est
1360 2646 1546 2687 cruce
1592 2630 1853 2709 signata,
1886 2628 2120 2688 deinde
2167 2628 2497 2688 descendit
2529 2631 2591 2687 in
2624 2628 2855 2688 vallem
2902 2627 2983 2687 ad
3032 2626 3357 2706 quendam

659 2737 922 2800 fluuium
986 2742 1090 2817 qui
1143 2738 1336 2801 Sarus
1383 2740 1508 2799 Bur
1540 2744 1923 2815 nominatur,
1969 2740 2202 2801 deinde
2250 2741 2535 2801 ascendit
2567 2740 2650 2801 ad
2683 2751 2972 2800 montem
3020 2740 3359 2818 paruulum

657 2862 720 2912 et
767 2853 1096 2924 directum,
1143 2853 1244 2912 vbi
1308 2864 1402 2914 est
1465 2864 1634 2914 meta
1698 2866 1918 2923 terrea,
1965 2856 2027 2914 in
2076 2874 2201 2934 qua
2248 2864 2345 2914 est
2392 2854 2578 2914 arbor
2646 2872 2917 2933 quercus
2962 2866 3023 2912 et
3074 2852 3249 2914 vadit
3296 2854 3359 2913 in

657 2965 851 3027 dorso
920 2966 1249 3027 cuiusdam
1321 2969 1557 3027 montis
1625 2987 1840 3028 versus
1909 2971 2436 3046 septemtrionem
2496 2986 2611 3045 per
2672 2970 2840 3027 viam
2888 2979 2948 3026 et
2996 2965 3079 3026 de
3126 2965 3357 3026 eadem

655 3078 934 3140 declinat
1006 3079 1089 3139 ad
1159 3080 1578 3140 monticulum
1651 3091 1712 3139 et
1774 3083 1983 3140 veniet
2048 3078 2110 3162 (!)
2160 3082 2219 3139 in
2268 3080 2457 3139 aliam
2518 3083 2686 3139 viam
2734 3082 2911 3139 iuxta
2959 3081 3211 3139 vineam
3252 3077 3357 3158 Jo-

654 3189 900 3264 hanniS,
947 3193 1050 3252 vbi
1097 3204 1188 3254 est
1240 3203 1408 3253 meta
1473 3204 1696 3264 terrea,
1739 3197 1803 3252 in
1850 3211 1977 3272 qua
2024 3204 2118 3253 est
2164 3212 2375 3271 pyruS,
2438 3192 2671 3253 deinde
2732 3191 3063 3252 descendit
3110 3191 3195 3251 ad
3243 3191 3359 3251 flu-

654 3306 833 3366 uium
882 3305 1130 3368 Bonam
1177 3317 1240 3366 et
1286 3324 1434 3366 cum
1480 3306 1871 3366 transeundo
1918 3309 2207 3384 peruenit
2255 3306 2337 3367 acl
2386 3305 2723 3386 virgultum
2770 3307 2940 3365 venit
2985 3305 3066 3364 ad
3120 3315 3361 3364 metam

653 3425 949 3492 terream,
996 3419 1230 3480 deinde
1277 3438 1389 3497 per
1433 3421 1602 3478 viam
1671 3421 1878 3479 veniet
1927 3419 2011 3478 ad
2057 3419 2323 3479 alteram
2372 3431 2609 3479 metam
2672 3429 2963 3490 terream,
3030 3418 3133 3478 vbi
3186 3427 3357 3477 meta

654 3527 904 3591 Nicolai
974 3534 1348 3592 terminatur
1393 3544 1456 3593 et
1503 3531 1740 3592 ibidem
1789 3534 1969 3592 iuxta
2016 3533 2291 3592 candem
2360 3535 2523 3592 viam
2592 3552 2675 3592 ex
2746 3531 2971 3591 dextra
3038 3542 3221 3608 parte
3267 3540 3361 3590 est

655 3655 830 3704 meta
880 3644 1133 3705 Martini
1182 3645 1284 3706 filii
1337 3643 1621 3706 Gurdiua
1654 3657 1717 3705 et
1751 3644 2112 3720 Cuzmicho,
2160 3645 2393 3706 deinde
2440 3647 2648 3706 veniet
2680 3664 2793 3722 per
2826 3644 3087 3704 laterem
3122 3645 3361 3704 montis

651 3757 922 3817 minime
953 3757 1016 3816 in
1051 3759 1318 3839 virgulto
1369 3777 1582 3818 versus
1629 3758 1959 3819 meridiem
2008 3759 2091 3819 ad
2139 3759 2581 3819 hereditariam
2622 3757 2931 3837 Johannis
2978 3777 3103 3835 que
3148 3757 3361 3838 Dulga

655 3881 1081 3948 nuncupatur,
1125 3873 1415 3950 peruenit
1477 3872 1560 3931 ad
1623 3875 1895 3950 primam
1968 3883 2205 3931 metam
2255 3885 2318 3932 et
2366 3872 2447 3931 ibi
2500 3871 2886 3931 terminatur.
2936 3871 3007 3929 In
3055 3872 3229 3931 cuius
3276 3873 3361 3930 rei

657 3985 1036 4043 memoriam
1086 3995 1146 4044 et
1195 3997 1570 4063 perpetuam
1641 3985 2007 4046 firmitatem
2076 3998 2405 4064 presentes
2474 3985 2769 4046 dedimus
2816 3984 3051 4044 litteras
3098 3983 3368 4062 duplicis

655 4095 840 4176 sigilli
888 4099 1082 4156 nostri
1132 4099 1485 4158 munimine
1532 4098 1882 4158 roboratas,
1932 4096 2171 4158 Datum
2218 4119 2333 4176 per
2380 4117 2605 4158 manus
2653 4099 2932 4178 magistri
2970 4097 3142 4156 Pauli
3176 4096 3359 4157 electi

655 4203 977 4282 Albensis‚
1021 4210 1164 4270 aule
1211 4220 1423 4271 nostre
1471 4211 1979 4283 vicecancellarii,
2026 4211 2237 4271 dilecti
2286 4211 2487 4272 fidelis
2534 4212 2747 4282 nostri,
2794 4228 2963 4269 anno
3012 4210 3097 4268 ab
3144 4211 3343 4269 incar-

659 4323 932 4381 nacione
1000 4322 1242 4382 domini
1307 4323 1644 4383 millesimo
1714 4325 2159 4384 ducentesimo
2206 4326 2609 4404 sexagesimo
2655 4322 2959 4394 secundO,
3007 4322 3208 4400 pridie
3254 4320 3367 4381 ka-

660 4431 884 4493 lendas
931 4435 1077 4505 iulii,
1119 4438 1297 4516 regni
1345 4447 1560 4496 autem
1611 4440 1804 4496 nostri
1855 4455 2027 4496 anno
2074 4439 2381 4516 vigesimo
2431 4436 2605 4497 &⁷110.

845 4653 1142 4726 Orzssginal
1181 4675 1220 4710 u
1267 4654 1486 4712 arkivn
1533 4655 1766 4731 obitelji
1813 4655 2133 4721 Janleow'ff
2173 4675 2211 4711 u
2258 4655 2584 4722 Priberdu,
2620 4653 2975 4731 upotrijebio
3018 4655 3221 4727 Feyz‘r,
3270 4653 3367 4709 ali

653 4754 747 4810 mi
789 4774 870 4812 nc
917 4761 1252 4830 nadjosvw.

833 4863 1022 4938 Fey'e'r
1090 4864 1232 4922 Cod.
1296 4865 1443 4939 dipl.
1511 4865 1723 4937 llung.
1791 4864 1923 4922 Vll.
1977 4867 2049 4932 3.,
2105 4866 2201 4917 42.
2252 4897 2332 4905 --
2398 4864 2639 4920 lVenzel
2704 4864 2843 4920 Cod.
2905 4863 3055 4937 dipl.
3120 4859 3361 4937 Arpad.

652 4974 812 5024 conl.
863 4970 982 5027 Ill.
1038 4973 1284 5028 16--17.
1342 5005 1418 5010 —
1467 4970 1843 5044 Kukuljevic'
1883 4972 2029 5044 leeg.
2078 4989 2173 5026 no.
2223 4974 2360 5026 825.
