3797 5795
1967 630 2164 710 555.

710 761 908 840 1256,
951 761 1274 843 mjeseea
1319 759 1765 843 septembra.

711 917 1020 1001 ,elndrz'ja
1079 926 1300 1002 §upan
1361 918 1808 981 varafidz'nskz‘
1861 918 2166 1003 szy‘edoo'z’
2202 942 2239 982 0
2287 919 2590 984 razdiobz'
2644 921 2809 983 roda
2873 920 3159 982 Buzada
3206 917 3429 981 bana..

885 1091 1182 1154 Andreas
1242 1113 1461 1154 comes
1523 1095 2035 1155 Varasdiniensis
2103 1096 2405 1156 universis
2453 1095 2681 1159 Christi
2740 1095 3033 1156 fidelibus
3088 1105 3409 1173 presentes

711 1206 947 1266 litteras
1007 1209 1377 1285 inspecturis
1423 1207 1691 1268 salutem
1755 1211 1818 1268 in
1888 1227 2039 1268 vero
2109 1207 2378 1269 salutari.
2449 1207 2665 1288 Quum
2721 1208 2923 1269 labilis
2986 1211 3063 1268 sit
3134 1208 3409 1268 humana

714 1321 1019 1380 memoria
1065 1330 1128 1380 et
1175 1339 1382 1381 rerum
1443 1322 1668 1381 turbae
1728 1340 1860 1381 non
1925 1321 2211 1391 sufficiat,
2277 1323 2363 1382 ob
2414 1322 2535 1382 hoc
2580 1323 2759 1395 rati0,
2806 1333 3010 1382 mater
3055 1324 3409 1401 aequitatiS,

713 1432 1053 1507 adinvenit,
1099 1445 1168 1493 ut
1227 1453 1326 1493 res
1387 1445 1562 1514 gesta
1626 1436 1959 1495 vivacitate
2007 1435 2351 1495 litterarum
2400 1436 2891 1514 perpetuitatem
2938 1434 3170 1495 debeat
3215 1436 3413 1495 conti-

714 1564 879 1605 nere.
925 1545 1094 1606 Hinc
1139 1558 1251 1619 est,
1297 1547 1472 1624 quod
1519 1545 1602 1606 ad
1650 1547 2083 1607 universorum
2149 1549 2442 1608 notitiam
2487 1547 2885 1626 presentibus
2931 1547 3224 1608 volumus
3270 1566 3409 1626 per-

713 1659 942 1732 venire,
1001 1658 1177 1738 quod
1240 1677 1384 1719 cum
1448 1659 1748 1720 dominus
1809 1671 2023 1720 noster
2086 1659 2254 1734 Bela,
2314 1661 2566 1720 illustris
2610 1679 2725 1720 rex
2772 1659 3154 1741 Hungariae,
3225 1660 3411 1719 nobis

711 1789 826 1850 per
869 1771 1105 1831 litteras
1151 1770 1427 1832 dedisset
1473 1775 1536 1832 in
1584 1772 1920 1846 mandati5‚
1967 1773 2143 1850 quod
2190 1775 2252 1833 in
2284 1774 2665 1834 concambio
2713 1773 3040 1846 nobilium,
3086 1772 3411 1833 Michaelis

713 1882 1020 1958 videlicet,
1064 1884 1268 1945 fratris
1313 1888 1526 1966 magni
1577 1885 1786 1946 Buzad
1833 1887 1982 1946 bani
2036 1905 2119 1945 ex
2151 1905 2275 1946 una
2309 1896 2486 1965 parte
2517 1899 2581 1946 et
2613 1885 2929 1946 Lancredi
2973 1884 3077 1946 filii
3125 1885 3407 1946 eiusdem

713 1997 926 2057 Buzad
994 1998 1159 2070 bani,
1236 2017 1318 2058 ex
1385 1999 1581 2059 altera
1640 2002 1950 2059 comitum
2012 1999 2323 2059 debemus
2386 2001 2701 2070 interesse,
2763 1999 3007 2059 ratione
3066 2009 3409 2078 perpetuae

713 2111 885 2189 pacis
930 2121 994 2171 et
1039 2111 1391 2171 dilectionis
1443 2113 1712 2172 invicem
1759 2113 1921 2172 inter
1966 2131 2033 2172 se
2098 2112 2220 2173 tale
2281 2113 2730 2172 concambium
2799 2111 3186 2183 ordinarunt,
3234 2110 3409 2189 quod

713 2225 992 2302 prefatus
1038 2242 1255 2284 comes
1289 2224 1559 2284 Michael
1607 2234 1877 2302 quatuor
1924 2235 2121 2286 terras
2168 2224 2419 2286 Komor
2466 2225 2585 2286 sub
2629 2244 2757 2286 una
2821 2237 2993 2285 meta
3039 2226 3411 2284 constitutas

714 2346 778 2396 et
823 2336 983 2396 duas
1028 2349 1224 2397 terras
1287 2336 1564 2415 Welyka
1630 2340 1820 2398 etiam
1885 2338 2004 2398 sub
2065 2357 2192 2398 una
2254 2349 2424 2399 meta
2487 2341 2851 2411 existente5‚
2898 2357 3055 2417 quas
3102 2355 3328 2396 omnes
3373 2356 3409 2396 a

708 2448 990 2530 Jurkone
1023 2449 1150 2510 filio
1183 2449 1405 2512 Ochuz
1434 2451 1581 2510 bani
1623 2470 1740 2529 pro
1765 2453 2147 2511 concambio
2182 2452 2561 2524 obtinuerat,
2608 2469 2840 2512 terram
2864 2452 3054 2510 etiam
3086 2447 3411 2527 Pyantoch

715 2582 789 2622 ac
857 2573 1087 2623 terram
1159 2561 1422 2641 Bykene
1507 2564 1773 2624 contulit
1841 2567 2059 2624 comiti
2130 2563 2468 2625 Lancredo
2527 2563 2910 2642 supradicto,
2972 2581 3117 2622 cum
3178 2561 3409 2621 eodem

712 2677 964 2754 capituli
1036 2675 1468 2758 Zagrabiensis
1527 2677 1853 2757 privilegio
1922 2679 1986 2737 in
2058 2697 2216 2756 pace
2263 2689 2569 2756 perpetua
2616 2675 3052 2754 possidendas,
3098 2694 3216 2754 pro
3264 2693 3413 2734 con-

709 2790 962 2849 cambio
1011 2799 1314 2849 terrarum
1361 2789 1833 2868 Szombathely,
1885 2790 2035 2851 Bela
2098 2802 2160 2850 et
2222 2789 2500 2864 Tumon,
2547 2809 2708 2869 quas
2755 2788 2925 2848 idem
2974 2807 3193 2848 comes
3240 2787 3409 2848 Lan·

713 2903 938 2963 credus
1005 2903 1270 2964 contulit
1341 2902 1632 2964 Michaeli
1703 2915 2178 2982 prememorato
2246 2903 2694 2983 perpetualiter
2769 2902 3190 2982 possidendas
3260 2920 3407 2961 cum

713 3016 952 3076 eisdem
1014 3015 1366 3097 privilegiiS,
1436 3017 1666 3096 quibus
1713 3019 1846 3095 ipse
1917 3029 2115 3077 terras
2182 3017 2513 3077 obtinebat
2562 3019 2939 3077 nominatas,
3008 3014 3147 3075 Tali
3194 3024 3411 3074 tamen

715 3130 1102 3211 obligatione
1132 3132 1475 3202 interiecta,
1520 3129 1698 3209 quod
1743 3131 1794 3189 si
1841 3129 1922 3189 de
1969 3130 2265 3208 predictis
2296 3132 2475 3190 terris
2520 3150 2555 3189 a
2602 3131 2839 3189 comite
2887 3127 3199 3189 Michaele
3248 3124 3412 3187 Lan-

715 3242 907 3303 credo
939 3243 1156 3303 comiti
1187 3242 1431 3303 collatis
1461 3262 1574 3321 per
1601 3241 1880 3320 aliquam
1932 3244 2332 3321 questionem
2364 3244 2567 3303 amitti
2599 3245 2968 3323 contigeret,
3016 3244 3150 3319 ipse
3193 3258 3412 3300 comes

719 3354 987 3415 Michael
1017 3375 1102 3415 ex
1134 3358 1249 3414 ista
1281 3366 1459 3433 parte
1491 3354 1740 3415 Dravae
1771 3355 1852 3416 de
1886 3366 2049 3416 terra
2081 3374 2193 3416 sua
2225 3366 2473 3416 tantum
2521 3355 2673 3415 dare
2719 3354 3051 3427 tenebitur,
3098 3364 3411 3431 quantum

715 3469 916 3527 amitti
965 3468 1315 3548 contigerit,
1359 3478 1607 3546 praeter
1667 3481 1975 3541 castrum;
2037 3471 2085 3528 si
2133 3480 2348 3529 autem
2394 3469 2673 3546 peccatis
2718 3467 3119 3548 exigentibus
3165 3484 3414 3544 posses-

715 3581 1011 3651 sionibus
1074 3598 1231 3657 quas
1291 3580 1527 3639 ibidem
1589 3580 1780 3641 habet
1845 3577 2153 3665 [privari]¹
2222 3584 2633 3662 contingeret,
2696 3580 3105 3640 nihilominus
3151 3579 3233 3639 de
3280 3579 3415 3639 aliis

714 3694 1219 3772 possessionibus
1263 3696 1388 3754 suis
1436 3694 1795 3771 ubicunque
1839 3694 2117 3767 habebit,
2178 3696 2281 3754 ubi
2345 3694 2684 3754 abbatibus
2729 3693 2811 3753 de
2858 3692 3168 3773 Simighio
3214 3703 3276 3750 et
3331 3691 3412 3751 de

715 3805 969 3867 Zaladia
1031 3808 1233 3866 visum
1303 3806 1502 3879 suerit,
1572 3817 1820 3867 tantum
1887 3807 2195 3885 equaliter
2248 3807 2637 3867 restaurabit.
2710 3805 2843 3865 Nec
2889 3806 2940 3865 si
2987 3807 3194 3883 ipsum
3244 3806 3405 3864 mori

715 3921 1059 4000 contingat,
1106 3918 1364 3980 infantia
1427 3919 1531 3980 filii
1591 3938 1851 3980 causam
1897 3939 2087 3998 super
2131 3922 2450 3999 premissis
2496 3921 2863 3979 suscitatam
2911 3918 3144 3996 poterit
3192 3936 3413 3994 proro-

715 4052 879 4113 gare.
925 4033 1171 4093 Verum
1217 4035 1410 4093 etiam
1457 4036 1506 4093 si
1551 4052 1665 4111 per
1709 4034 1987 4113 aliquam
2022 4035 2422 4110 questionem
2454 4033 2535 4093 de
2566 4033 2823 4112 prefatis
2870 4032 3047 4091 terris
3092 4049 3130 4089 a
3178 4033 3413 4091 comite

717 4144 1051 4206 Lancredo
1121 4144 1412 4206 Michaeli
1482 4148 1693 4205 comiti
1766 4146 2011 4206 collatis
2078 4164 2266 4205 causa
2340 4157 2713 4217 moveretur,
2776 4163 2893 4204 nec
2954 4162 3067 4221 per
3129 4144 3415 4222 predicta

713 4258 1032 4339 privilegia
1100 4277 1212 4318 seu
1279 4260 1696 4319 instrumenta
1765 4261 1964 4337 possit
2033 4258 2295 4326 liberari,
2364 4259 2769 4319 nihilominus
2838 4256 3119 4337 prefatus
3190 4277 3413 4319 comes

716 4370 1085 4432 Lancredus
1153 4371 1466 4431 tenebitur
1539 4370 1858 4449 expedire.
1939 4371 2084 4431 Hoc
2154 4374 2343 4432 etiam
2420 4374 2581 4431 inter
2626 4382 2837 4450 partes
2898 4373 3169 4445 adiectO,
3238 4371 3412 4451 quod

714 4502 1090 4561 quecunque
1135 4484 1411 4562 partium
1456 4484 1537 4543 de
1585 4483 1867 4562 predicta
1937 4486 2403 4562 compositione
2448 4503 2558 4545 seu
2604 4484 3006 4546 ordinatione
3051 4485 3409 4545 concambii

713 4598 996 4675 superius
1042 4598 1376 4657 memorati
1424 4596 1698 4668 resiliret,
1759 4596 2063 4657 adversae
2109 4600 2270 4675 parti
2317 4599 2631 4658 tenebitur
2676 4598 2919 4659 solvere
2972 4596 3096 4663 100
3143 4617 3403 4658 marcas

712 4706 909 4769 Anno
955 4708 1198 4769 domini
1243 4710 1692 4770 incarnationis
1747 4709 1945 4780 1256„
1994 4712 2054 4769 in
2107 4730 2326 4771 mense
2371 4711 2733 4789 septembri.

885 4876 1284 4933 llwcnes'ova
1327 4872 1541 4933 zbz'rka
1599 4878 1753 4933 Tam.
1804 4880 2030 4935 XXIX.
2082 4881 2209 4934 1⁸3.
2260 4900 2347 4954 sq.
2399 4900 2436 4935 n
2484 4884 2681 4937 sveuc'.
2715 4880 3021 4936 bibliotecz'
3066 4898 3106 4935 u
3152 4880 3410 4935 Buaim-

702 4981 880 5055 pes'ti.
934 4982 1192 5055 Spomen
1241 5000 1347 5036 ove·
1393 4980 1602 5035 listina·
1649 4982 1862 5038 nalazi
1903 5003 1969 5038 se
2016 5003 2054 5040 u
2102 4984 2306 5039 le'stz'ni
2369 4983 2574 5058 kralja
2624 4984 2953 5059 Ljudevita
3002 4984 3088 5040 od
3117 5003 3180 5057 g.
3237 4984 3302 5037 13
3314 4986 3389 5037 76
3396 5028 3408 5040 .

896 5120 906 5146 ¹
947 5118 996 5169 U
1037 5116 1308 5182 rukopisu
1348 5116 1554 5183 mjesto
1593 5134 1819 5184 praznO.
