3797 5795
1837 352 2254 417 -532—

693 546 992 608 arborem
1036 556 1102 607 et
1145 545 1507 626 plantatum
1552 543 1882 625 possideat
1943 542 2209 623 pacifice
2267 543 2402 603 sine
2447 541 2956 603 contradictione
3023 541 3414 620 aliquorum,

692 678 897 739 usque
958 659 1043 720 ad
1104 658 1337 721 festum
1406 659 1610 719 sancti
1676 656 2008 718 Michaelis
2075 656 2159 716 de
2224 656 2571 735 septembri
2640 664 2892 745 tenetur
2949 655 3136 717 alicui
3197 656 3420 728 facere

695 775 1011 834 rationem
1070 781 1218 852 post
1280 770 1637 850 predictum
1700 770 1939 831 festum
1985 769 2069 831 de
2111 769 2402 849 plantato
2449 778 2514 829 et
2559 770 2649 830 sic
2692 785 3026 848 possesso;
3092 767 3272 830 unde
3319 767 3417 828 di-

698 886 903 959 cebat,
935 904 1003 946 se
1035 902 1167 945 non
1197 886 1400 945 teneri
1431 882 1821 962 respondere
1867 883 2189 945 abbatisse
2220 892 2283 943 et
2314 884 2448 943 eius
2493 883 2837 943 conventui
2881 884 3080 943 sancti
3128 878 3420 942 Andree.

699 998 1076 1077 Replicabat
1135 996 1398 1077 quidem
1440 976 1725 1056 -domina
1783 996 2106 1057 abbatissa
2157 1006 2222 1056 et
2267 998 2403 1057 eius
2462 1005 2820 1057 conventus
2878 995 3082 1056 sancti
3126 991 3421 1067 Andree,

700 1111 876 1191 quod
922 1111 1449 1190 prescriptionem
1495 1108 1853 1191 allegatam,
1901 1109 2080 1188 quod
2126 1108 2298 1169 nulla
2329 1110 2702 1188 prescriptio
2751 1108 3105 1188 prei'udicat
3151 1106 3236 1167 de
3281 1108 3423 1167 iure

706 1224 891 1286 alicui
938 1226 1034 1299 sit,
1064 1226 1180 1284 nisi
1226 1221 1747 1304 quadragenaria.
1799 1220 1990 1285 Unde
2035 1241 2183 1283 cum
2215 1223 2670 1283 monasterium
2705 1220 3234 1282 Lacromonense
3281 1238 3424 1280 non

702 1338 903 1416 possit
935 1354 1005 1397 se
1035 1338 1195 1397 tueri
1226 1335 1734 1417 quadragenaria
1764 1335 2244 1415 prescriptione,
2287 1343 2542 1396 tenetur
2584 1334 2993 1414 respondere.
3041 1330 3250 1413 Super
3285 1350 3424 1411 quo

700 1460 971 1529 utraque
1014 1468 1163 1529 pars
1193 1448 1475 1529 petebat,
1506 1457 1576 1509 ut
1604 1430 1873 1528 predicti
1921 1449 2133 1508 vicarii
2177 1447 2772 1526 interloquerentur.
2819 1445 2948 1525 Qui
2992 1446 3215 1507 habito
3263 1464 3426 1506 con-

701 1562 843 1623 silio
890 1563 953 1623 in
999 1563 1247 1642 scriptis
1291 1562 1652 1623 interlocuti
1696 1571 1861 1637 sunt,
1905 1561 2086 1640 quod
2130 1579 2278 1640 pars
2314 1559 2856 1629 Lacromonensis
2885 1560 3122 1622 debeat
3153 1576 3428 1639 respon-

702 1675 858 1736 dere
903 1673 1119 1736 libello
1164 1674 1503 1735 abbatisse.
1564 1674 1649 1735 Et
1694 1683 1763 1734 ut
1807 1672 1930 1734 hec
1973 1674 2288 1735 sententia
2339 1673 2811 1735 interlocutoria
2870 1672 3068 1734 robur
3125 1672 3427 1733 obtineat

703 1788 1039 1863 firmitatiS,
1082 1787 1359 1869 sigillum
1406 1789 1604 1847 nostri
1635 1787 1894 1867 capituli
1921 1787 2188 1848 fecimus
2217 1790 2621 1868 coniungere.
2667 1784 2911 1849 Actum
2951 1795 3049 1848 est
3079 1785 3205 1846 hoc
3238 1786 3426 1847 iuxta

703 1900 1044 1962 ecclesiam
1106 1910 1327 1961 sancte
1383 1900 1585 1962 Marie
1631 1900 1904 1981 majoris
1973 1900 2115 1982 Ego
2162 1899 2460 1961 Donatus
2504 1900 2588 1960 de
2632 1897 2924 1961 Antonio
2969 1899 3314 1979 presbyter
3359 1907 3426 1959 et

702 2016 991 2075 notarius
1058 2012 1183 2074 hoc
1240 2014 1613 2093 exemplum
1677 2013 2060 2093 exemplavi,
2121 2012 2208 2073 nil
2253 2012 2502 2075 addens
2545 2013 2647 2074 vel
2691 2015 3005 2087 minuenS,
3054 2011 3236 2090 quod
3283 2029 3430 2072 sen-

701 2128 977 2187 tentiam
1046 2136 1271 2201 mutet,
1315 2136 1411 2187 set
1472 2125 1827 2188 secundum
1896 2126 2078 2206 quod
2136 2128 2200 2186 in
2263 2126 2552 2208 originali
2612 2126 2910 2187 confecto
2973 2144 3090 2205 per
3156 2144 3430 2187 manum

704 2257 923 2300 meam
975 2240 1203 2307 inveni,
1248 2240 1336 2299 ita
1380 2240 1744 2319 transcripsi
1789 2249 1854 2300 et
1898 2240 2083 2321 signo
2130 2250 2443 2301 consueto
2490 2241 2750 2322 signavi,
2796 2239 2876 2301 de
2925 2238 3242 2300 mandato
3289 2258 3432 2319 pre-

703 2350 1032 2412 dictorum
1077 2354 1458 2413 vicariorum
1504 2352 1822 2432 complevi
1868 2362 1934 2413 et
1980 2353 2294 2413 roboravi.

888 2571 1117 2627 Mattei
1173 2571 1475 2628 Memorie
1532 2571 1796 2628 storiclte
1858 2590 1932 2628 su
1993 2572 2277 2652 Ragusa.
2349 2602 2437 2613 —
2505 2569 2782 2647 Rukopis
2825 2589 2866 2627 u
2911 2570 3214 2647 knjzlim‘ci
3255 2570 3434 2629 Male

712 2672 901 2734 brac‘e
945 2674 1332 2733 dubrovac'ke
1378 2674 1467 2732 br.
1526 2678 1653 2731 416.
1702 2675 1823 2748 (St.
1874 2675 1962 2733 br.
2015 2678 2191 2747 266.)
2241 2675 2328 2733 II.
2379 2676 2732 2730 253--254

1983 3037 2177 3116 995.

720 3211 923 3290 1270,
967 3214 1027 3274 1.
1070 3211 1295 3294 maja.

722 3400 989 3484 Kaptol
1036 3398 1657 3486 stolnobz'ogradski
1693 3401 2009 3485 svjedoc‘z‘,
2069 3403 2158 3465 da
2201 3401 2287 3487 je
2347 3402 2588 3487 Kurej
2629 3425 2708 3466 sa
2751 3401 3096 3467 sinovima
3137 3403 3434 3489 svojzma

938 3513 1202 3597 prodao
1236 3513 1489 3596 palaea
1536 3535 1585 3576 u
1650 3513 2046 3578 Varaidz'nu
2091 3512 2406 3578 Dz'om‘zu
2451 3515 2875 3602 dvory‘amku
2921 3516 3228 3602 kraljz'ce.

903 3701 1320 3790 [CJapitulum
1389 3706 1654 3768 ecclesie
1721 3705 2025 3768 Albensis
2093 3708 2395 3768 omnibus
2458 3705 2688 3772 Christi
2747 3707 3041 3771 fidelibus
3107 3722 3435 3790 presentes

724 3818 965 3881 litteras
1009 3821 1385 3900 inspecturis
1430 3820 1701 3902 salutem
1748 3821 1813 3880 in
1859 3820 2129 3882 domino
2175 3822 2649 3900 sempiternam.
2695 3820 2804 3883 Ad
2849 3823 3296 3886 uniuersorum
3327 3843 3435 3884 no·

734 3933 947 3993 ticiam
994 3942 1217 3994 tenore
1262 3935 1664 4011 presencium
1693 3934 1994 3995 volumus
2024 3937 2377 4014 peruenire,
2408 3934 2586 4014 quod
2620 3933 2786 3998 Cure
2817 3937 2956 3997 ciue
2991 3936 3431 4000 Worosdiensi

728 4045 991 4126 eiusque
1036 4044 1178 4106 filiis
1222 4046 1462 4108 scilicet
1509 4045 1861 4127 Compolto
1916 4058 1981 4108 et
2021 4046 2246 4108 Leone
2291 4065 2376 4108 ex
2422 4066 2551 4108 una
2597 4057 2796 4127 parte,
2840 4047 3134 4111 Dionisio
3179 4049 3432 4113 officiali

728 4155 997 4219 Dionisii
1061 4159 1395 4221 seruientis
1461 4159 1725 4222 domine
1791 4162 2009 4242 regine
2055 4158 2161 4221 filii
2210 4160 2541 4237 quondam
2607 4161 2867 4224 Thome
2933 4163 3188 4224 comitis
3232 4164 3432 4225 fratris

726 4271 1106 4333 venerabilis
1171 4275 1369 4354 patris
1436 4273 1682 4334 domini
1749 4273 2022 4353 Philippi
2083 4274 2544 4353 archiepiscopi
2589 4272 3042 4356 Strigonlensis
3083 4277 3230 4338 aule
3273 4279 3432 4358 regis

726 4383 1088 4445 cancellarii
1131 4405 1217 4446 ex
1260 4386 1458 4448 altera
1503 4387 1569 4446 in
1615 4389 1814 4447 nostri
1857 4388 2189 4466 presencia
2234 4389 2612 4462 constitutis,
2658 4387 2830 4449 idem
2866 4385 3078 4468 Curey
3108 4399 3172 4450 et
3203 4389 3307 4450 filii
3340 4389 3430 4450 sui

726 4512 949 4558 coram
981 4497 1169 4559 nobis
1211 4517 1575 4578 proponere
1618 4510 1937 4574 curarunt,
1975 4498 2154 4580 quod
2200 4518 2348 4560 cum
2395 4499 2697 4562 dominus
2741 4511 2960 4562 noster
3004 4501 3158 4563 Bela
3185 4502 3430 4564 illustris

727 4626 847 4669 rex
895 4610 1224 4692 Hungarie
1270 4610 1425 4672 olim
1469 4621 1702 4673 terram
1750 4613 1918 4674 Petri
1949 4613 2111 4674 calui
2143 4614 2503 4695 iobagionis
2546 4616 2733 4675 castri
2779 4614 3166 4676 Zaladiensis
3193 4616 3430 4694 absque

730 4719 971 4785 herede
1016 4723 1389 4786 decedentis
1433 4726 1499 4784 in
1544 4726 1852 4787 comitatu
1898 4725 2253 4787 Zaladiensi
2301 4729 2688 4790 existentem
2721 4738 2788 4790 et
2816 4728 2902 4790 ad
2946 4748 3060 4791 sue
3102 4729 3429 4811 potestatis

733 4845 799 4894 et
845 4837 1273 4900 ordinacionis
1340 4856 1569 4899 manus
1635 4838 2010 4901 deuolutam
2070 4857 2214 4900 cum
2265 4839 2455 4915 siluiS,
2513 4841 2818 4922 uirgultis
2861 4841 3106 4918 fenetis,
3146 4845 3328 4922 aquis
3367 4851 3430 4922 et

734 4955 898 5011 terra
943 4949 1162 5013 arabili
1205 4951 1291 5013 ad
1335 4969 1517 5013 vsum
1566 4951 1791 5013 decem
1840 4962 2194 5013 aratrorum
2239 4951 2660 5015 sufficientem
2707 4954 2917 5016 eidem
2965 4953 3134 5020 Cure
3177 4958 3426 5035 eiusque

736 5058 1077 5125 heredibus
1141 5063 1581 5145 heredumque
1648 5066 2118 5126 successoribus
2185 5066 2274 5126 ob
2342 5067 2536 5145 ipsius
2603 5066 2926 5130 fidelitatis
3000 5068 3303 5151 obsequia
3365 5077 3424 5128 et
