<?xml version="1.0" encoding="UTF-8"?>
<!DOCTYPE html PUBLIC "-//W3C//DTD XHTML 1.0 Transitional//EN"
    "http://www.w3.org/TR/xhtml1/DTD/xhtml1-transitional.dtd">
<html xmlns="http://www.w3.org/1999/xhtml" xml:lang="en" lang="en">
 <head>
  <title>
</title>
<meta http-equiv="Content-Type" content="text/html;charset=utf-8" />
  <meta name='ocr-system' content='tesseract 3.04.00' />
  <meta name='ocr-capabilities' content='ocr_page ocr_carea ocr_par ocr_line ocrx_word'/>
</head>
<body>
  <div class='ocr_page' id='page_1' title='image "./codexdiplomatic00umjegoog_0524.png"; bbox 0 0 3797 5795; ppageno 0'>
   <div class='ocr_carea' id='block_1_1' title="bbox 1518 416 1932 480">
    <p class='ocr_par' dir='ltr' id='par_1_1' title="bbox 1518 416 1932 480">
     <span class='ocr_line' id='line_1_1' title="bbox 1518 416 1932 480; baseline -0.002 0"><span class='ocrx_word' id='word_1_1' title='bbox 1518 416 1932 480; x_wconf 73' lang='lat'>—511—</span> 
     </span>
    </p>
   </div>
   <div class='ocr_carea' id='block_1_2' title="bbox 308 606 3090 5206">
    <p class='ocr_par' dir='ltr' id='par_1_2' title="bbox 308 606 3090 5206">
     <span class='ocr_line' id='line_1_2' title="bbox 366 606 3079 685; baseline -0.001 -17"><span class='ocrx_word' id='word_1_2' title='bbox 366 616 581 668; x_wconf 86' lang='lat' dir='ltr'><strong>essent</strong></span> <span class='ocrx_word' id='word_1_3' title='bbox 655 606 783 668; x_wconf 91' lang='lat' dir='ltr'><strong>due</strong></span> <span class='ocrx_word' id='word_1_4' title='bbox 862 616 1032 667; x_wconf 88' lang='lat' dir='ltr'><strong>mete</strong></span> <span class='ocrx_word' id='word_1_5' title='bbox 1091 620 1153 667; x_wconf 91' lang='lat' dir='ltr'><strong>et</strong></span> <span class='ocrx_word' id='word_1_6' title='bbox 1216 607 1367 668; x_wconf 90' lang='lat' dir='ltr'><strong>inde</strong></span> <span class='ocrx_word' id='word_1_7' title='bbox 1435 608 1825 670; x_wconf 88' lang='lat' dir='ltr'><strong>transeundo</strong></span> <span class='ocrx_word' id='word_1_8' title='bbox 1905 626 2102 669; x_wconf 89' lang='lat' dir='ltr'><strong>unum</strong></span> <span class='ocrx_word' id='word_1_9' title='bbox 2179 606 2440 668; x_wconf 83' lang='lat' dir='ltr'><strong>fluvium</strong></span> <span class='ocrx_word' id='word_1_10' title='bbox 2515 607 2888 667; x_wconf 85' lang='lat' dir='ltr'><strong>ascenderet</strong></span> <span class='ocrx_word' id='word_1_11' title='bbox 2963 626 3079 685; x_wconf 87' lang='lat' dir='ltr'><strong>per</strong></span> 
     </span>
     <span class='ocr_line' id='line_1_3' title="bbox 370 718 3076 799; baseline -0.001 -18"><span class='ocrx_word' id='word_1_12' title='bbox 370 720 719 799; x_wconf 85' lang='lat' dir='ltr'><strong>quemdam</strong></span> <span class='ocrx_word' id='word_1_13' title='bbox 768 720 981 780; x_wconf 90' lang='lat' dir='ltr'><strong>locum</strong></span> <span class='ocrx_word' id='word_1_14' title='bbox 1035 718 1303 798; x_wconf 85' lang='lat' dir='ltr'><strong>Kalysta</strong></span> <span class='ocrx_word' id='word_1_15' title='bbox 1348 732 1649 782; x_wconf 87' lang='lat' dir='ltr'><strong>vocatum</strong></span> <span class='ocrx_word' id='word_1_16' title='bbox 1696 732 1759 783; x_wconf 92' lang='lat' dir='ltr'><strong>et</strong></span> <span class='ocrx_word' id='word_1_17' title='bbox 1805 722 1891 781; x_wconf 90' lang='lat' dir='ltr'><strong>ibi</strong></span> <span class='ocrx_word' id='word_1_18' title='bbox 1939 725 2116 782; x_wconf 84' lang='lat' dir='ltr'><strong>iuxta</strong></span> <span class='ocrx_word' id='word_1_19' title='bbox 2161 721 2434 781; x_wconf 89' lang='lat' dir='ltr'><strong>dumum</strong></span> <span class='ocrx_word' id='word_1_20' title='bbox 2481 723 2830 781; x_wconf 80' lang='lat' dir='ltr'><strong>vimineum</strong></span> <span class='ocrx_word' id='word_1_21' title='bbox 2863 732 3076 781; x_wconf 88' lang='lat' dir='ltr'><strong>essent</strong></span> 
     </span>
     <span class='ocr_line' id='line_1_4' title="bbox 370 831 3078 907; baseline -0.001 -13"><span class='ocrx_word' id='word_1_22' title='bbox 370 833 498 894; x_wconf 91' lang='lat' dir='ltr'><strong>due</strong></span> <span class='ocrx_word' id='word_1_23' title='bbox 544 844 715 893; x_wconf 89' lang='lat' dir='ltr'><strong>mete</strong></span> <span class='ocrx_word' id='word_1_24' title='bbox 761 842 823 893; x_wconf 90' lang='lat' dir='ltr'><strong>et</strong></span> <span class='ocrx_word' id='word_1_25' title='bbox 870 831 1021 893; x_wconf 87' lang='lat' dir='ltr'><strong>inde</strong></span> <span class='ocrx_word' id='word_1_26' title='bbox 1066 833 1486 894; x_wconf 84' lang='lat' dir='ltr'><strong>descenderet</strong></span> <span class='ocrx_word' id='word_1_27' title='bbox 1518 833 1601 895; x_wconf 86' lang='lat' dir='ltr'><strong>ad</strong></span> <span class='ocrx_word' id='word_1_28' title='bbox 1636 833 1897 895; x_wconf 89' lang='lat' dir='ltr'><strong>fluvium</strong></span> <span class='ocrx_word' id='word_1_29' title='bbox 1949 832 2329 897; x_wconf 83' lang='lat' dir='ltr'><strong>Reueneche</strong></span> <span class='ocrx_word' id='word_1_30' title='bbox 2361 844 2678 907; x_wconf 90' lang='lat' dir='ltr'><strong>vocatum,</strong></span> <span class='ocrx_word' id='word_1_31' title='bbox 2723 834 2832 893; x_wconf 88' lang='lat' dir='ltr'><strong>ubi</strong></span> <span class='ocrx_word' id='word_1_32' title='bbox 2866 844 3078 893; x_wconf 89' lang='lat' dir='ltr'><strong>essent</strong></span> 
     </span>
     <span class='ocr_line' id='line_1_5' title="bbox 369 944 3078 1025; baseline -0.001 -18"><span class='ocrx_word' id='word_1_33' title='bbox 369 946 496 1007; x_wconf 88' lang='lat' dir='ltr'><strong>due</strong></span> <span class='ocrx_word' id='word_1_34' title='bbox 542 956 713 1007; x_wconf 90' lang='lat' dir='ltr'><strong>mete</strong></span> <span class='ocrx_word' id='word_1_35' title='bbox 744 956 808 1007; x_wconf 92' lang='lat' dir='ltr'><strong>et</strong></span> <span class='ocrx_word' id='word_1_36' title='bbox 840 946 925 1006; x_wconf 87' lang='lat' dir='ltr'><strong>ibi</strong></span> <span class='ocrx_word' id='word_1_37' title='bbox 957 948 1247 1007; x_wconf 79' lang='lat' dir='ltr'><strong>transiret</strong></span> <span class='ocrx_word' id='word_1_38' title='bbox 1292 944 1555 1008; x_wconf 86' lang='lat' dir='ltr'><strong>fluvium</strong></span> <span class='ocrx_word' id='word_1_39' title='bbox 1602 966 1799 1008; x_wconf 88' lang='lat' dir='ltr'><strong>unum</strong></span> <span class='ocrx_word' id='word_1_40' title='bbox 1831 957 1895 1008; x_wconf 90' lang='lat' dir='ltr'><strong>et</strong></span> <span class='ocrx_word' id='word_1_41' title='bbox 1927 949 2043 1007; x_wconf 89' lang='lat' dir='ltr'><strong>iret</strong></span> <span class='ocrx_word' id='word_1_42' title='bbox 2077 966 2190 1025; x_wconf 90' lang='lat' dir='ltr'><strong>per</strong></span> <span class='ocrx_word' id='word_1_43' title='bbox 2223 947 2508 1007; x_wconf 91' lang='lat' dir='ltr'><strong>medium</strong></span> <span class='ocrx_word' id='word_1_44' title='bbox 2539 944 2682 1006; x_wconf 88' lang='lat' dir='ltr'><strong>ville</strong></span> <span class='ocrx_word' id='word_1_45' title='bbox 2713 944 3078 1007; x_wconf 85' lang='lat' dir='ltr'><strong>Vrachiche</strong></span> 
     </span>
     <span class='ocr_line' id='line_1_6' title="bbox 368 1057 3078 1139; baseline -0.001 -19"><span class='ocrx_word' id='word_1_46' title='bbox 368 1069 433 1120; x_wconf 90' lang='lat' dir='ltr'><strong>et</strong></span> <span class='ocrx_word' id='word_1_47' title='bbox 464 1059 615 1120; x_wconf 90' lang='lat' dir='ltr'><strong>inde</strong></span> <span class='ocrx_word' id='word_1_48' title='bbox 644 1059 1037 1119; x_wconf 90' lang='lat' dir='ltr'><strong>transeundo</strong></span> <span class='ocrx_word' id='word_1_49' title='bbox 1082 1060 1373 1120; x_wconf 84' lang='lat' dir='ltr'><strong>transiret</strong></span> <span class='ocrx_word' id='word_1_50' title='bbox 1419 1062 1597 1120; x_wconf 89' lang='lat' dir='ltr'><strong>iuxta</strong></span> <span class='ocrx_word' id='word_1_51' title='bbox 1628 1060 1851 1121; x_wconf 89' lang='lat' dir='ltr'><strong>silvam</strong></span> <span class='ocrx_word' id='word_1_52' title='bbox 1882 1080 1920 1120; x_wconf 87' lang='lat' dir='ltr'><strong>a</strong></span> <span class='ocrx_word' id='word_1_53' title='bbox 1951 1069 2131 1139; x_wconf 91' lang='lat' dir='ltr'><strong>parte</strong></span> <span class='ocrx_word' id='word_1_54' title='bbox 2181 1057 2576 1119; x_wconf 84' lang='lat' dir='ltr'><strong>meridionali</strong></span> <span class='ocrx_word' id='word_1_55' title='bbox 2609 1071 2673 1119; x_wconf 91' lang='lat' dir='ltr'><strong>et</strong></span> <span class='ocrx_word' id='word_1_56' title='bbox 2704 1057 3078 1119; x_wconf 87' lang='lat' dir='ltr'><strong>ascenderet</strong></span> 
     </span>
     <span class='ocr_line' id='line_1_7' title="bbox 372 1170 3080 1247; baseline -0.001 -14"><span class='ocrx_word' id='word_1_57' title='bbox 372 1172 457 1233; x_wconf 91' lang='lat' dir='ltr'><strong>ad</strong></span> <span class='ocrx_word' id='word_1_58' title='bbox 506 1183 798 1233; x_wconf 90' lang='lat' dir='ltr'><strong>montem</strong></span> <span class='ocrx_word' id='word_1_59' title='bbox 844 1172 928 1233; x_wconf 91' lang='lat' dir='ltr'><strong>ad</strong></span> <span class='ocrx_word' id='word_1_60' title='bbox 974 1185 1219 1233; x_wconf 89' lang='lat' dir='ltr'><strong>veteres</strong></span> <span class='ocrx_word' id='word_1_61' title='bbox 1252 1184 1474 1247; x_wconf 80' lang='lat' dir='ltr'><strong>metaS,</strong></span> <span class='ocrx_word' id='word_1_62' title='bbox 1520 1172 1629 1233; x_wconf 90' lang='lat' dir='ltr'><strong>ubi</strong></span> <span class='ocrx_word' id='word_1_63' title='bbox 1660 1185 1872 1233; x_wconf 88' lang='lat' dir='ltr'><strong>essent</strong></span> <span class='ocrx_word' id='word_1_64' title='bbox 1905 1172 2029 1233; x_wconf 90' lang='lat' dir='ltr'><strong>due</strong></span> <span class='ocrx_word' id='word_1_65' title='bbox 2062 1191 2227 1233; x_wconf 87' lang='lat' dir='ltr'><strong>nove</strong></span> <span class='ocrx_word' id='word_1_66' title='bbox 2269 1182 2438 1233; x_wconf 89' lang='lat' dir='ltr'><strong>mete</strong></span> <span class='ocrx_word' id='word_1_67' title='bbox 2470 1184 2534 1233; x_wconf 92' lang='lat' dir='ltr'><strong>et</strong></span> <span class='ocrx_word' id='word_1_68' title='bbox 2565 1172 2648 1231; x_wconf 89' lang='lat' dir='ltr'><strong>ibi</strong></span> <span class='ocrx_word' id='word_1_69' title='bbox 2697 1171 2952 1231; x_wconf 89' lang='lat' dir='ltr'><strong>caderet</strong></span> <span class='ocrx_word' id='word_1_70' title='bbox 2997 1170 3080 1230; x_wconf 89' lang='lat' dir='ltr'><strong>ad</strong></span> 
     </span>
     <span class='ocr_line' id='line_1_8' title="bbox 372 1283 3080 1364; baseline -0.001 -19"><span class='ocrx_word' id='word_1_71' title='bbox 372 1284 633 1346; x_wconf 90' lang='lat' dir='ltr'><strong>fluvium</strong></span> <span class='ocrx_word' id='word_1_72' title='bbox 666 1283 923 1363; x_wconf 89' lang='lat' dir='ltr'><strong>Velyke</strong></span> <span class='ocrx_word' id='word_1_73' title='bbox 970 1296 1269 1346; x_wconf 90' lang='lat' dir='ltr'><strong>vocatum</strong></span> <span class='ocrx_word' id='word_1_74' title='bbox 1319 1294 1381 1346; x_wconf 91' lang='lat' dir='ltr'><strong>et</strong></span> <span class='ocrx_word' id='word_1_75' title='bbox 1413 1304 1528 1364; x_wconf 91' lang='lat' dir='ltr'><strong>per</strong></span> <span class='ocrx_word' id='word_1_76' title='bbox 1558 1285 1836 1346; x_wconf 90' lang='lat' dir='ltr'><strong>eundem</strong></span> <span class='ocrx_word' id='word_1_77' title='bbox 1868 1284 2129 1346; x_wconf 78' lang='lat' dir='ltr'><strong>fluvium</strong></span> <span class='ocrx_word' id='word_1_78' title='bbox 2168 1284 2421 1364; x_wconf 88' lang='lat' dir='ltr'><strong>Velyke</strong></span> <span class='ocrx_word' id='word_1_79' title='bbox 2454 1288 2568 1346; x_wconf 89' lang='lat' dir='ltr'><strong>iret</strong></span> <span class='ocrx_word' id='word_1_80' title='bbox 2599 1284 2854 1345; x_wconf 86' lang='lat' dir='ltr'><strong>inferius</strong></span> <span class='ocrx_word' id='word_1_81' title='bbox 2883 1302 3080 1363; x_wconf 87' lang='lat' dir='ltr'><strong>vsque</strong></span> 
     </span>
     <span class='ocr_line' id='line_1_9' title="bbox 372 1396 3082 1472; baseline -0 -15"><span class='ocrx_word' id='word_1_82' title='bbox 372 1397 457 1459; x_wconf 92' lang='lat' dir='ltr'><strong>ad</strong></span> <span class='ocrx_word' id='word_1_83' title='bbox 504 1398 736 1472; x_wconf 88' lang='lat' dir='ltr'><strong>locum,</strong></span> <span class='ocrx_word' id='word_1_84' title='bbox 767 1399 872 1458; x_wconf 88' lang='lat' dir='ltr'><strong>vbi</strong></span> <span class='ocrx_word' id='word_1_85' title='bbox 920 1398 1091 1459; x_wconf 89' lang='lat' dir='ltr'><strong>idem</strong></span> <span class='ocrx_word' id='word_1_86' title='bbox 1138 1396 1367 1459; x_wconf 89' lang='lat' dir='ltr'><strong>fluuius</strong></span> <span class='ocrx_word' id='word_1_87' title='bbox 1399 1397 1653 1459; x_wconf 90' lang='lat' dir='ltr'><strong>caderet</strong></span> <span class='ocrx_word' id='word_1_88' title='bbox 1692 1398 1775 1458; x_wconf 93' lang='lat' dir='ltr'><strong>ad</strong></span> <span class='ocrx_word' id='word_1_89' title='bbox 1808 1398 2000 1459; x_wconf 89' lang='lat' dir='ltr'><strong>alium</strong></span> <span class='ocrx_word' id='word_1_90' title='bbox 2036 1397 2298 1459; x_wconf 89' lang='lat' dir='ltr'><strong>fluuium</strong></span> <span class='ocrx_word' id='word_1_91' title='bbox 2331 1397 2716 1459; x_wconf 86' lang='lat' dir='ltr'><strong>Klokonech</strong></span> <span class='ocrx_word' id='word_1_92' title='bbox 2763 1409 3082 1469; x_wconf 81' lang='lat' dir='ltr'><strong>vocatum,</strong></span> 
     </span>
     <span class='ocr_line' id='line_1_10' title="bbox 372 1509 3080 1591; baseline -0 -21"><span class='ocrx_word' id='word_1_93' title='bbox 372 1510 478 1571; x_wconf 91' lang='lat' dir='ltr'><strong>vbi</strong></span> <span class='ocrx_word' id='word_1_94' title='bbox 540 1522 751 1571; x_wconf 85' lang='lat' dir='ltr'><strong>essent</strong></span> <span class='ocrx_word' id='word_1_95' title='bbox 812 1514 1245 1572; x_wconf 88' lang='lat' dir='ltr'><strong>commetanei</strong></span> <span class='ocrx_word' id='word_1_96' title='bbox 1310 1510 1415 1571; x_wconf 87' lang='lat' dir='ltr'><strong>filii</strong></span> <span class='ocrx_word' id='word_1_97' title='bbox 1480 1510 1715 1589; x_wconf 84' lang='lat' dir='ltr'><strong>Razlay</strong></span> <span class='ocrx_word' id='word_1_98' title='bbox 1760 1523 1825 1572; x_wconf 88' lang='lat' dir='ltr'><strong>et</strong></span> <span class='ocrx_word' id='word_1_99' title='bbox 1870 1532 1984 1591; x_wconf 87' lang='lat' dir='ltr'><strong>per</strong></span> <span class='ocrx_word' id='word_1_100' title='bbox 2031 1511 2309 1573; x_wconf 90' lang='lat' dir='ltr'><strong>eundem</strong></span> <span class='ocrx_word' id='word_1_101' title='bbox 2373 1510 2634 1571; x_wconf 89' lang='lat' dir='ltr'><strong>fluvium</strong></span> <span class='ocrx_word' id='word_1_102' title='bbox 2701 1509 3080 1571; x_wconf 87' lang='lat' dir='ltr'><strong>Klokonech</strong></span> 
     </span>
     <span class='ocr_line' id='line_1_11' title="bbox 373 1622 3080 1701; baseline -0 -18"><span class='ocrx_word' id='word_1_103' title='bbox 373 1625 489 1685; x_wconf 90' lang='lat' dir='ltr'><strong>iret</strong></span> <span class='ocrx_word' id='word_1_104' title='bbox 534 1626 598 1684; x_wconf 93' lang='lat' dir='ltr'><strong>in</strong></span> <span class='ocrx_word' id='word_1_105' title='bbox 642 1625 900 1684; x_wconf 88' lang='lat' dir='ltr'><strong>inferius</strong></span> <span class='ocrx_word' id='word_1_106' title='bbox 946 1642 1161 1684; x_wconf 89' lang='lat' dir='ltr'><strong>versus</strong></span> <span class='ocrx_word' id='word_1_107' title='bbox 1208 1624 1539 1685; x_wconf 87' lang='lat' dir='ltr'><strong>meridiem</strong></span> <span class='ocrx_word' id='word_1_108' title='bbox 1586 1634 1649 1685; x_wconf 89' lang='lat' dir='ltr'><strong>et</strong></span> <span class='ocrx_word' id='word_1_109' title='bbox 1695 1623 1954 1685; x_wconf 90' lang='lat' dir='ltr'><strong>caderet</strong></span> <span class='ocrx_word' id='word_1_110' title='bbox 1999 1626 2061 1684; x_wconf 90' lang='lat' dir='ltr'><strong>in</strong></span> <span class='ocrx_word' id='word_1_111' title='bbox 2107 1623 2368 1685; x_wconf 84' lang='lat' dir='ltr'><strong>fluvium</strong></span> <span class='ocrx_word' id='word_1_112' title='bbox 2433 1622 2734 1701; x_wconf 86' lang='lat' dir='ltr'><strong>Granych</strong></span> <span class='ocrx_word' id='word_1_113' title='bbox 2781 1633 3080 1683; x_wconf 87' lang='lat' dir='ltr'><strong>vocatum</strong></span> 
     </span>
     <span class='ocr_line' id='line_1_12' title="bbox 374 1734 3079 1817; baseline -0.001 -19"><span class='ocrx_word' id='word_1_114' title='bbox 374 1748 439 1798; x_wconf 92' lang='lat' dir='ltr'><strong>et</strong></span> <span class='ocrx_word' id='word_1_115' title='bbox 501 1756 615 1815; x_wconf 91' lang='lat' dir='ltr'><strong>per</strong></span> <span class='ocrx_word' id='word_1_116' title='bbox 674 1736 957 1797; x_wconf 90' lang='lat' dir='ltr'><strong>eundem</strong></span> <span class='ocrx_word' id='word_1_117' title='bbox 1018 1734 1361 1815; x_wconf 88' lang='lat' dir='ltr'><strong>Granycha</strong></span> <span class='ocrx_word' id='word_1_118' title='bbox 1427 1740 1541 1798; x_wconf 85' lang='lat' dir='ltr'><strong>iret</strong></span> <span class='ocrx_word' id='word_1_119' title='bbox 1600 1737 1855 1798; x_wconf 82' lang='lat' dir='ltr'><strong>inferius</strong></span> <span class='ocrx_word' id='word_1_120' title='bbox 1902 1747 1965 1798; x_wconf 90' lang='lat' dir='ltr'><strong>et</strong></span> <span class='ocrx_word' id='word_1_121' title='bbox 2011 1737 2266 1798; x_wconf 86' lang='lat' dir='ltr'><strong>caderet</strong></span> <span class='ocrx_word' id='word_1_122' title='bbox 2313 1740 2375 1797; x_wconf 93' lang='lat' dir='ltr'><strong>in</strong></span> <span class='ocrx_word' id='word_1_123' title='bbox 2424 1736 2683 1797; x_wconf 88' lang='lat' dir='ltr'><strong>fluvium</strong></span> <span class='ocrx_word' id='word_1_124' title='bbox 2733 1736 3079 1817; x_wconf 86' lang='lat' dir='ltr'><strong>Nagachen</strong></span> 
     </span>
     <span class='ocr_line' id='line_1_13' title="bbox 376 1838 3079 1929; baseline -0.001 -19"><span class='ocrx_word' id='word_1_125' title='bbox 376 1838 789 1910; x_wconf 65' lang='lat' dir='ltr'><strong>vocatum&#39;et</strong></span> <span class='ocrx_word' id='word_1_126' title='bbox 834 1869 947 1929; x_wconf 89' lang='lat' dir='ltr'><strong>per</strong></span> <span class='ocrx_word' id='word_1_127' title='bbox 1008 1850 1288 1911; x_wconf 89' lang='lat' dir='ltr'><strong>eundem</strong></span> <span class='ocrx_word' id='word_1_128' title='bbox 1350 1850 1567 1912; x_wconf 90' lang='lat' dir='ltr'><strong>eundo</strong></span> <span class='ocrx_word' id='word_1_129' title='bbox 1636 1850 1891 1911; x_wconf 86' lang='lat' dir='ltr'><strong>caderet</strong></span> <span class='ocrx_word' id='word_1_130' title='bbox 1953 1854 2016 1911; x_wconf 91' lang='lat' dir='ltr'><strong>in</strong></span> <span class='ocrx_word' id='word_1_131' title='bbox 2079 1850 2316 1911; x_wconf 85' lang='lat' dir='ltr'><strong>Zauam</strong></span> <span class='ocrx_word' id='word_1_132' title='bbox 2362 1862 2428 1910; x_wconf 90' lang='lat' dir='ltr'><strong>et</strong></span> <span class='ocrx_word' id='word_1_133' title='bbox 2473 1850 2622 1911; x_wconf 89' lang='lat' dir='ltr'><strong>inde</strong></span> <span class='ocrx_word' id='word_1_134' title='bbox 2668 1868 2782 1928; x_wconf 85' lang='lat' dir='ltr'><strong>per</strong></span> <span class='ocrx_word' id='word_1_135' title='bbox 2843 1848 3079 1909; x_wconf 91' lang='lat' dir='ltr'><strong>Zauam</strong></span> 
     </span>
     <span class='ocr_line' id='line_1_14' title="bbox 375 1960 3084 2044; baseline -0 -22"><span class='ocrx_word' id='word_1_136' title='bbox 375 1982 493 2042; x_wconf 89' lang='lat' dir='ltr'><strong>per</strong></span> <span class='ocrx_word' id='word_1_137' title='bbox 560 1962 827 2044; x_wconf 88' lang='lat' dir='ltr'><strong>longum</strong></span> <span class='ocrx_word' id='word_1_138' title='bbox 888 1964 1167 2041; x_wconf 88' lang='lat' dir='ltr'><strong>spatium</strong></span> <span class='ocrx_word' id='word_1_139' title='bbox 1228 1964 1487 2024; x_wconf 90' lang='lat' dir='ltr'><strong>inferius</strong></span> <span class='ocrx_word' id='word_1_140' title='bbox 1545 1966 1908 2043; x_wconf 87' lang='lat' dir='ltr'><strong>perueniret</strong></span> <span class='ocrx_word' id='word_1_141' title='bbox 1976 1964 2058 2023; x_wconf 86' lang='lat' dir='ltr'><strong>ad</strong></span> <span class='ocrx_word' id='word_1_142' title='bbox 2127 1964 2360 2035; x_wconf 89' lang='lat' dir='ltr'><strong>locum,</strong></span> <span class='ocrx_word' id='word_1_143' title='bbox 2428 1964 2530 2024; x_wconf 88' lang='lat' dir='ltr'><strong>vbi</strong></span> <span class='ocrx_word' id='word_1_144' title='bbox 2599 1960 2793 2023; x_wconf 89' lang='lat' dir='ltr'><strong>fluviu</strong></span> <span class='ocrx_word' id='word_1_145' title='bbox 2863 1960 3084 2040; x_wconf 86' lang='lat' dir='ltr'><strong>Ispyas</strong></span> 
     </span>
     <span class='ocr_line' id='line_1_15' title="bbox 372 2075 3075 2155; baseline -0.001 -19"><span class='ocrx_word' id='word_1_146' title='bbox 372 2085 639 2137; x_wconf 91' lang='lat' dir='ltr'><strong>vocatus</strong></span> <span class='ocrx_word' id='word_1_147' title='bbox 713 2075 971 2137; x_wconf 90' lang='lat' dir='ltr'><strong>caderet</strong></span> <span class='ocrx_word' id='word_1_148' title='bbox 1046 2078 1109 2136; x_wconf 93' lang='lat' dir='ltr'><strong>in</strong></span> <span class='ocrx_word' id='word_1_149' title='bbox 1186 2076 1441 2150; x_wconf 86' lang='lat' dir='ltr'><strong>Zauam,</strong></span> <span class='ocrx_word' id='word_1_150' title='bbox 1518 2076 1625 2136; x_wconf 89' lang='lat' dir='ltr'><strong>vbi</strong></span> <span class='ocrx_word' id='word_1_151' title='bbox 1714 2089 1925 2137; x_wconf 87' lang='lat' dir='ltr'><strong>essent</strong></span> <span class='ocrx_word' id='word_1_152' title='bbox 2016 2077 2142 2136; x_wconf 91' lang='lat' dir='ltr'><strong>due</strong></span> <span class='ocrx_word' id='word_1_153' title='bbox 2233 2086 2422 2147; x_wconf 87' lang='lat' dir='ltr'><strong>mete,</strong></span> <span class='ocrx_word' id='word_1_154' title='bbox 2512 2094 2638 2155; x_wconf 89' lang='lat' dir='ltr'><strong>que</strong></span> <span class='ocrx_word' id='word_1_155' title='bbox 2721 2076 3075 2153; x_wconf 80' lang='lat' dir='ltr'><strong>inciperent</strong></span> 
     </span>
     <span class='ocr_line' id='line_1_16' title="bbox 370 2186 3080 2270; baseline -0.001 -21"><span class='ocrx_word' id='word_1_156' title='bbox 370 2190 680 2270; x_wconf 88' lang='lat' dir='ltr'><strong>stringere</strong></span> <span class='ocrx_word' id='word_1_157' title='bbox 727 2199 961 2249; x_wconf 89' lang='lat' dir='ltr'><strong>terram</strong></span> <span class='ocrx_word' id='word_1_158' title='bbox 1008 2188 1091 2249; x_wconf 89' lang='lat' dir='ltr'><strong>de</strong></span> <span class='ocrx_word' id='word_1_159' title='bbox 1136 2187 1473 2267; x_wconf 87' lang='lat' dir='ltr'><strong>owycha</strong></span> <span class='ocrx_word' id='word_1_160' title='bbox 1518 2210 1557 2249; x_wconf 92' lang='lat' dir='ltr'><strong>a</strong></span> <span class='ocrx_word' id='word_1_161' title='bbox 1602 2191 1781 2249; x_wconf 89' lang='lat' dir='ltr'><strong>terris</strong></span> <span class='ocrx_word' id='word_1_162' title='bbox 1825 2188 1909 2249; x_wconf 92' lang='lat' dir='ltr'><strong>de</strong></span> <span class='ocrx_word' id='word_1_163' title='bbox 1943 2188 2180 2249; x_wconf 91' lang='lat' dir='ltr'><strong>Wrbaz</strong></span> <span class='ocrx_word' id='word_1_164' title='bbox 2225 2200 2290 2249; x_wconf 91' lang='lat' dir='ltr'><strong>et</strong></span> <span class='ocrx_word' id='word_1_165' title='bbox 2335 2208 2450 2268; x_wconf 89' lang='lat' dir='ltr'><strong>per</strong></span> <span class='ocrx_word' id='word_1_166' title='bbox 2494 2188 2772 2249; x_wconf 89' lang='lat' dir='ltr'><strong>eundem</strong></span> <span class='ocrx_word' id='word_1_167' title='bbox 2817 2186 3080 2247; x_wconf 84' lang='lat' dir='ltr'><strong>fluvium</strong></span> 
     </span>
     <span class='ocr_line' id='line_1_17' title="bbox 374 2300 3080 2383; baseline -0.001 -22"><span class='ocrx_word' id='word_1_168' title='bbox 374 2300 661 2383; x_wconf 89' lang='lat' dir='ltr'><strong>Ispias(!)</strong></span> <span class='ocrx_word' id='word_1_169' title='bbox 730 2304 847 2362; x_wconf 89' lang='lat' dir='ltr'><strong>iret</strong></span> <span class='ocrx_word' id='word_1_170' title='bbox 914 2303 1201 2380; x_wconf 89' lang='lat' dir='ltr'><strong>superius</strong></span> <span class='ocrx_word' id='word_1_171' title='bbox 1269 2313 1494 2363; x_wconf 91' lang='lat' dir='ltr'><strong>contra</strong></span> <span class='ocrx_word' id='word_1_172' title='bbox 1559 2320 1811 2363; x_wconf 86' lang='lat' dir='ltr'><strong>cursum</strong></span> <span class='ocrx_word' id='word_1_173' title='bbox 1876 2320 2044 2381; x_wconf 89' lang='lat' dir='ltr'><strong>aque</strong></span> <span class='ocrx_word' id='word_1_174' title='bbox 2111 2320 2326 2362; x_wconf 87' lang='lat' dir='ltr'><strong>versus</strong></span> <span class='ocrx_word' id='word_1_175' title='bbox 2372 2301 2724 2373; x_wconf 87' lang='lat' dir='ltr'><strong>meridiem,</strong></span> <span class='ocrx_word' id='word_1_176' title='bbox 2769 2301 2874 2359; x_wconf 89' lang='lat' dir='ltr'><strong>vbi</strong></span> <span class='ocrx_word' id='word_1_177' title='bbox 2921 2300 3080 2361; x_wconf 90' lang='lat' dir='ltr'><strong>alter</strong></span> 
     </span>
     <span class='ocr_line' id='line_1_18' title="bbox 372 2412 3080 2494; baseline -0 -20"><span class='ocrx_word' id='word_1_178' title='bbox 372 2412 599 2475; x_wconf 88' lang='lat' dir='ltr'><strong>fluvius</strong></span> <span class='ocrx_word' id='word_1_179' title='bbox 642 2413 963 2493; x_wconf 86' lang='lat' dir='ltr'><strong>Lykonch</strong></span> <span class='ocrx_word' id='word_1_180' title='bbox 1014 2416 1275 2475; x_wconf 91' lang='lat' dir='ltr'><strong>nomine</strong></span> <span class='ocrx_word' id='word_1_181' title='bbox 1321 2413 1579 2475; x_wconf 89' lang='lat' dir='ltr'><strong>caderet</strong></span> <span class='ocrx_word' id='word_1_182' title='bbox 1624 2416 1689 2473; x_wconf 91' lang='lat' dir='ltr'><strong>in</strong></span> <span class='ocrx_word' id='word_1_183' title='bbox 1733 2416 1943 2494; x_wconf 89' lang='lat' dir='ltr'><strong>ipsum</strong></span> <span class='ocrx_word' id='word_1_184' title='bbox 1993 2413 2216 2493; x_wconf 89' lang='lat' dir='ltr'><strong>Ispyas</strong></span> <span class='ocrx_word' id='word_1_185' title='bbox 2245 2428 2308 2474; x_wconf 93' lang='lat' dir='ltr'><strong>et</strong></span> <span class='ocrx_word' id='word_1_186' title='bbox 2343 2414 2428 2475; x_wconf 91' lang='lat' dir='ltr'><strong>ibi</strong></span> <span class='ocrx_word' id='word_1_187' title='bbox 2473 2424 2685 2474; x_wconf 83' lang='lat' dir='ltr'><strong>essent</strong></span> <span class='ocrx_word' id='word_1_188' title='bbox 2732 2412 2858 2473; x_wconf 91' lang='lat' dir='ltr'><strong>due</strong></span> <span class='ocrx_word' id='word_1_189' title='bbox 2907 2425 3080 2473; x_wconf 88' lang='lat' dir='ltr'><strong>mete</strong></span> 
     </span>
     <span class='ocr_line' id='line_1_19' title="bbox 370 2525 3084 2609; baseline -0.001 -20"><span class='ocrx_word' id='word_1_190' title='bbox 370 2538 441 2589; x_wconf 91' lang='lat' dir='ltr'><strong>et</strong></span> <span class='ocrx_word' id='word_1_191' title='bbox 471 2527 621 2588; x_wconf 88' lang='lat' dir='ltr'><strong>inde</strong></span> <span class='ocrx_word' id='word_1_192' title='bbox 665 2526 969 2588; x_wconf 83' lang='lat' dir='ltr'><strong>exeundo</strong></span> <span class='ocrx_word' id='word_1_193' title='bbox 1014 2526 1275 2588; x_wconf 90' lang='lat' dir='ltr'><strong>fluvium</strong></span> <span class='ocrx_word' id='word_1_194' title='bbox 1322 2527 1783 2609; x_wconf 85' lang='lat' dir='ltr'><strong>progederetur</strong></span> <span class='ocrx_word' id='word_1_195' title='bbox 1814 2530 1994 2588; x_wconf 88' lang='lat' dir='ltr'><strong>iuxta</strong></span> <span class='ocrx_word' id='word_1_196' title='bbox 2025 2527 2236 2605; x_wconf 84' lang='lat' dir='ltr'><strong>sylvas</strong></span> <span class='ocrx_word' id='word_1_197' title='bbox 2267 2538 2332 2588; x_wconf 91' lang='lat' dir='ltr'><strong>et</strong></span> <span class='ocrx_word' id='word_1_198' title='bbox 2364 2529 2721 2606; x_wconf 90' lang='lat' dir='ltr'><strong>perueniret</strong></span> <span class='ocrx_word' id='word_1_199' title='bbox 2753 2525 2838 2586; x_wconf 90' lang='lat' dir='ltr'><strong>ad</strong></span> <span class='ocrx_word' id='word_1_200' title='bbox 2871 2526 3084 2587; x_wconf 91' lang='lat' dir='ltr'><strong>locum</strong></span> 
     </span>
     <span class='ocr_line' id='line_1_20' title="bbox 374 2640 3081 2721; baseline -0 -21"><span class='ocrx_word' id='word_1_201' title='bbox 374 2640 628 2721; x_wconf 85' lang='lat' dir='ltr'><strong>Prisega</strong></span> <span class='ocrx_word' id='word_1_202' title='bbox 673 2652 975 2701; x_wconf 89' lang='lat' dir='ltr'><strong>vocatum</strong></span> <span class='ocrx_word' id='word_1_203' title='bbox 1024 2653 1088 2701; x_wconf 90' lang='lat' dir='ltr'><strong>et</strong></span> <span class='ocrx_word' id='word_1_204' title='bbox 1120 2640 1270 2701; x_wconf 91' lang='lat' dir='ltr'><strong>inde</strong></span> <span class='ocrx_word' id='word_1_205' title='bbox 1301 2644 1363 2701; x_wconf 88' lang='lat' dir='ltr'><strong>in</strong></span> <span class='ocrx_word' id='word_1_206' title='bbox 1398 2641 1724 2701; x_wconf 88' lang='lat' dir='ltr'><strong>montibus</strong></span> <span class='ocrx_word' id='word_1_207' title='bbox 1770 2642 1885 2700; x_wconf 91' lang='lat' dir='ltr'><strong>iret</strong></span> <span class='ocrx_word' id='word_1_208' title='bbox 1931 2640 2172 2701; x_wconf 89' lang='lat' dir='ltr'><strong>directe</strong></span> <span class='ocrx_word' id='word_1_209' title='bbox 2217 2660 2331 2720; x_wconf 90' lang='lat' dir='ltr'><strong>per</strong></span> <span class='ocrx_word' id='word_1_210' title='bbox 2376 2640 2570 2700; x_wconf 87' lang='lat' dir='ltr'><strong>berch</strong></span> <span class='ocrx_word' id='word_1_211' title='bbox 2617 2651 2680 2700; x_wconf 89' lang='lat' dir='ltr'><strong>et</strong></span> <span class='ocrx_word' id='word_1_212' title='bbox 2725 2642 3081 2718; x_wconf 82' lang='lat' dir='ltr'><strong>perveniret</strong></span> 
     </span>
     <span class='ocr_line' id='line_1_21' title="bbox 372 2752 3081 2832; baseline 0 -19"><span class='ocrx_word' id='word_1_213' title='bbox 372 2753 459 2814; x_wconf 91' lang='lat' dir='ltr'><strong>ad</strong></span> <span class='ocrx_word' id='word_1_214' title='bbox 508 2764 797 2815; x_wconf 89' lang='lat' dir='ltr'><strong>montem</strong></span> <span class='ocrx_word' id='word_1_215' title='bbox 865 2753 1131 2815; x_wconf 86' lang='lat' dir='ltr'><strong>Rabfew</strong></span> <span class='ocrx_word' id='word_1_216' title='bbox 1191 2763 1492 2814; x_wconf 85' lang='lat' dir='ltr'><strong>vocatum</strong></span> <span class='ocrx_word' id='word_1_217' title='bbox 1538 2764 1601 2813; x_wconf 91' lang='lat' dir='ltr'><strong>et</strong></span> <span class='ocrx_word' id='word_1_218' title='bbox 1650 2754 1799 2814; x_wconf 90' lang='lat' dir='ltr'><strong>inde</strong></span> <span class='ocrx_word' id='word_1_219' title='bbox 1843 2755 2140 2814; x_wconf 87' lang='lat' dir='ltr'><strong>tenderet</strong></span> <span class='ocrx_word' id='word_1_220' title='bbox 2184 2765 2248 2814; x_wconf 90' lang='lat' dir='ltr'><strong>et</strong></span> <span class='ocrx_word' id='word_1_221' title='bbox 2294 2756 2651 2832; x_wconf 86' lang='lat' dir='ltr'><strong>perveniret</strong></span> <span class='ocrx_word' id='word_1_222' title='bbox 2713 2752 2795 2813; x_wconf 91' lang='lat' dir='ltr'><strong>ad</strong></span> <span class='ocrx_word' id='word_1_223' title='bbox 2866 2753 3081 2813; x_wconf 90' lang='lat' dir='ltr'><strong>locum</strong></span> 
     </span>
     <span class='ocr_line' id='line_1_22' title="bbox 382 2866 3088 2948; baseline -0.001 -20"><span class='ocrx_word' id='word_1_224' title='bbox 382 2867 571 2946; x_wconf 85' lang='lat' dir='ltr'><strong>Plazy</strong></span> <span class='ocrx_word' id='word_1_225' title='bbox 615 2877 938 2943; x_wconf 90' lang='lat' dir='ltr'><strong>vocatum,</strong></span> <span class='ocrx_word' id='word_1_226' title='bbox 968 2867 1075 2928; x_wconf 90' lang='lat' dir='ltr'><strong>vbi</strong></span> <span class='ocrx_word' id='word_1_227' title='bbox 1120 2879 1332 2928; x_wconf 88' lang='lat' dir='ltr'><strong>essent</strong></span> <span class='ocrx_word' id='word_1_228' title='bbox 1377 2866 1503 2929; x_wconf 89' lang='lat' dir='ltr'><strong>due</strong></span> <span class='ocrx_word' id='word_1_229' title='bbox 1550 2878 1721 2928; x_wconf 90' lang='lat' dir='ltr'><strong>mete</strong></span> <span class='ocrx_word' id='word_1_230' title='bbox 1766 2880 1829 2927; x_wconf 89' lang='lat' dir='ltr'><strong>et</strong></span> <span class='ocrx_word' id='word_1_231' title='bbox 1877 2866 2028 2928; x_wconf 92' lang='lat' dir='ltr'><strong>inde</strong></span> <span class='ocrx_word' id='word_1_232' title='bbox 2059 2866 2546 2948; x_wconf 88' lang='lat' dir='ltr'><strong>progrederetur</strong></span> <span class='ocrx_word' id='word_1_233' title='bbox 2595 2868 2834 2928; x_wconf 89' lang='lat' dir='ltr'><strong>directe</strong></span> <span class='ocrx_word' id='word_1_234' title='bbox 2872 2884 3088 2928; x_wconf 88' lang='lat' dir='ltr'><strong>versus</strong></span> 
     </span>
     <span class='ocr_line' id='line_1_23' title="bbox 376 2979 3086 3060; baseline -0.001 -19"><span class='ocrx_word' id='word_1_235' title='bbox 376 2981 709 3042; x_wconf 88' lang='lat' dir='ltr'><strong>meridiem</strong></span> <span class='ocrx_word' id='word_1_236' title='bbox 755 2992 821 3041; x_wconf 91' lang='lat' dir='ltr'><strong>et</strong></span> <span class='ocrx_word' id='word_1_237' title='bbox 867 2982 1223 3060; x_wconf 90' lang='lat' dir='ltr'><strong>perveniret</strong></span> <span class='ocrx_word' id='word_1_238' title='bbox 1269 2980 1353 3042; x_wconf 89' lang='lat' dir='ltr'><strong>ad</strong></span> <span class='ocrx_word' id='word_1_239' title='bbox 1402 2991 1691 3042; x_wconf 90' lang='lat' dir='ltr'><strong>montem</strong></span> <span class='ocrx_word' id='word_1_240' title='bbox 1741 2981 2080 3041; x_wconf 77' lang='lat' dir='ltr'><strong>Komafew</strong></span> <span class='ocrx_word' id='word_1_241' title='bbox 2141 2991 2458 3056; x_wconf 89' lang='lat' dir='ltr'><strong>vocatum,</strong></span> <span class='ocrx_word' id='word_1_242' title='bbox 2504 2981 2608 3040; x_wconf 90' lang='lat' dir='ltr'><strong>vbi</strong></span> <span class='ocrx_word' id='word_1_243' title='bbox 2679 2990 2889 3040; x_wconf 89' lang='lat' dir='ltr'><strong>essent</strong></span> <span class='ocrx_word' id='word_1_244' title='bbox 2957 2979 3086 3040; x_wconf 89' lang='lat' dir='ltr'><strong>due</strong></span> 
     </span>
     <span class='ocr_line' id='line_1_24' title="bbox 376 3093 3080 3173; baseline -0.001 -19"><span class='ocrx_word' id='word_1_245' title='bbox 376 3106 550 3154; x_wconf 89' lang='lat' dir='ltr'><strong>mete</strong></span> <span class='ocrx_word' id='word_1_246' title='bbox 594 3103 659 3154; x_wconf 94' lang='lat' dir='ltr'><strong>et</strong></span> <span class='ocrx_word' id='word_1_247' title='bbox 703 3093 853 3154; x_wconf 90' lang='lat' dir='ltr'><strong>inde</strong></span> <span class='ocrx_word' id='word_1_248' title='bbox 921 3113 1035 3173; x_wconf 88' lang='lat' dir='ltr'><strong>per</strong></span> <span class='ocrx_word' id='word_1_249' title='bbox 1103 3093 1298 3154; x_wconf 89' lang='lat' dir='ltr'><strong>berch</strong></span> <span class='ocrx_word' id='word_1_250' title='bbox 1366 3096 1656 3155; x_wconf 88' lang='lat' dir='ltr'><strong>transiret</strong></span> <span class='ocrx_word' id='word_1_251' title='bbox 1726 3093 1984 3154; x_wconf 88' lang='lat' dir='ltr'><strong>inferius</strong></span> <span class='ocrx_word' id='word_1_252' title='bbox 2030 3093 2114 3155; x_wconf 86' lang='lat' dir='ltr'><strong>ad</strong></span> <span class='ocrx_word' id='word_1_253' title='bbox 2158 3094 2454 3154; x_wconf 87' lang='lat' dir='ltr'><strong>arborem</strong></span> <span class='ocrx_word' id='word_1_254' title='bbox 2515 3093 2670 3166; x_wconf 89' lang='lat' dir='ltr'><strong>thul,</strong></span> <span class='ocrx_word' id='word_1_255' title='bbox 2717 3094 2821 3152; x_wconf 89' lang='lat' dir='ltr'><strong>vbi</strong></span> <span class='ocrx_word' id='word_1_256' title='bbox 2868 3104 3080 3153; x_wconf 89' lang='lat' dir='ltr'><strong>essent</strong></span> 
     </span>
     <span class='ocr_line' id='line_1_25' title="bbox 376 3205 3081 3285; baseline -0 -19"><span class='ocrx_word' id='word_1_257' title='bbox 376 3205 505 3267; x_wconf 90' lang='lat' dir='ltr'><strong>due</strong></span> <span class='ocrx_word' id='word_1_258' title='bbox 574 3216 743 3268; x_wconf 90' lang='lat' dir='ltr'><strong>mete</strong></span> <span class='ocrx_word' id='word_1_259' title='bbox 790 3216 854 3267; x_wconf 92' lang='lat' dir='ltr'><strong>et</strong></span> <span class='ocrx_word' id='word_1_260' title='bbox 898 3227 1013 3285; x_wconf 89' lang='lat' dir='ltr'><strong>per</strong></span> <span class='ocrx_word' id='word_1_261' title='bbox 1079 3206 1357 3268; x_wconf 89' lang='lat' dir='ltr'><strong>eundem</strong></span> <span class='ocrx_word' id='word_1_262' title='bbox 1428 3205 1624 3266; x_wconf 89' lang='lat' dir='ltr'><strong>berch</strong></span> <span class='ocrx_word' id='word_1_263' title='bbox 1686 3210 1801 3266; x_wconf 88' lang='lat' dir='ltr'><strong>iret</strong></span> <span class='ocrx_word' id='word_1_264' title='bbox 1866 3209 1929 3266; x_wconf 92' lang='lat' dir='ltr'><strong>in</strong></span> <span class='ocrx_word' id='word_1_265' title='bbox 1993 3206 2206 3267; x_wconf 90' lang='lat' dir='ltr'><strong>locum</strong></span> <span class='ocrx_word' id='word_1_266' title='bbox 2282 3205 2549 3284; x_wconf 87' lang='lat' dir='ltr'><strong>Kalysta</strong></span> <span class='ocrx_word' id='word_1_267' title='bbox 2617 3216 2932 3279; x_wconf 86' lang='lat' dir='ltr'><strong>vocatum,</strong></span> <span class='ocrx_word' id='word_1_268' title='bbox 2979 3205 3081 3265; x_wconf 90' lang='lat' dir='ltr'><strong>vbi</strong></span> 
     </span>
     <span class='ocr_line' id='line_1_26' title="bbox 376 3319 3079 3400; baseline -0.001 -20"><span class='ocrx_word' id='word_1_269' title='bbox 376 3331 590 3381; x_wconf 83' lang='lat' dir='ltr'><strong>essent</strong></span> <span class='ocrx_word' id='word_1_270' title='bbox 638 3319 767 3380; x_wconf 89' lang='lat' dir='ltr'><strong>due</strong></span> <span class='ocrx_word' id='word_1_271' title='bbox 812 3331 985 3382; x_wconf 91' lang='lat' dir='ltr'><strong>mete</strong></span> <span class='ocrx_word' id='word_1_272' title='bbox 1030 3331 1093 3381; x_wconf 90' lang='lat' dir='ltr'><strong>et</strong></span> <span class='ocrx_word' id='word_1_273' title='bbox 1140 3319 1291 3380; x_wconf 92' lang='lat' dir='ltr'><strong>inde</strong></span> <span class='ocrx_word' id='word_1_274' title='bbox 1336 3321 1451 3380; x_wconf 90' lang='lat' dir='ltr'><strong>iret</strong></span> <span class='ocrx_word' id='word_1_275' title='bbox 1481 3320 1566 3381; x_wconf 92' lang='lat' dir='ltr'><strong>ad</strong></span> <span class='ocrx_word' id='word_1_276' title='bbox 1596 3321 1895 3380; x_wconf 87' lang='lat' dir='ltr'><strong>verticem</strong></span> <span class='ocrx_word' id='word_1_277' title='bbox 1949 3321 2185 3380; x_wconf 92' lang='lat' dir='ltr'><strong>montis</strong></span> <span class='ocrx_word' id='word_1_278' title='bbox 2231 3319 2315 3380; x_wconf 92' lang='lat' dir='ltr'><strong>ad</strong></span> <span class='ocrx_word' id='word_1_279' title='bbox 2361 3335 2665 3400; x_wconf 88' lang='lat' dir='ltr'><strong>magnam</strong></span> <span class='ocrx_word' id='word_1_280' title='bbox 2713 3321 2904 3392; x_wconf 86' lang='lat' dir='ltr'><strong>viam,</strong></span> <span class='ocrx_word' id='word_1_281' title='bbox 2949 3336 3079 3398; x_wconf 90' lang='lat' dir='ltr'><strong>que</strong></span> 
     </span>
     <span class='ocr_line' id='line_1_27' title="bbox 376 3431 3084 3512; baseline -0.001 -18"><span class='ocrx_word' id='word_1_282' title='bbox 376 3432 639 3494; x_wconf 87' lang='lat' dir='ltr'><strong>duceret</strong></span> <span class='ocrx_word' id='word_1_283' title='bbox 686 3435 751 3493; x_wconf 90' lang='lat' dir='ltr'><strong>in</strong></span> <span class='ocrx_word' id='word_1_284' title='bbox 796 3433 1032 3507; x_wconf 88' lang='lat' dir='ltr'><strong>Vrbaz,</strong></span> <span class='ocrx_word' id='word_1_285' title='bbox 1076 3435 1255 3494; x_wconf 85' lang='lat' dir='ltr'><strong>iuxta</strong></span> <span class='ocrx_word' id='word_1_286' title='bbox 1317 3451 1511 3512; x_wconf 91' lang='lat' dir='ltr'><strong>quam</strong></span> <span class='ocrx_word' id='word_1_287' title='bbox 1575 3431 1701 3494; x_wconf 91' lang='lat' dir='ltr'><strong>due</strong></span> <span class='ocrx_word' id='word_1_288' title='bbox 1763 3443 1936 3493; x_wconf 86' lang='lat' dir='ltr'><strong>mete</strong></span> <span class='ocrx_word' id='word_1_289' title='bbox 1997 3443 2206 3494; x_wconf 85' lang='lat' dir='ltr'><strong>essent</strong></span> <span class='ocrx_word' id='word_1_290' title='bbox 2253 3434 2430 3493; x_wconf 88' lang='lat' dir='ltr'><strong>iuxta</strong></span> <span class='ocrx_word' id='word_1_291' title='bbox 2480 3441 2684 3492; x_wconf 86' lang='lat' dir='ltr'><strong>metas</strong></span> <span class='ocrx_word' id='word_1_292' title='bbox 2729 3442 2976 3492; x_wconf 87' lang='lat' dir='ltr'><strong>veteres</strong></span> <span class='ocrx_word' id='word_1_293' title='bbox 3021 3444 3084 3491; x_wconf 90' lang='lat' dir='ltr'><strong>et</strong></span> 
     </span>
     <span class='ocr_line' id='line_1_28' title="bbox 376 3530 3084 3626; baseline -0.001 -20"><span class='ocrx_word' id='word_1_294' title='bbox 376 3565 492 3626; x_wconf 89' lang='lat' dir='ltr'><strong>per</strong></span> <span class='ocrx_word' id='word_1_295' title='bbox 536 3546 809 3608; x_wconf 91' lang='lat' dir='ltr'><strong>eandem</strong></span> <span class='ocrx_word' id='word_1_296' title='bbox 860 3549 1025 3606; x_wconf 89' lang='lat' dir='ltr'><strong>viam</strong></span> <span class='ocrx_word' id='word_1_297' title='bbox 1074 3546 1365 3606; x_wconf 88' lang='lat' dir='ltr'><strong>tenderet</strong></span> <span class='ocrx_word' id='word_1_298' title='bbox 1410 3565 1613 3624; x_wconf 88' lang='lat' dir='ltr'><strong>usque</strong></span> <span class='ocrx_word' id='word_1_299' title='bbox 1642 3530 2065 3606; x_wconf 50' lang='lat' dir='ltr'><strong>&#39;occidentem</strong></span> <span class='ocrx_word' id='word_1_300' title='bbox 2097 3545 2180 3605; x_wconf 89' lang='lat' dir='ltr'><strong>ad</strong></span> <span class='ocrx_word' id='word_1_301' title='bbox 2214 3544 2376 3606; x_wconf 87' lang='lat' dir='ltr'><strong>duas</strong></span> <span class='ocrx_word' id='word_1_302' title='bbox 2421 3544 2682 3606; x_wconf 88' lang='lat' dir='ltr'><strong>arbores</strong></span> <span class='ocrx_word' id='word_1_303' title='bbox 2713 3543 2867 3617; x_wconf 89' lang='lat' dir='ltr'><strong>thul,</strong></span> <span class='ocrx_word' id='word_1_304' title='bbox 2908 3546 3084 3604; x_wconf 85' lang='lat' dir='ltr'><strong>iuxta</strong></span> 
     </span>
     <span class='ocr_line' id='line_1_29' title="bbox 374 3656 3084 3738; baseline -0.001 -18"><span class='ocrx_word' id='word_1_305' title='bbox 374 3677 536 3738; x_wconf 91' lang='lat' dir='ltr'><strong>quas</strong></span> <span class='ocrx_word' id='word_1_306' title='bbox 580 3668 792 3720; x_wconf 85' lang='lat' dir='ltr'><strong>essent</strong></span> <span class='ocrx_word' id='word_1_307' title='bbox 837 3658 965 3720; x_wconf 92' lang='lat' dir='ltr'><strong>due</strong></span> <span class='ocrx_word' id='word_1_308' title='bbox 1010 3669 1181 3719; x_wconf 91' lang='lat' dir='ltr'><strong>mete</strong></span> <span class='ocrx_word' id='word_1_309' title='bbox 1234 3669 1299 3720; x_wconf 94' lang='lat' dir='ltr'><strong>et</strong></span> <span class='ocrx_word' id='word_1_310' title='bbox 1347 3660 1497 3719; x_wconf 92' lang='lat' dir='ltr'><strong>inde</strong></span> <span class='ocrx_word' id='word_1_311' title='bbox 1542 3659 1960 3720; x_wconf 88' lang='lat' dir='ltr'><strong>diverteretur</strong></span> <span class='ocrx_word' id='word_1_312' title='bbox 1989 3658 2072 3718; x_wconf 88' lang='lat' dir='ltr'><strong>de</strong></span> <span class='ocrx_word' id='word_1_313' title='bbox 2105 3661 2202 3718; x_wconf 90' lang='lat' dir='ltr'><strong>via</strong></span> <span class='ocrx_word' id='word_1_314' title='bbox 2236 3677 2450 3719; x_wconf 86' lang='lat' dir='ltr'><strong>versus</strong></span> <span class='ocrx_word' id='word_1_315' title='bbox 2495 3657 2826 3719; x_wconf 88' lang='lat' dir='ltr'><strong>meridiem</strong></span> <span class='ocrx_word' id='word_1_316' title='bbox 2867 3656 3084 3717; x_wconf 90' lang='lat' dir='ltr'><strong>eundo</strong></span> 
     </span>
     <span class='ocr_line' id='line_1_30' title="bbox 374 3770 3086 3851; baseline -0.001 -19"><span class='ocrx_word' id='word_1_317' title='bbox 374 3791 490 3851; x_wconf 90' lang='lat' dir='ltr'><strong>per</strong></span> <span class='ocrx_word' id='word_1_318' title='bbox 536 3771 744 3845; x_wconf 88' lang='lat' dir='ltr'><strong>valles,</strong></span> <span class='ocrx_word' id='word_1_319' title='bbox 806 3770 1179 3832; x_wconf 87' lang='lat' dir='ltr'><strong>ascenderet</strong></span> <span class='ocrx_word' id='word_1_320' title='bbox 1225 3771 1311 3832; x_wconf 92' lang='lat' dir='ltr'><strong>ad</strong></span> <span class='ocrx_word' id='word_1_321' title='bbox 1372 3781 1663 3832; x_wconf 88' lang='lat' dir='ltr'><strong>montem</strong></span> <span class='ocrx_word' id='word_1_322' title='bbox 1726 3771 1940 3846; x_wconf 88' lang='lat' dir='ltr'><strong>alium,</strong></span> <span class='ocrx_word' id='word_1_323' title='bbox 2001 3774 2104 3850; x_wconf 90' lang='lat' dir='ltr'><strong>qui</strong></span> <span class='ocrx_word' id='word_1_324' title='bbox 2155 3783 2367 3832; x_wconf 87' lang='lat' dir='ltr'><strong>essent</strong></span> <span class='ocrx_word' id='word_1_325' title='bbox 2412 3773 2574 3832; x_wconf 90' lang='lat' dir='ltr'><strong>inter</strong></span> <span class='ocrx_word' id='word_1_326' title='bbox 2620 3770 2974 3832; x_wconf 89' lang='lat' dir='ltr'><strong>Rakouech</strong></span> <span class='ocrx_word' id='word_1_327' title='bbox 3021 3782 3086 3829; x_wconf 90' lang='lat' dir='ltr'><strong>et</strong></span> 
     </span>
     <span class='ocr_line' id='line_1_31' title="bbox 378 3883 3086 3963; baseline -0.001 -19"><span class='ocrx_word' id='word_1_328' title='bbox 378 3885 769 3963; x_wconf 78' lang='lat' dir='ltr'><strong>Istrobycha‚</strong></span> <span class='ocrx_word' id='word_1_329' title='bbox 816 3885 921 3945; x_wconf 90' lang='lat' dir='ltr'><strong>vbi</strong></span> <span class='ocrx_word' id='word_1_330' title='bbox 968 3895 1181 3945; x_wconf 86' lang='lat' dir='ltr'><strong>essent</strong></span> <span class='ocrx_word' id='word_1_331' title='bbox 1226 3884 1352 3946; x_wconf 91' lang='lat' dir='ltr'><strong>due</strong></span> <span class='ocrx_word' id='word_1_332' title='bbox 1400 3895 1573 3946; x_wconf 92' lang='lat' dir='ltr'><strong>mete</strong></span> <span class='ocrx_word' id='word_1_333' title='bbox 1617 3897 1683 3945; x_wconf 92' lang='lat' dir='ltr'><strong>et</strong></span> <span class='ocrx_word' id='word_1_334' title='bbox 1728 3885 1877 3944; x_wconf 90' lang='lat' dir='ltr'><strong>inde</strong></span> <span class='ocrx_word' id='word_1_335' title='bbox 1925 3884 2162 3946; x_wconf 88' lang='lat' dir='ltr'><strong>directe</strong></span> <span class='ocrx_word' id='word_1_336' title='bbox 2209 3883 2622 3944; x_wconf 90' lang='lat' dir='ltr'><strong>ascendendo</strong></span> <span class='ocrx_word' id='word_1_337' title='bbox 2669 3903 2782 3962; x_wconf 88' lang='lat' dir='ltr'><strong>per</strong></span> <span class='ocrx_word' id='word_1_338' title='bbox 2830 3893 3086 3944; x_wconf 87' lang='lat' dir='ltr'><strong>montes</strong></span> 
     </span>
     <span class='ocr_line' id='line_1_32' title="bbox 374 3997 3086 4076; baseline -0.001 -18"><span class='ocrx_word' id='word_1_339' title='bbox 374 3998 729 4076; x_wconf 88' lang='lat' dir='ltr'><strong>perveniret</strong></span> <span class='ocrx_word' id='word_1_340' title='bbox 796 3997 881 4058; x_wconf 86' lang='lat' dir='ltr'><strong>ad</strong></span> <span class='ocrx_word' id='word_1_341' title='bbox 948 4007 1239 4058; x_wconf 89' lang='lat' dir='ltr'><strong>montem</strong></span> <span class='ocrx_word' id='word_1_342' title='bbox 1308 3997 1626 4071; x_wconf 88' lang='lat' dir='ltr'><strong>alciorem,</strong></span> <span class='ocrx_word' id='word_1_343' title='bbox 1695 3999 1759 4057; x_wconf 90' lang='lat' dir='ltr'><strong>in</strong></span> <span class='ocrx_word' id='word_1_344' title='bbox 1805 3999 1981 4058; x_wconf 89' lang='lat' dir='ltr'><strong>cuius</strong></span> <span class='ocrx_word' id='word_1_345' title='bbox 2050 3999 2281 4058; x_wconf 87' lang='lat' dir='ltr'><strong>vertice</strong></span> <span class='ocrx_word' id='word_1_346' title='bbox 2349 4008 2559 4057; x_wconf 86' lang='lat' dir='ltr'><strong>essent</strong></span> <span class='ocrx_word' id='word_1_347' title='bbox 2629 3997 2756 4057; x_wconf 90' lang='lat' dir='ltr'><strong>due</strong></span> <span class='ocrx_word' id='word_1_348' title='bbox 2804 4007 2976 4056; x_wconf 90' lang='lat' dir='ltr'><strong>mete</strong></span> <span class='ocrx_word' id='word_1_349' title='bbox 3023 4006 3086 4056; x_wconf 88' lang='lat' dir='ltr'><strong>et</strong></span> 
     </span>
     <span class='ocr_line' id='line_1_33' title="bbox 372 4108 3087 4190; baseline -0 -20"><span class='ocrx_word' id='word_1_350' title='bbox 372 4108 525 4170; x_wconf 90' lang='lat' dir='ltr'><strong>inde</strong></span> <span class='ocrx_word' id='word_1_351' title='bbox 571 4128 683 4189; x_wconf 89' lang='lat' dir='ltr'><strong>per</strong></span> <span class='ocrx_word' id='word_1_352' title='bbox 730 4119 983 4171; x_wconf 89' lang='lat' dir='ltr'><strong>montes</strong></span> <span class='ocrx_word' id='word_1_353' title='bbox 1029 4120 1092 4171; x_wconf 89' lang='lat' dir='ltr'><strong>et</strong></span> <span class='ocrx_word' id='word_1_354' title='bbox 1137 4110 1333 4172; x_wconf 89' lang='lat' dir='ltr'><strong>valles</strong></span> <span class='ocrx_word' id='word_1_355' title='bbox 1392 4109 1609 4171; x_wconf 92' lang='lat' dir='ltr'><strong>eundo</strong></span> <span class='ocrx_word' id='word_1_356' title='bbox 1676 4113 2034 4190; x_wconf 89' lang='lat' dir='ltr'><strong>perveniret</strong></span> <span class='ocrx_word' id='word_1_357' title='bbox 2082 4109 2164 4170; x_wconf 92' lang='lat' dir='ltr'><strong>ad</strong></span> <span class='ocrx_word' id='word_1_358' title='bbox 2211 4109 2423 4170; x_wconf 89' lang='lat' dir='ltr'><strong>villam</strong></span> <span class='ocrx_word' id='word_1_359' title='bbox 2487 4109 2770 4190; x_wconf 85' lang='lat' dir='ltr'><strong>Symiga‚</strong></span> <span class='ocrx_word' id='word_1_360' title='bbox 2819 4128 2946 4187; x_wconf 90' lang='lat' dir='ltr'><strong>que</strong></span> <span class='ocrx_word' id='word_1_361' title='bbox 2993 4129 3087 4169; x_wconf 86' lang='lat' dir='ltr'><strong>re-</strong></span> 
     </span>
     <span class='ocr_line' id='line_1_34' title="bbox 378 4222 3090 4302; baseline -0 -20"><span class='ocrx_word' id='word_1_362' title='bbox 378 4235 665 4283; x_wconf 88' lang='lat' dir='ltr'><strong>maneret</strong></span> <span class='ocrx_word' id='word_1_363' title='bbox 709 4243 748 4282; x_wconf 88' lang='lat' dir='ltr'><strong>a</strong></span> <span class='ocrx_word' id='word_1_364' title='bbox 794 4225 1055 4284; x_wconf 86' lang='lat' dir='ltr'><strong>sinistris</strong></span> <span class='ocrx_word' id='word_1_365' title='bbox 1101 4235 1165 4284; x_wconf 91' lang='lat' dir='ltr'><strong>et</strong></span> <span class='ocrx_word' id='word_1_366' title='bbox 1209 4223 1361 4283; x_wconf 90' lang='lat' dir='ltr'><strong>inde</strong></span> <span class='ocrx_word' id='word_1_367' title='bbox 1421 4223 1786 4284; x_wconf 90' lang='lat' dir='ltr'><strong>incedendo</strong></span> <span class='ocrx_word' id='word_1_368' title='bbox 1832 4242 1947 4302; x_wconf 91' lang='lat' dir='ltr'><strong>per</strong></span> <span class='ocrx_word' id='word_1_369' title='bbox 1995 4233 2248 4282; x_wconf 88' lang='lat' dir='ltr'><strong>montes</strong></span> <span class='ocrx_word' id='word_1_370' title='bbox 2295 4235 2359 4282; x_wconf 92' lang='lat' dir='ltr'><strong>et</strong></span> <span class='ocrx_word' id='word_1_371' title='bbox 2405 4222 2600 4284; x_wconf 90' lang='lat' dir='ltr'><strong>valles</strong></span> <span class='ocrx_word' id='word_1_372' title='bbox 2663 4222 2902 4282; x_wconf 87' lang='lat' dir='ltr'><strong>directe</strong></span> <span class='ocrx_word' id='word_1_373' title='bbox 2949 4241 3090 4301; x_wconf 91' lang='lat' dir='ltr'><strong>per-</strong></span> 
     </span>
     <span class='ocr_line' id='line_1_35' title="bbox 376 4335 3090 4406; baseline -0 -10"><span class='ocrx_word' id='word_1_374' title='bbox 376 4337 623 4396; x_wconf 90' lang='lat' dir='ltr'><strong>ueniret</strong></span> <span class='ocrx_word' id='word_1_375' title='bbox 682 4335 765 4396; x_wconf 91' lang='lat' dir='ltr'><strong>ad</strong></span> <span class='ocrx_word' id='word_1_376' title='bbox 830 4348 1120 4397; x_wconf 89' lang='lat' dir='ltr'><strong>montem</strong></span> <span class='ocrx_word' id='word_1_377' title='bbox 1181 4335 1605 4398; x_wconf 85' lang='lat' dir='ltr'><strong>Thodinasew</strong></span> <span class='ocrx_word' id='word_1_378' title='bbox 1668 4346 1984 4406; x_wconf 88' lang='lat' dir='ltr'><strong>vocatum,</strong></span> <span class='ocrx_word' id='word_1_379' title='bbox 2032 4335 2134 4396; x_wconf 94' lang='lat' dir='ltr'><strong>vbi</strong></span> <span class='ocrx_word' id='word_1_380' title='bbox 2182 4346 2394 4396; x_wconf 89' lang='lat' dir='ltr'><strong>essent</strong></span> <span class='ocrx_word' id='word_1_381' title='bbox 2441 4335 2566 4396; x_wconf 92' lang='lat' dir='ltr'><strong>due</strong></span> <span class='ocrx_word' id='word_1_382' title='bbox 2615 4345 2784 4395; x_wconf 89' lang='lat' dir='ltr'><strong>mete</strong></span> <span class='ocrx_word' id='word_1_383' title='bbox 2831 4346 2896 4395; x_wconf 90' lang='lat' dir='ltr'><strong>et</strong></span> <span class='ocrx_word' id='word_1_384' title='bbox 2940 4335 3090 4395; x_wconf 88' lang='lat' dir='ltr'><strong>inde</strong></span> 
     </span>
     <span class='ocr_line' id='line_1_36' title="bbox 376 4445 3086 4528; baseline -0 -21"><span class='ocrx_word' id='word_1_385' title='bbox 376 4447 614 4509; x_wconf 91' lang='lat' dir='ltr'><strong>directe</strong></span> <span class='ocrx_word' id='word_1_386' title='bbox 660 4451 774 4508; x_wconf 89' lang='lat' dir='ltr'><strong>iret</strong></span> <span class='ocrx_word' id='word_1_387' title='bbox 819 4450 882 4508; x_wconf 91' lang='lat' dir='ltr'><strong>in</strong></span> <span class='ocrx_word' id='word_1_388' title='bbox 930 4445 1113 4510; x_wconf 88' lang='lat' dir='ltr'><strong>Gosd</strong></span> <span class='ocrx_word' id='word_1_389' title='bbox 1160 4461 1223 4510; x_wconf 88' lang='lat' dir='ltr'><strong>et</strong></span> <span class='ocrx_word' id='word_1_390' title='bbox 1269 4449 1485 4510; x_wconf 89' lang='lat' dir='ltr'><strong>eundo</strong></span> <span class='ocrx_word' id='word_1_391' title='bbox 1532 4468 1645 4528; x_wconf 89' lang='lat' dir='ltr'><strong>per</strong></span> <span class='ocrx_word' id='word_1_392' title='bbox 1689 4451 1895 4527; x_wconf 89' lang='lat' dir='ltr'><strong>ipsum</strong></span> <span class='ocrx_word' id='word_1_393' title='bbox 1947 4447 2129 4509; x_wconf 89' lang='lat' dir='ltr'><strong>Gosd</strong></span> <span class='ocrx_word' id='word_1_394' title='bbox 2186 4450 2476 4508; x_wconf 87' lang='lat' dir='ltr'><strong>transiret</strong></span> <span class='ocrx_word' id='word_1_395' title='bbox 2525 4450 2586 4508; x_wconf 90' lang='lat' dir='ltr'><strong>in</strong></span> <span class='ocrx_word' id='word_1_396' title='bbox 2639 4447 2902 4509; x_wconf 82' lang='lat' dir='ltr'><strong>fluvium</strong></span> <span class='ocrx_word' id='word_1_397' title='bbox 2949 4447 3086 4508; x_wconf 91' lang='lat' dir='ltr'><strong>Me-</strong></span> 
     </span>
     <span class='ocr_line' id='line_1_37' title="bbox 374 4559 3087 4638; baseline 0 -18"><span class='ocrx_word' id='word_1_398' title='bbox 374 4559 657 4638; x_wconf 89' lang='lat' dir='ltr'><strong>senycha</strong></span> <span class='ocrx_word' id='word_1_399' title='bbox 732 4572 794 4621; x_wconf 91' lang='lat' dir='ltr'><strong>et</strong></span> <span class='ocrx_word' id='word_1_400' title='bbox 868 4563 955 4622; x_wconf 90' lang='lat' dir='ltr'><strong>ita</strong></span> <span class='ocrx_word' id='word_1_401' title='bbox 1029 4564 1517 4622; x_wconf 89' lang='lat' dir='ltr'><strong>terminarentur</strong></span> <span class='ocrx_word' id='word_1_402' title='bbox 1579 4572 1749 4622; x_wconf 91' lang='lat' dir='ltr'><strong>mete</strong></span> <span class='ocrx_word' id='word_1_403' title='bbox 1827 4561 1910 4621; x_wconf 91' lang='lat' dir='ltr'><strong>de</strong></span> <span class='ocrx_word' id='word_1_404' title='bbox 1981 4561 2217 4622; x_wconf 90' lang='lat' dir='ltr'><strong>Wrbaz</strong></span> <span class='ocrx_word' id='word_1_405' title='bbox 2278 4560 2360 4621; x_wconf 87' lang='lat' dir='ltr'><strong>de</strong></span> <span class='ocrx_word' id='word_1_406' title='bbox 2431 4559 2862 4638; x_wconf 88' lang='lat' dir='ltr'><strong>Mesenyche;</strong></span> <span class='ocrx_word' id='word_1_407' title='bbox 2933 4571 3087 4621; x_wconf 93' lang='lat' dir='ltr'><strong>tunc</strong></span> 
     </span>
     <span class='ocr_line' id='line_1_38' title="bbox 372 4671 3084 4754; baseline 0 -20"><span class='ocrx_word' id='word_1_408' title='bbox 372 4673 634 4734; x_wconf 86' lang='lat' dir='ltr'><strong>caderet</strong></span> <span class='ocrx_word' id='word_1_409' title='bbox 684 4675 745 4733; x_wconf 90' lang='lat' dir='ltr'><strong>in</strong></span> <span class='ocrx_word' id='word_1_410' title='bbox 792 4692 1029 4754; x_wconf 90' lang='lat' dir='ltr'><strong>aquam</strong></span> <span class='ocrx_word' id='word_1_411' title='bbox 1089 4674 1554 4753; x_wconf 84' lang='lat' dir='ltr'><strong>Thempnisew,</strong></span> <span class='ocrx_word' id='word_1_412' title='bbox 1600 4692 1726 4753; x_wconf 92' lang='lat' dir='ltr'><strong>que</strong></span> <span class='ocrx_word' id='word_1_413' title='bbox 1773 4682 1937 4734; x_wconf 86' lang='lat' dir='ltr'><strong>esset</strong></span> <span class='ocrx_word' id='word_1_414' title='bbox 1999 4674 2208 4752; x_wconf 86' lang='lat' dir='ltr'><strong>prima</strong></span> <span class='ocrx_word' id='word_1_415' title='bbox 2269 4683 2442 4733; x_wconf 89' lang='lat' dir='ltr'><strong>meta</strong></span> <span class='ocrx_word' id='word_1_416' title='bbox 2491 4674 2652 4733; x_wconf 89' lang='lat' dir='ltr'><strong>inter</strong></span> <span class='ocrx_word' id='word_1_417' title='bbox 2696 4671 3084 4751; x_wconf 90' lang='lat' dir='ltr'><strong>Dubycham</strong></span> 
     </span>
     <span class='ocr_line' id='line_1_39' title="bbox 374 4785 3086 4866; baseline 0 -20"><span class='ocrx_word' id='word_1_418' title='bbox 374 4797 441 4846; x_wconf 91' lang='lat' dir='ltr'><strong>et</strong></span> <span class='ocrx_word' id='word_1_419' title='bbox 488 4785 743 4858; x_wconf 89' lang='lat' dir='ltr'><strong>Zauam,</strong></span> <span class='ocrx_word' id='word_1_420' title='bbox 790 4785 940 4847; x_wconf 91' lang='lat' dir='ltr'><strong>inde</strong></span> <span class='ocrx_word' id='word_1_421' title='bbox 986 4785 1433 4866; x_wconf 88' lang='lat' dir='ltr'><strong>Thempnifew</strong></span> <span class='ocrx_word' id='word_1_422' title='bbox 1480 4786 1857 4848; x_wconf 83' lang='lat' dir='ltr'><strong>ascenderet</strong></span> <span class='ocrx_word' id='word_1_423' title='bbox 1903 4786 1986 4847; x_wconf 92' lang='lat' dir='ltr'><strong>ad</strong></span> <span class='ocrx_word' id='word_1_424' title='bbox 2035 4786 2358 4865; x_wconf 88' lang='lat' dir='ltr'><strong>quendam</strong></span> <span class='ocrx_word' id='word_1_425' title='bbox 2411 4785 2834 4847; x_wconf 88' lang='lat' dir='ltr'><strong>monticulum</strong></span> <span class='ocrx_word' id='word_1_426' title='bbox 2869 4805 3086 4847; x_wconf 88' lang='lat' dir='ltr'><strong>versus</strong></span> 
     </span>
     <span class='ocr_line' id='line_1_40' title="bbox 375 4898 3088 4985; baseline 0 -26"><span class='ocrx_word' id='word_1_427' title='bbox 375 4898 782 4985; x_wconf 85' lang='lat' dir='ltr'><strong>occidentem</strong></span> <span class='ocrx_word' id='word_1_428' title='bbox 828 4909 892 4960; x_wconf 90' lang='lat' dir='ltr'><strong>et</strong></span> <span class='ocrx_word' id='word_1_429' title='bbox 935 4899 1355 4978; x_wconf 90' lang='lat' dir='ltr'><strong>procedendo</strong></span> <span class='ocrx_word' id='word_1_430' title='bbox 1402 4919 1517 4979; x_wconf 87' lang='lat' dir='ltr'><strong>per</strong></span> <span class='ocrx_word' id='word_1_431' title='bbox 1560 4903 1765 4979; x_wconf 89' lang='lat' dir='ltr'><strong>ipsum</strong></span> <span class='ocrx_word' id='word_1_432' title='bbox 1818 4898 2240 4960; x_wconf 90' lang='lat' dir='ltr'><strong>monticulum</strong></span> <span class='ocrx_word' id='word_1_433' title='bbox 2306 4899 2772 4978; x_wconf 86' lang='lat' dir='ltr'><strong>aliquantulum</strong></span> <span class='ocrx_word' id='word_1_434' title='bbox 2822 4899 3088 4960; x_wconf 88' lang='lat' dir='ltr'><strong>descen-</strong></span> 
     </span>
     <span class='ocr_line' id='line_1_41' title="bbox 308 5010 3087 5091; baseline -0 -19"><span class='ocrx_word' id='word_1_435' title='bbox 308 5055 315 5060; x_wconf 81' lang='lat'><strong>·</strong></span> <span class='ocrx_word' id='word_1_436' title='bbox 375 5011 562 5072; x_wconf 89' lang='lat' dir='ltr'><strong>deret</strong></span> <span class='ocrx_word' id='word_1_437' title='bbox 610 5013 675 5071; x_wconf 89' lang='lat' dir='ltr'><strong>in</strong></span> <span class='ocrx_word' id='word_1_438' title='bbox 722 5010 989 5072; x_wconf 89' lang='lat' dir='ltr'><strong>rivulum</strong></span> <span class='ocrx_word' id='word_1_439' title='bbox 1037 5015 1299 5072; x_wconf 90' lang='lat' dir='ltr'><strong>nomine</strong></span> <span class='ocrx_word' id='word_1_440' title='bbox 1346 5012 1739 5090; x_wconf 87' lang='lat' dir='ltr'><strong>Mesenycha</strong></span> <span class='ocrx_word' id='word_1_441' title='bbox 1771 5024 1832 5072; x_wconf 88' lang='lat' dir='ltr'><strong>et</strong></span> <span class='ocrx_word' id='word_1_442' title='bbox 1864 5031 1979 5091; x_wconf 87' lang='lat' dir='ltr'><strong>per</strong></span> <span class='ocrx_word' id='word_1_443' title='bbox 2023 5012 2303 5072; x_wconf 91' lang='lat' dir='ltr'><strong>eundem</strong></span> <span class='ocrx_word' id='word_1_444' title='bbox 2350 5012 2617 5073; x_wconf 88' lang='lat' dir='ltr'><strong>rivulum</strong></span> <span class='ocrx_word' id='word_1_445' title='bbox 2668 5013 3087 5073; x_wconf 89' lang='lat' dir='ltr'><strong>descenderet</strong></span> 
     </span>
     <span class='ocr_line' id='line_1_42' title="bbox 374 5124 3088 5206; baseline 0.001 -22"><span class='ocrx_word' id='word_1_446' title='bbox 374 5143 492 5204; x_wconf 89' lang='lat' dir='ltr'><strong>per</strong></span> <span class='ocrx_word' id='word_1_447' title='bbox 544 5141 853 5206; x_wconf 88' lang='lat' dir='ltr'><strong>magnum</strong></span> <span class='ocrx_word' id='word_1_448' title='bbox 914 5127 1221 5204; x_wconf 90' lang='lat' dir='ltr'><strong>spacium,</strong></span> <span class='ocrx_word' id='word_1_449' title='bbox 1268 5125 1371 5186; x_wconf 88' lang='lat' dir='ltr'><strong>vbi</strong></span> <span class='ocrx_word' id='word_1_450' title='bbox 1430 5124 1744 5205; x_wconf 85' lang='lat' dir='ltr'><strong>Jelawech</strong></span> <span class='ocrx_word' id='word_1_451' title='bbox 1806 5124 2048 5203; x_wconf 85' lang='lat' dir='ltr'><strong>pathak</strong></span> <span class='ocrx_word' id='word_1_452' title='bbox 2106 5124 2364 5185; x_wconf 90' lang='lat' dir='ltr'><strong>caderet</strong></span> <span class='ocrx_word' id='word_1_453' title='bbox 2408 5127 2468 5185; x_wconf 92' lang='lat' dir='ltr'><strong>in</strong></span> <span class='ocrx_word' id='word_1_454' title='bbox 2519 5125 2972 5206; x_wconf 84' lang='lat' dir='ltr'><strong>Mesenycham</strong></span> <span class='ocrx_word' id='word_1_455' title='bbox 3024 5139 3088 5187; x_wconf 90' lang='lat' dir='ltr'><strong>et</strong></span> 
     </span>
    </p>
   </div>
   <div class='ocr_carea' id='block_1_3' title="bbox 3743 816 3747 1321">
    <p class='ocr_par' dir='ltr' id='par_1_3' title="bbox 3743 816 3747 1321">
     <span class='ocr_line' id='line_1_43' title="bbox 3743 816 3747 1321; baseline 0 0"><span class='ocrx_word' id='word_1_456' title='bbox 3743 816 3747 1321; x_wconf 95' lang='lat' dir='ltr'><strong> </strong></span> 
     </span>
    </p>
   </div>
   <div class='ocr_carea' id='block_1_4' title="bbox 3744 2274 3748 2900">
    <p class='ocr_par' dir='ltr' id='par_1_4' title="bbox 3744 2274 3748 2900">
     <span class='ocr_line' id='line_1_44' title="bbox 3744 2274 3748 2900; baseline 0 0"><span class='ocrx_word' id='word_1_457' title='bbox 3744 2274 3748 2900; x_wconf 95' lang='lat' dir='ltr'><strong> </strong></span> 
     </span>
    </p>
   </div>
  </div>
 </body>
</html>
