3797 5795
1651 372 2059 436 —377—

1763 607 1955 688 859.

527 765 710 842 1266,
751 762 814 827 8.
861 759 1124 844 aprile..
1171 759 1229 825 U
1273 759 1574 825 Kotoru.

663 931 914 1017 Bz‘skup
959 929 1262 995 kotorski
1295 931 1692 1016 polvrcljuje
1741 907 2355 993 Domz'm'ka‘r'zcima
2402 921 2607 990 cr'kvu
2654 947 2748 989 sv.
2802 926 3044 989 Pavla.

681 1107 864 1170 Anno
933 1109 1384 1168 incarnationis
1449 1107 1690 1168 domini
1765 1103 2206 1180 MCCLXVI,
2270 1106 2505 1165 mensis
2564 1103 2793 1184 apriliS,
2854 1101 3027 1166 VIII.
3088 1103 3192 1163 die

513 1225 786 1294 intrante,
833 1221 1178 1282 indictione
1215 1220 1340 1293 lx,
1386 1219 1640 1280 Marcus
1696 1222 2103 1281 miseratione
2147 1219 2359 1280 divina
2404 1221 2742 1297 episcopus
2789 1215 3190 1280 Catharensis

517 1335 797 1396 universis
843 1332 1067 1398 Christi
1103 1333 1396 1395 fidelibus
1440 1343 1768 1412 presentes
1813 1333 2051 1394 litteras
2096 1333 2471 1412 inspecturis
2522 1331 2790 1392 salutem
2826 1334 2887 1392 in
2920 1330 3186 1391 domino

511 1450 962 1526 sempiternam.
1029 1447 1430 1510 Universitati
1501 1457 1706 1508 vestre
1773 1446 2079 1508 duximus
2146 1445 2651 1528 significandum,
2710 1444 2887 1524 quod
2956 1444 3185 1506 Paulus

507 1559 664 1622 filius
717 1560 913 1620 Bosce
975 1572 1286 1641 cognatus
1347 1570 1562 1621 noster
1623 1560 1854 1620 nobilis
1916 1561 2067 1621 civis
2114 1557 2515 1622 Catharensis
2560 1577 2705 1619 cum
2754 1560 3024 1639 coniuge
3070 1576 3182 1618 sua

507 1671 714 1734 Dobre
755 1693 969 1734 sorore
1015 1684 1231 1736 nostra
1262 1693 1480 1736 eoram
1513 1675 1699 1735 nobis
1729 1675 2055 1735 constituti
2101 1683 2623 1753 presentaverunt
2670 1682 3001 1750 tamquam
3048 1674 3181 1732 eius

503 1789 734 1864 patroni
799 1786 1058 1868 legitimi
1121 1787 1452 1848 ecclesiam
1515 1791 1714 1848 sancti
1779 1786 1973 1862 Pauli,
2018 1805 2144 1866 que
2204 1798 2301 1847 est
2360 1788 2539 1847 iuxta
2598 1785 2929 1847 ecclesiam
2976 1786 3178 1846 saneti

503 1898 850 1977 Tryphonis
895 1900 1347 1974 cathedralem,
1379 1921 1574 1980 quam
1605 1903 1874 1980 propriis
1920 1904 2219 1980 expensis
2264 1898 2734 1974 edificaverunt,
2763 1911 2980 1960 tamen
3028 1917 3171 1959 cum

497 2013 628 2071 sine
668 2011 896 2073 herede
940 2024 1150 2074 essent
1198 2015 1451 2088 carnali,
1495 2017 1712 2094 spiritu
1761 2024 1983 2075 sancto
2032 2015 2392 2093 inspirante,
2424 2013 2541 2073 sibi
2574 2033 2691 2092 pro
2722 2011 2863 2073 filiis
2907 2012 3173 2092 adopta-

497 2135 702 2185 verunt
769 2125 1026 2186 fratrem
1097 2127 1478 2188 Michaelem
1545 2130 1822 2206 priorem
1898 2128 2162 2188 fratrum
2232 2126 2471 2188 ordinis
2546 2126 3021 2188 predicatorum
3087 2127 3171 2187 de

497 2236 758 2318 Ragusio
803 2249 865 2299 et
915 2237 1192 2302 Catharo
1239 2251 1304 2301 et
1351 2241 1572 2302 fratres
1617 2241 2006 2315 Florianum,
2037 2240 2456 2320 Tryphonem
2502 2250 2566 2301 et
2613 2240 2904 2302 Marcum
2950 2241 3169 2301 fratres

491 2363 824 2412 conventus
870 2352 1188 2432 Ragusini,
1235 2357 1370 2414 vice
1415 2355 1620 2415 fratris
1665 2354 1993 2416 Michaelis
2038 2354 2347 2436 generalis
2394 2355 2675 2436 magistri
2736 2353 3021 2415 eiusdem
3068 2373 3167 2413 or-

493 2461 658 2536 dinis,
703 2477 770 2525 ut
829 2466 966 2543 ipse
1026 2466 1188 2526 ordo
1249 2477 1315 2528 et
1375 2469 1598 2528 fratres
1657 2468 1944 2529 eiusdem
2006 2468 2247 2529 ordinis
2304 2467 2613 2529 haberent
2658 2477 2721 2527 et
2766 2467 3165 2546 possiderent

491 2577 674 2653 ipsam
733 2578 1064 2640 ecclesiam
1126 2583 1327 2641 sancti
1388 2580 1560 2644 Pauli
1621 2601 1770 2642 cum
1831 2583 2034 2643 domo
2078 2592 2141 2642 et
2186 2582 2321 2643 aliis
2388 2583 2781 2660 pertinentiis
2826 2584 2955 2642 suis
2998 2583 3161 2642 circa

489 2687 800 2750 ecclesiam
864 2695 1222 2754 constitutis
1267 2697 1328 2754 in
1375 2705 1774 2773 perpetuum.
1820 2696 1905 2756 Et
1950 2716 1987 2756 a
2034 2696 2223 2756 nobis
2267 2695 2601 2776 diligenter
2663 2696 3160 2775 postulaverunt,

479 2811 546 2860 ut
585 2807 1113 2879 presentationem
1161 2809 1442 2886 ipsorum
1491 2819 1730 2868 rectam
1776 2809 2104 2884 habentes,
2150 2809 2483 2870 ecclesiam
2530 2827 2680 2888 sepe
2724 2809 2962 2872 dictam
3010 2829 3155 2872 cum

473 2916 596 2975 suis
633 2920 1022 2994 pertinentiis
1085 2921 1296 2982 eidem
1343 2922 1546 2983 ordini
1595 2933 1658 2983 et
1705 2924 1999 2983 fratribus
2044 2923 2419 3003 supradictis
2484 2923 2864 2985 confirmare
2908 2928 2971 2985 in
3016 2944 3157 3004 per-

479 3037 722 3105 petuum
767 3032 1224 3110 possidendam
1274 3034 1697 3116 dignaremur,
1744 3036 1851 3096 tali
1898 3036 2267 3097 conditione
2314 3038 2700 3115 interposita,
2746 3037 2923 3113 quod
2954 3040 3003 3097 si
3037 3040 3152 3117 ipsi

475 3138 678 3202 fratres
730 3144 949 3222 aliquo
1010 3164 1160 3208 casu
1207 3147 1288 3208 de
1336 3146 1614 3231 Ragusio
1676 3150 2068 3225 recederent,
2114 3168 2233 3211 nec
2276 3152 2339 3210 in
2388 3148 2732 3214 Catharum
2795 3161 3007 3212 essent
3050 3151 3149 3212 vel

479 3255 754 3330 venirent,
785 3258 1052 3320 ecclesia
1083 3260 1446 3341 supradicta
1475 3282 1622 3323 cum
1657 3266 1903 3345 integro
1946 3266 2076 3325 iure
2106 3275 2479 3343 patronatus
2511 3264 2729 3325 redeat
2760 3264 2845 3325 ad
2878 3263 3143 3326 Paulum

473 3369 883 3443 supradictum
930 3390 1076 3432 cum
1125 3392 1327 3434 uxore
1373 3394 1484 3435 sua
1532 3386 1594 3436 et
1641 3379 1688 3437 si
1722 3396 1836 3437 eos
1866 3377 2168 3438 dominus
2199 3378 2282 3438 ad
2314 3397 2381 3438 se
2428 3388 2731 3452 vocasset,
2770 3379 2902 3438 iure
2932 3389 3143 3457 patro-

478 3488 644 3540 natus
681 3484 963 3561 predicte
1009 3486 1274 3547 ecclesie
1319 3492 1630 3567 pertineat
1661 3490 1745 3550 ad
1777 3493 2288 3573 consanguineos
2333 3494 2753 3571 proximiores
2784 3492 2933 3553 dicti
2967 3491 3141 3553 Pauli

475 3600 532 3650 et
571 3598 774 3656 uxoris
833 3616 946 3659 sue
1007 3599 1270 3661 domine
1339 3601 1576 3663 Dobre.
1623 3603 1762 3665 Nos
1808 3606 1992 3686 igitur
2037 3607 2411 3685 petitionem
2461 3608 2583 3665 iam
2632 3604 2869 3666 dictam
2915 3624 3138 3685 accep-

469 3714 658 3768 tantes
699 3710 902 3790 ipsam
949 3714 1283 3775 eeclesiam
1331 3718 1530 3777 sancti
1577 3718 1750 3779 Pauli
1797 3736 1942 3779 cum
1991 3721 2118 3779 suis
2162 3722 2571 3798 pertinentiis
2620 3732 2685 3779 ut
2733 3718 2976 3779 dictum
3024 3730 3137 3795 est,

465 3818 567 3895 ipsi
629 3826 928 3905 magistro
974 3837 1037 3923 et
1083 3828 1288 3889 ordini
1358 3830 1656 3908 predictis
1699 3849 1776 3892 ae
1821 3830 2113 3893 fratribus
2182 3834 2515 3914 Ragusinis
2582 3852 2796 3895 coram
2869 3835 3136 3897 testibus

462 3928 669 3996 Basilio
713 3936 1030 4020 Dragonis
1076 3944 1278 4002 iurato
1326 3943 1549 4017 iudice,
1593 3944 1815 4005 Marco
1861 3945 2185 4007 Laurentii
2236 3947 2455 4022 Basilii,
2502 3946 2954 4008 Bartholomeo
3002 3948 3131 4010 filio

460 4043 642 4109 Bosce
686 4054 925 4113 vocatis
971 4064 1034 4114 et
1079 4058 1315 4136 rogatis
1374 4060 1750 4119 auctoritate
1796 4058 1897 4119 dei
1945 4061 2404 4139 omnipotentis
2450 4062 2511 4121 in
2558 4074 2938 4139 perpetuum
2985 4081 3131 4139 pos-

455 4159 771 4224 sidendam
841 4165 1313 4230 confirmamus.
1376 4169 1447 4230 In
1510 4173 1684 4232 cuius
1751 4171 2253 4233 confirmationis
2320 4176 2753 4235 testimonium
2803 4187 3130 4254 presentes

454 4269 672 4335 litteras
715 4278 1081 4356 supradicto
1128 4281 1333 4343 ordini
1373 4294 1436 4343 et
1467 4282 1758 4346 fratribus
1802 4288 2235 4347 concessimus
2265 4288 2465 4369 sigillo
2515 4301 2732 4349 nostro
2777 4289 3126 4351 roboratas

454 4381 529 4445 Et
569 4398 632 4448 ut
679 4392 814 4468 ipsa
869 4391 1270 4455 confirmatio
1330 4399 1576 4457 ratione
1621 4399 1798 4479 sigilli
1846 4400 2085 4461 nullam
2132 4405 2332 4480 possit
2376 4403 2759 4463 calumniam
2804 4405 3129 4478 sustinere,

443 4498 634 4575 ipsam
693 4521 808 4581 per
867 4523 1282 4569 communem
1349 4512 1668 4571 notarium
1737 4514 2003 4575 civitatis
2069 4515 2411 4577 diaconum
2484 4518 2763 4580 Micham
2809 4522 3118 4582 conscribi

441 4610 708 4675 fecimus.
753 4614 996 4679 Actum
1043 4630 1136 4680 est
1182 4621 1306 4683 hoc
1353 4626 1416 4683 in
1463 4627 1634 4685 curia
1679 4637 1896 4688 nostra
1944 4626 2214 4691 Cathari.
2262 4632 2343 4693 Et
2391 4651 2513 4713 ego
2562 4633 2870 4695 diaconus
2910 4634 3123 4700 Micha

438 4726 822 4803 supradictus
881 4734 1166 4794 notarius
1210 4735 1293 4795 ad
1340 4735 1458 4797 hec
1517 4741 1764 4802 interfui
1828 4761 1975 4803 cum
2038 4744 2303 4806 testibus
2348 4750 2475 4809 iam
2524 4750 2797 4829 prefatis,
2844 4762 3122 4833 rogatuS,

433 4847 498 4898 ut
540 4840 620 4900 ab
664 4844 804 4922 ipso
850 4843 1050 4907 Paulo
1097 4858 1162 4908 et
1208 4851 1341 4911 eius
1386 4850 1608 4913 Dobra
1655 4874 1858 4916 uxore
1903 4858 2131 4932 audivi,
2179 4860 2239 4919 in
2289 4861 2537 4923 duabus
2605 4866 2855 4927 cartulis
2902 4885 3113 4928 veram

429 4957 802 5017 sententiam
844 4961 1321 5024 continentibus
1365 4968 1582 5045 scripsi
1629 4979 1690 5028 et
1736 4973 1921 5050 signo
1968 4988 2275 5035 consueto
2324 4977 2634 5040 roboravi.

589 5088 846 5147 Farlati
887 5092 985 5149 Ill.
1033 5113 1296 5153 sacrum.
1363 5098 1456 5155 VL
1513 5104 1859 5162 441-—442
1924 5136 1982 5145 —-
2040 5106 2413 5183 Kukuljcm'd
2456 5114 2599 5187 leeg.
2648 5134 2741 5170 na.
2800 5120 2935 5174 908.
