3797 5795
1524 440 1609 447 —
1669 403 1792 467 241
1856 441 1897 448 ———

370 596 481 674 qui
528 593 951 654 interfuerunt
995 611 1213 654 coram
1259 585 1448 654 nobis
1479 614 1562 654 ex
1594 597 2058 656 commetaneis
2088 615 2235 657 cum
2285 597 2572 675 predicto
2619 598 2795 658 socio
2842 609 3082 674 nostr0,

371 708 539 768 sicut
597 707 995 786 prediximus
1039 717 1187 786 post
1235 707 1691 768 limitacionem
1749 706 2106 788 predictam
2165 719 2310 770 sunt
2356 709 2506 769 hec:
2554 709 2636 770 de
2685 709 2887 788 Blyna
2926 709 3084 791 Jurk

372 820 565 881 frater
626 820 815 896 Iwan,
864 817 1137 884 Chernel
1198 821 1360 882 filius
1421 820 1707 882 eiusdem
1773 821 1944 883 Iwan
1991 840 2110 900 pro
2156 840 2225 882 se
2272 831 2336 882 et
2381 840 2500 901 pro
2546 832 2724 900 patre
2771 840 2887 884 suo
2935 823 3084 904 lsyp

370 943 436 994 et
482 931 671 994 Mark
716 933 879 995 filius
924 932 1181 995 Martini
1228 953 1346 1013 pro
1392 954 1459 995 se
1505 944 1570 995 et
1614 934 1806 994 fratre
1852 953 1969 995 suo
2017 933 2258 1013 Mycho
2305 935 2544 995 scilicet
2589 934 2721 997 filio
2770 935 2961 1011 Bork‚
2997 938 3081 998 de

370 1045 590 1125 Turya
635 1065 787 1108 vero
833 1047 1076 1109 Tomsa
1120 1046 1283 1108 filius
1329 1047 1613 1128 Bolenig‚
1642 1045 1947 1110 Grobech
1993 1051 2186 1108 irater
2230 1047 2516 1129 Drugyn,
2551 1047 2872 1130 Dragyslo
2920 1048 3083 1112 filius

369 1158 637 1234 Drasila,
680 1159 966 1221 Raduslo
1012 1179 1129 1239 pro
1174 1179 1244 1222 se
1288 1171 1353 1221 et
1399 1161 1883 1241 consangvineis
1945 1161 2088 1231 suiS,
2137 1160 2384 1220 iwanus
2447 1159 2612 1222 filius
2661 1161 2927 1241 Budyla,
2975 1165 3080 1242 qui

370 1274 786 1352 personaliter
831 1275 1195 1335 assistentes
1238 1293 1355 1353 pro
1402 1293 1469 1334 se
1516 1285 1581 1334 et
1625 1291 1847 1333 eorum
1896 1275 2383 1355 consanguineis
2427 1274 2872 1336 vendicionem
2921 1285 3083 1337 terre

372 1385 662 1466 predicte
722 1387 958 1447 factam
1021 1388 1193 1447 bano
1253 1385 1687 1465 approbantes
1749 1396 1813 1446 et
1874 1396 2189 1446 metarum
2251 1387 2650 1465 posicionem
2699 1387 2898 1448 modo
2944 1406 3082 1466 pre-

372 1501 611 1580 scripto
673 1499 1057 1560 ratificantes
1116 1510 1179 1560 et
1242 1499 1323 1560 ad
1386 1499 1649 1560 easdem
1711 1518 1779 1559 se
1840 1499 2314 1561 conservandas
2380 1501 2516 1560 sine
2560 1499 3080 1562 contradiccione

374 1612 659 1692 qualibet
704 1615 769 1672 in
813 1624 1194 1692 perpetuum
1226 1612 1482 1673 firmum
1528 1612 1904 1694 obliganteS,
1951 1612 2194 1673 dictum
2240 1611 2480 1673 banum
2523 1623 2587 1674 et
2619 1633 2769 1674 suos
2814 1613 3083 1675 heredes

372 1725 812 1804 heredumque
842 1745 1239 1787 successores
1270 1725 1664 1799 admiserunt
1694 1734 1758 1786 et
1790 1735 2168 1805 receperunt
2199 1744 2390 1804 super
2421 1736 2652 1786 terram
2686 1726 3077 1788 antedictam

375 1839 641 1917 pacifice
702 1841 766 1900 in
826 1848 1313 1899 commetaneos
1368 1848 1433 1899 et
1492 1840 1747 1900 vicinos.
1798 1839 1870 1900 In
1918 1841 2093 1899 cuius
2139 1841 2226 1899 rei
2273 1839 2709 1901 testimonium
2757 1851 3084 1918 presentes

373 1951 761 2012 contulimus
805 1951 989 2033 sigilli
1036 1953 1233 2011 nostri
1282 1953 1635 2012 munimine
1683 1952 2030 2012 roboratas
2079 1951 2322 2012 Datum
2371 1971 2484 2030 per
2532 1971 2758 2014 manus
2805 1953 3084 2035 magistri

376 2064 705 2126 Michaelis
750 2064 1004 2125 lectoris
1049 2064 1312 2130 ecclesie
1360 2075 1589 2138 nostre,
1628 2083 1800 2125 anno
1846 2065 1930 2125 ab
1964 2066 2407 2126 incarnacione
2455 2066 2695 2126 domini
2747 2066 3083 2126 millesimo

382 2178 825 2238 ducentesimo
872 2180 1276 2259 sexagesimo
1321 2177 1624 2238 secund0.

558 2370 648 2426 Po
693 2371 1106 2444 orzginalnom
1163 2371 1466 2446 priyepisu
1510 2369 1719 2445 kralja
1766 2369 2098 2445 Ljudevita
2147 2370 2195 2428 I.
2245 2372 2328 2428 od
2358 2372 2501 2444 god.
2554 2373 2723 2431 1382.
2777 2391 2816 2428 u
2863 2370 3088 2428 arkivu

287 2469 292 2472 ’
390 2473 651 2548 ltercega
694 2475 1101 2550 Batfya‘ny-ja
1155 2494 1195 2531 u
1247 2473 1621 2531 Kb’rmendu.
1675 2507 1753 2516 -
1801 2473 1872 2530 A.
1925 2477 1979 2529 2.
2029 2473 2100 2532 L.
2157 2478 2207 2530 9.
2272 2474 2684 2532 Miscellanea
2749 2475 3089 2534 Szdchiana

390 2599 469 2635 no
516 2583 559 2636 1.
606 2610 689 2620 —
748 2579 859 2637 Na
903 2579 1156 2654 ledjima
1201 2579 1345 2636 vide
1389 2598 1455 2635 se
1500 2579 1744 2653 tragovi
1782 2577 2214 2654 kraljevskoga
2250 2583 2492 2655 pedata.

572 2683 713 2742 Cod.
763 2684 911 2760 dipl.
950 2685 1206 2760 patrius
1266 2684 1433 2742 VIII.
1484 2686 1752 2741 88-90,
1802 2703 1895 2740 na.
1943 2687 2048 2741 ·70.

1645 3027 1693 3107 7
1704 3028 1835 3107 45.

385 3220 581 3288 1262.

384 3430 641 3501 Benko,
688 3429 903 3491 sudac
963 3426 1245 3491 dvorskz'
1299 3428 1583 3513 kraljzce
1628 3426 1662 3490 i
1700 3434 1926 3511 iupan
1987 3426 2348 3491 vas‘varski
2401 3426 2774 3512 dosudjuje
2816 3426 3090 3511 posjede

881 3540 1209 3626 Orjavz'cu
1256 3540 1292 3603 ι’
1333 3540 1518 3603 Selce
1563 3540 1805 3617 Bz'lotz‘,
1856 3541 2075 3603 Belo‘u
2123 3538 2158 3601 i
2201 3540 2625 3603 Petroslavu.

558 3758 697 3819 Nos
758 3762 1058 3841 magister
1120 3758 1503 3820 Benedictus
1559 3759 1757 3820 iudex
1817 3761 1988 3820 curie
2035 3757 2299 3818 domine
2345 3760 2578 3838 regine,
2623 3776 2842 3818 comes
2888 3754 3090 3820 Castri

378 3870 593 3933 Ferrei
642 3874 946 3933 vniuersis
990 3871 1223 3952 quibus
1282 3872 1637 3951 expedierit
1698 3870 2130 3954 significamus
2172 3872 2575 3949 presencium
2622 3889 2736 3949 per
2780 3879 3092 3944 tenorem,

380 3986 561 4064 quod
608 4004 755 4046 curn
788 3984 871 4046 de
904 3984 1235 4046 uoluntate
1280 3987 1452 4067 regia
1484 3995 1545 4045 et
1580 3984 1890 4045 mandato
1938 3983 2194 4063 speciali
2241 3983 2492 4044 illustris
2537 3983 2754 4065 regine
2801 3982 3090 4065 Vngarie

385 4102 781 4159 uenissemus
812 4099 875 4159 in
912 4098 1158 4179 Posaga
1203 4098 1285 4158 ad
1320 4097 1733 4158 iudicandum
1766 4107 1831 4162 et
1862 4096 2328 4158 restituendum
2373 4105 2569 4157 terras
2613 4106 2750 4155 tam
2794 4115 2833 4155 a
2863 4106 3090 4169 castro,

381 4230 579 4292 quam
625 4230 665 4272 a
710 4210 997 4287 quolibet
1042 4210 1464 4283 hereditarias,
1511 4222 1581 4270 ut
1626 4212 1958 4289 empticias
2003 4228 2117 4271 seu
2163 4208 2298 4271 illas
2343 4227 2503 4288 quas
2551 4219 2748 4269 terras
2793 4218 3088 4269 tenentes

380 4325 674 4385 detinent
719 4334 1065 4402 occupatas
1110 4323 1394 4385 indebite
1440 4335 1505 4385 et
1550 4323 1634 4384 ad
1680 4322 2166 4403 inspiciendum,
2212 4324 2260 4383 si
2309 4320 2502 4382 iidem
2549 4331 2748 4381 terras
2793 4330 3086 4381 tenentes

379 4450 580 4499 terras
648 4437 908 4499 easdem
978 4458 1016 4499 a
1076 4446 1370 4516 tempore
1438 4437 1815 4498 donacionis
1881 4436 1985 4496 uel
2055 4434 2472 4495 institucionis
2540 4432 2706 4493 clare
2777 4434 3088 4493 memorie

384 4552 631 4634 Wgrini
697 4550 1091 4615 Collocensis
1149 4550 1605 4630 archiepiscopi
1654 4560 1717 4610 et
1763 4549 2068 4627 deinceps
2127 4566 2452 4625 possessas
2515 4546 2700 4606 certis
2760 4544 3088 4606 detineant

380 4668 571 4726 metis
616 4676 681 4725 et
728 4664 922 4726 titulis
966 4674 1031 4725 et
1078 4666 1238 4725 inter
1298 4662 1421 4724 alia
1482 4672 1680 4724 terras
1742 4662 1989 4740 Bylote,
2037 4660 2230 4722 Belch
2277 4672 2342 4721 et
2387 4658 2675 4721 Petrozlo
2723 4656 3088 4737 Oryauicha

378 4790 444 4839 et
490 4778 717 4842 Scelca
762 4788 1027 4838 uocatas
1073 4779 1259 4838 certis
1307 4778 1493 4837 metis
1538 4786 1603 4837 et
1650 4775 1843 4835 titulis
1884 4774 2384 4855 congruentibus
2445 4772 2905 4833 inuenissemus
2949 4771 3088 4833 fore

377 4892 677 4953 detentas
707 4894 885 4952 iuxta
914 4888 1387 4951 continenciam
1419 4888 1729 4970 priuilegii
1760 4886 2048 4947 eiusdem
2078 4886 2329 4947 illustris
2360 4888 2593 4967 regine,
2624 4885 3091 4945 commetaneis

377 5008 585 5067 eciam
632 5004 987 5065 earundem
1036 5013 1344 5064 terrarum
1392 5020 1523 5063 non
1572 5001 1990 5073 obstantibus,
2037 5002 2205 5079 ipsas
2251 5010 2446 5061 terras
2491 4998 2610 5059 sub
2655 4996 2892 5059 eodem
2938 4999 3088 5072 iure,

378 5120 567 5179 metis
629 5128 694 5179 et
755 5117 966 5191 titulis,
1010 5126 1200 5196 prout
1246 5117 1310 5175 in
1358 5115 1533 5176 dicto
1598 5114 1928 5195 priuilegio
1990 5112 2570 5191 comprehenditur,
2633 5111 2782 5189 ipsis
2843 5108 3092 5188 Bylote„

469 5252 619 5295 con.
656 5250 823 5292 mm..
859 5250 919 5291 v.
2917 5222 2998 5287 16
