3797 5795
1929 292 2150 356 -95
2215 328 2298 335 ,..-

757 496 825 544 ct
872 464 1291 545 fundamenta
1342 502 1591 545 murum
1642 494 1841 557 tuum,
1908 482 2086 563 >quod
2150 501 2278 544 non
2327 478 2774 564 apprehendas
2820 482 2902 544 de
2949 485 3054 543 uia
3099 487 3471 559 communis,

760 609 825 658 et
871 616 987 677 pro
1032 598 1135 657 uia
1181 597 1545 658 communis
1590 606 1917 658 remaneat
1963 599 2050 657 ita
2081 595 2390 675 amplum,
2435 594 2790 656 secundum
2841 596 3022 673 quod
3079 598 3311 657 iustum
3357 607 3463 657 est.

762 710 844 770 Et
894 710 1193 771 Vlcassus
1233 709 1541 790 Johannis
1568 728 1683 789 per
1711 709 2107 771 aduocatum
2139 727 2324 769 suurn
2359 708 2666 771 Vitanam
2703 706 2785 769 de
2828 706 3039 771 Cerne
3085 708 3472 787 respondens

760 821 950 883 dixit:
997 822 1141 903 Ego
1180 822 1403 884 laboro
1441 825 1506 883 in
1538 842 1687 883 meo
1721 834 1974 883 terreno
2006 833 2071 883 et
2104 840 2236 882 non
2267 825 2329 882 in
2363 832 2617 882 terreno
2661 820 3049 883 Dommane.
3083 821 3165 882 Et
3197 821 3470 883 ostendit

761 934 1062 998 Vlcassus
1106 945 1349 997 cartam
1394 955 1519 1016 que
1563 938 1651 997 sic
1697 938 1949 1015 incipit:
1997 935 2036 1017 ἢ·
2080 933 2280 997 Anno
2325 935 2778 995 incarnationis
2839 934 3090 995 domini
3137 932 3468 995 millesimo

758 1048 1199 1109 ducentesimo
1260 1051 1794 1131 quinquagesimo
1858 1050 2104 1129 quint0‚
2170 1048 2419 1109 mensis·
2450 1048 2722 1129 augusti,
2785 1058 3015 1127 quarto
3063 1047 3166 1108 die
3211 1056 3468 1109 astante.

761 1160 899 1222 Nos
945 1161 1206 1240 quidem
1252 1161 1559 1223 diaconus
1608 1160 1902 1223 Matheus
1949 1160 2286 1240 Theophili
2334 1171 2398 1221 et
2447 1159 2774 1243 Mengatia
2840 1160 3188 1239 Lampridii
3237 1174 3302 1221 et
3351 1161 3464 1222 Ba-

760 1274 929 1336 silius
974 1276 1250 1336 Prodani
1295 1286 1359 1336 et
1406 1274 1690 1336 Marinus
1751 1274 2007 1335 Binzole
2053 1294 2169 1354 per
2213 1274 2357 1335 fidei
2421 1284 2894 1335 sacramentum
2946 1276 3110 1335 inter
3156 1274 3466 1335 domnam

757 1387 1010 1467 Gayam
1056 1387 1249 1449 filiam
1297 1386 1580 1450 Geruasii
1645 1386 1872 1450 Marini
1920 1388 2309 1450 abbatissam
2363 1388 2615 1448 cenobii
2680 1389 2880 1448 sancti
2929 1386 3274 1465 Symeonis
3317 1406 3463 1447 cum

757 1502 1087 1563 uoluntate
1132 1512 1195 1561 et
1242 1520 1559 1562 consensu
1605 1502 1699 1561 sui
1745 1511 2106 1562 conuentus
2159 1520 2242 1561 ex
2293 1520 2419 1561 una
2465 1511 2646 1579 parte
2689 1512 2752 1561 et
2801 1499 3107 1563 Vlcassus
3162 1498 3471 1579 Johannis

759 1618 843 1675 ex
886 1614 1082 1676 altera
1140 1614 1407 1675 arbitres
1466 1624 1529 1675 et
1584 1614 1821 1675 iudices
1882 1614 2066 1675 electi
2132 1613 2214 1674 de
2263 1613 2544 1694 quadam
2609 1613 2966 1675 differentia
3012 1624 3077 1673 et
3123 1614 3473 1701 questione,

759 1746 953 1808 quam
1014 1731 1175 1788 inter
1220 1747 1289 1788 se
1332 1728 1659 1788 habebant
1720 1727 1804 1787 de
1869 1728 2330 1807 quinquaginta
2391 1737 2640 1805 septem
2700 1725 3092 1787 brazolarum
3143 1726 3226 1787 de
3271 1745 3475 1799 mur0,

756 1844 951 1902 ueteri
1016 1843 1287 1901 ciuitatis
1346 1840 1605 1922 Ragusii
1668 1859 1887 1902 uersus
1951 1852 2238 1900 montem
2304 1858 2504 1919 usque
2549 1839 2633 1900 ad
2680 1840 3060 1900 territorium
3124 1841 3324 1899 sancti
3374 1837 3467 1901 Si-

755 1956 1005 2015 meoniS
1049 1964 1113 2014 et
1160 1953 1243 2014 de
1290 1972 1475 2014 muro
1522 1973 1697 2014 nouo
1743 1954 2016 2014 ciuitatis
2062 1952 2317 2034 Ragusii
2365 1971 2584 2013 uersus
2639 1962 2929 2013 montem
2977 1952 3061 2013 ad
3105 1952 3466 2031 predictum

754 2069 1140 2127 territorium
1172 2066 1255 2127 de
1288 2067 1750 2148 quinquaginta
1796 2085 1913 2127 sex
1958 2066 2372 2129 brazolarum.
2407 2064 2488 2127 Et
2519 2065 2786 2144 predicti
2834 2066 3102 2126 arbitres
3131 2076 3194 2126 et
3229 2065 3472 2125 iudices

755 2199 869 2258 per
913 2180 1068 2261 legis
1111 2182 1495 2240 sententiam
1542 2179 1917 2253 iudicarunt,
1964 2179 2140 2258 quod
2185 2200 2224 2239 a
2269 2180 2463 2261 signis
2509 2177 2582 2241 SI
2619 2198 2838 2239 uersus
2873 2188 3162 2240 montem
3211 2180 3274 2238 in
3321 2198 3464 2257 per-

754 2302 1021 2371 petuum
1083 2311 1288 2371 usque
1350 2293 1754 2353 occidentem
1801 2302 1865 2353 et
1911 2312 2100 2371 supra
2161 2293 2333 2353 uiam
2401 2294 2764 2353 communis
2812 2292 3118 2354 Vlcassus
3157 2291 3472 2372 Johannis

758 2422 975 2466 uersus
1035 2407 1359 2466 ciuitatem
1422 2405 1655 2467 habeat
1715 2424 1904 2466 suum
1965 2407 2344 2465 territorium
2409 2416 2722 2484 perpetuo
2782 2416 2849 2465 >et
2899 2423 3194 2466 mensura
3238 2406 3474 2475 ueraci,

757 2518 933 2593 quod
962 2538 1000 2579 a
1033 2537 1219 2580 muro
1264 2520 1463 2579 ueteri
1509 2519 1780 2578 ciuitatis
1826 2518 2083 2598 Ragusii
2131 2536 2334 2595 usque
2381 2528 2673 2578 montem
2721 2536 2926 2596 usque
2971 2517 3055 2577 ad
3098 2528 3310 2596 petras
3343 2536 3472 2596 que

756 2630 994 2691 habent
1042 2630 1168 2691 tale
1213 2634 1465 2713 signum
1511 2629 1585 2692 SI
1636 2642 1782 2691 sunt
1828 2630 2224 2691 brazolarum
2273 2632 2736 2711 quinquaginta
2781 2642 3032 2710 septem
3083 2642 3148 2690 et
3194 2651 3230 2690 a
3281 2649 3471 2691 muro

758 2762 931 2804 nouo
985 2745 1255 2805 ciuitatis
1300 2763 1520 2804 uersus
1582 2755 1902 2804 montem·
1937 2762 2138 2822 usque
2185 2743 2268 2804 ad
2317 2744 2600 2822 predicta
2647 2745 2825 2825 signa
2873 2754 3020 2803 sunt
3067 2743 3470 2804 brazolarum

754 2860 1218 2940 quinquaginta
1263 2877 1397 2919 sex.
1445 2856 1637 2920 Unde
1685 2876 1805 2918 nos
1849 2858 2280 2937 prenominati
2327 2876 2548 2919 comes
2579 2868 2642 2918 et
2676 2857 2916 2918 iudices
2961 2856 3194 2918 auditis
3241 2875 3474 2918 eorum

755 2973 1196 3048 questionibus
1241 2983 1305 3032 et
1352 2974 1485 3032 uisa
1546 2972 1717 3032 dicta
1780 2981 1954 3031 carta
2013 2973 2244 3032 iuimus
2305 2970 2388 3032 ad
2453 2971 2696 3032 dictum
2766 2971 2980 3031 locum
3027 2980 3092 3030 et
3137 2971 3280 3030 uiso
3328 2972 3474 3050 ipso

755 3081 901 3143 loco
948 3104 1063 3163 per
1106 3086 1489 3144 sententiam
1536 3085 1691 3165 legis
1738 3083 2172 3156 iudicauimuS,
2218 3083 2396 3163 quod
2449 3084 2750 3145 Vlcassus
2797 3083 3030 3144 habeat
3076 3086 3472 3144 territorium

750 3213 956 3269 suum,
1002 3199 1165 3257 sicut
1213 3198 1274 3256 in
1324 3215 1437 3257 sua
1482 3205 1657 3257 carta
1703 3198 2065 3258 continetur
2111 3208 2174 3256 et
2222 3196 2400 3276 quod
2448 3196 2725 3257 dimittat
2774 3215 2890 3275 pro
2938 3199 3040 3257 uia
3097 3200 3476 3257 communis

747 3327 786 3367 a
831 3312 1026 3392 signis
1070 3313 1270 3371 saneti
1318 3309 1639 3372 Simeonis
1684 3329 1887 3388 usque
1918 3310 2005 3370 ad
2039 3329 2292 3370 murum
2335 3328 2520 3371 suum
2569 3310 2821 3389 palmos
2852 3308 2934 3370 de
2967 3327 3176 3370 canna
3224 3328 3470 3370 nouem

749 3421 833 3482 de
880 3424 1125 3484 oriente
1184 3442 1403 3484 uersus
1468 3421 1907 3484 occidentem:
1954 3432 2015 3484 et
2063 3425 2110 3483 si
2162 3441 2308 3484 cum
2357 3423 2475 3483 illis
2521 3442 2756 3484 nouem
2822 3423 3051 3501 palmis
3113 3421 3195 3482 de
3257 3440 3472 3484 canna

745 3552 868 3611 pro
934 3538 1038 3597 uia
1105 3538 1467 3596 communis
1542 3536 1944 3610 inueniretur,
2021 3535 2200 3616 quod
2267 3535 2572 3597 Vlcassus
2633 3537 2979 3615 accepisset
3050 3535 3134 3596 de
3203 3547 3469 3596 terreno

746 3644 1122 3710 Dommane
1167 3648 1491 3711 Guererio.
1543 3647 1641 3709 De
1702 3659 1883 3709 tanto
1946 3658 2259 3728 quantum
2321 3648 2627 3710 Vlcassus
2687 3650 3034 3728 accepisset
3082 3648 3164 3710 de
3211 3660 3480 3710 terreno

749 3757 1143 3836 Dommane,
1190 3761 1495 3823 Vlcassus
1557 3773 1845 3822 teneatur
1897 3762 2257 3823 satisfacere
2289 3760 2657 3824 Dommane
2703 3765 2766 3822 in
2813 3761 3104 3835 denariis,
3151 3775 3478 3839 quantum

747 3871 983 3936 dixerit
1045 3875 1347 3936 dominus
1406 3895 1627 3936 comes
1688 3878 1795 3955 qui
1856 3875 2042 3936 fuerit
2088 3893 2204 3954 per
2249 3885 2543 3954 tempora
2604 3894 2755 3935 cum
2799 3894 2914 3936 sua
2962 3875 3150 3936 curia.
3199 3875 3284 3936 Et
3329 3877 3477 3953 qui-

745 4001 1009 4066 cunque
1054 3988 1433 4050 Iaborauerit
1464 4010 1502 4049 a
1540 3988 1809 4048 Vlcasso
1842 3991 1904 4048 in
1937 3999 2145 4062 antea,
2190 3987 2427 4048 debeat
2457 3988 2780 4048 dimittere
2819 4007 2938 4066 pro
2972 3989 3068 4048 via
3087 3990 3481 4048 communis

743 4099 1003 4173 palmos
1049 4101 1133 4163 de
1176 4120 1381 4162 canna
1427 4120 1663 4162 nouem
1713 4119 1824 4179 per
1868 4101 2174 4180 amplum.
2219 4099 2323 4161 De
2370 4100 2488 4161 hac
2535 4111 2752 4161 autem
2799 4102 3115 4161 sententia
3164 4103 3290 4161 sint
3335 4099 3478 4161 due

743 4224 924 4274 carte
970 4214 1222 4286 simileS,
1268 4213 1385 4274 hec
1429 4225 1494 4273 et
1539 4213 1677 4287 alia,
1745 4211 1828 4272 de
1876 4212 2108 4290 quibus
2153 4214 2340 4272 cartis
2385 4231 2580 4274 unam
2634 4223 2877 4273 cartam
2926 4213 3068 4274 tulit
3113 4231 3480 4274 commune

746 4319 1012 4407 Ragusii
1057 4336 1121 4386 et
1165 4326 1353 4386 aliam
1414 4337 1655 4386 cartam
1718 4325 1859 4385 tulit
1922 4325 2240 4387 VlcassuS.
2326 4323 2468 4385 Hec
2529 4336 2746 4386 autem
2806 4335 2982 4386 carta
3044 4325 3224 4386 nullo
3255 4319 3260 4322 ’
3289 4329 3478 4386 testi-

748 4440 977 4498 monio
1022 4440 1231 4518 rumpi
1275 4442 1491 4518 possit.
1569 4437 1765 4516 Quod
1812 4437 2116 4498 iudicium
2161 4439 2756 4518 prenominatorum
2803 4437 3052 4499 domini
3103 4441 3363 4499 comitis
3412 4449 3482 4500 et

745 4547 1099 4611 iuratorum
1168 4552 1446 4612 iudicum
1494 4569 1617 4633 ego
1663 4551 1996 4630 presbyter
2043 4550 2313 4611 Pascalis
2372 4561 2436 4610 et
2483 4553 2844 4612 communis
2899 4553 3182 4612 notarius
3225 4554 3482 4612 iuratus.

748 4663 1024 4724 audiens
1070 4667 1306 4743 scripsi.

929 4778 1221 4852 (Signum
1269 4779 1557 4854 notarii.)

936 4907 1231 4981 Original
1272 4929 1310 4966 u
1356 4907 1802 4966 dubrovac'kom
1841 4909 2083 4978 arkivu‚
2112 4918 2465 4985 prere-sana
2510 4909 2680 4966 slova
2729 4911 2922 4968 iznmi
2961 4909 3174 4967 teksta.
3231 4909 3484 4968 Zbirka

758 5011 929 5070 Sacc.
980 5013 1160 5070 XIII.
