3797 5795
1523 436 1596 445 —
1669 400 1935 465 169-

552 588 694 671 Ego
753 588 1028 651 Michael
1073 602 1293 651 sancte
1361 588 1562 652 Marie
1629 592 1886 652 maioris
1952 590 2216 653 clericus
2281 603 2346 654 et
2406 592 2729 673 jadrensis
2797 594 3081 655 notarius

377 712 808 763 memoratum
854 701 1159 784 originale
1203 702 1378 764 bulla
1419 703 1726 783 plumbea
1770 705 2005 765 summi
2052 703 2325 783 potificis
2362 705 2725 788 sigillatum,
2754 724 2887 767 non
2926 705 3083 767 abo-

385 814 590 889 litum,
623 834 754 876 non
787 816 1230 891 cancellatum,
1275 816 1490 877 necin
1522 816 1734 896 aliqua
1779 828 1960 896 parte
2012 818 2105 878 sui
2153 818 2470 894 abrasum,
2514 829 2612 880 set
2656 821 2971 900 integrum
3020 829 3084 879 et

379 928 756 1007 perfectum,
801 927 1037 989 lectum
1083 939 1149 989 et
1194 928 1620 990 auscultatum
1665 948 1813 990 cum
1859 930 2166 1010 exemplo
2210 934 2487 1009 presenti
2532 950 2707 992 anno
2753 931 2837 992 ab
2883 933 3083 992 incar-

378 1042 637 1101 natione
706 1040 950 1102 domini
1016 1043 1214 1102 nostri
1269 1040 1420 1121 Jesu
1481 1038 1711 1107 Christi
1771 1042 2109 1103 millesimo
2172 1043 2616 1105 ducentesimo
2660 1045 3085 1127 sexagesimO,

381 1154 620 1214 mensis
664 1154 914 1235 augusti
959 1153 1065 1215 die
1129 1164 1364 1215 octauo
1425 1167 1724 1230 exeunte,
1786 1155 2135 1218 indictione
2193 1159 2393 1225 tertia,
2447 1156 2675 1237 Jadere
2719 1159 2785 1217 in
2830 1157 3085 1219 ciuitate

374 1265 662 1347 Jadrensi
709 1266 1112 1346 presentibus
1155 1266 1480 1329 Damiano
1541 1268 1822 1348 plebano
1885 1271 2089 1330 sancti
2152 1270 2317 1331 Petri
2383 1270 2466 1331 de
2535 1270 2767 1345 Platea,
2834 1270 3084 1332 Ricerio

379 1378 716 1441 Triuisano
779 1397 950 1441 nunc
996 1379 1354 1442 habitatore
1417 1380 1726 1461 jadrensi,
1788 1381 2151 1443 Radouano
2198 1384 2513 1444 seruiente
2558 1383 2804 1445 domini
2849 1382 3086 1444 archie-

376 1494 623 1573 piscopi
651 1492 969 1573 Jadrensis
999 1512 1085 1555 ex
1114 1504 1422 1573 precepto
1451 1493 1740 1555 eiusdem
1772 1494 2147 1585 venerabilis
2177 1497 2373 1575 patris
2414 1495 2661 1556 domini
2706 1490 3083 1585 L(aurentii)

378 1605 482 1667 dei
525 1608 726 1688 gratia
763 1604 1086 1687 Jadrensis
1129 1606 1605 1686 archiepiscopi,
1667 1617 1735 1668 ut
1796 1609 1858 1668 in
1908 1608 2143 1669 eodem
2212 1609 2497 1690 originali
2544 1608 2675 1669 uidi
2720 1619 2783 1670 et
2828 1590 2953 1690 legi
3002 1608 3084 1669 de

381 1719 580 1780 uerbo
625 1719 710 1780 ad
755 1719 1024 1781 uerbum
1073 1718 1344 1781 fideliter
1386 1720 1770 1799 exemplaui,
1839 1720 2030 1782 nichil
2092 1720 2339 1783 addens
2396 1720 2501 1783 uel
2524 1716 2858 1795 ⁴'minuens
2905 1721 3085 1800 quod

377 1835 761 1893 sententiam
809 1834 1010 1893 uariet
1061 1850 1174 1893 seu
1221 1842 1442 1907 mutet,
1501 1834 1739 1912 scripsi,
1801 1834 2098 1895 rob'oraui
2116 1828 2123 1835 ’
2144 1844 2209 1895 et
2254 1835 2437 1916 signo
2483 1844 2793 1895 consueto
2839 1835 3088 1915 signaui

381 1956 445 2006 et
489 1956 560 2005 ut
605 1945 897 2025 predicto
944 1945 1248 2024 exemplo
1294 1944 1454 2007 fides
1486 1948 1549 2006 in
1581 1946 1866 2007 futurum
1911 1947 2153 2008 firmior
2196 1957 2283 2035 et·
2306 1949 2546 2008 cercior
2590 1947 2917 2020 habeatur,
2966 1966 3087 2007 nos

382 2057 662 2137 prefatus
743 2058 1045 2119 dominus
1123 2054 1554 2140 L(aurentius)
1618 2058 1941 2139 jadrensis
2024 2060 2539 2139 archiepiscopus
2607 2061 2813 2140 ipsum
2882 2060 3086 2140 sigillo

379 2181 598 2232 nostro
643 2170 948 2252 pendenti
995 2172 1290 2233 iussimus
1333 2174 1732 2235 communiri.
1785 2164 1792 2171 ’

553 2339 867 2413 (Monogr.
917 2325 1154 2415 notar.)

563 2556 930 2631 Orzjginalni
969 2556 1323 2614 savremem'
1380 2566 1635 2615 notarov
1683 2558 1955 2635 priyepis
1997 2560 2085 2617 od
2122 2562 2219 2615 24.
2270 2566 2543 2633 augusta
2588 2560 2662 2612 12
2670 2561 2767 2615 60.
2816 2577 2901 2614 na
2936 2566 3084 2635 per-

369 2662 634 2735 gameni
662 2679 704 2718 u
724 2660 1230 2736 gubemt'ja'lnom
1261 2644 1488 2717 arkivu
1519 2680 1560 2718 u
1591 2662 1826 2731 Zadru‚
1872 2662 2013 2720 odio
2056 2670 2417 2720 samostana
2461 2681 2547 2718 sv.
2583 2660 2810 2719 Nikole
2856 2660 2946 2718 br.
2991 2663 3087 2719 22.

381 2764 580 2821 Pelat
619 2764 944 2840 izgubtjen.
1819 2774 1822 2777 ’

561 2868 814 2927 Farlati
862 2869 969 2929 Ill.
1033 2887 1281 2928 sacrum
1357 2869 1415 2928 V.
1481 2873 1576 2926 80.
1637 2870 1856 2928 donosz
1895 2872 2166 2948 sadrius.
2222 2903 2298 2913 —-
2348 2870 2633 2928 Pottltast
2673 2870 2820 2945 Reg.
2859 2870 3089 2948 pontif.

383 2971 473 3035 br.
523 2977 611 3032 17.
626 2975 761 3032 892.

1650 3432 1840 3516 676.

385 3607 594 3684 1260,
641 3609 753 3674 20.
796 3608 998 3691 juna..
1045 3608 1108 3676 Π
1151 3609 1462 3694 Anauni.

387 3755 830 3863 Aleksandar
876 3797 1005 3862 IV.
1071 3759 1309 3864 nalaie
1354 3799 1788 3886 nadbz'skupu
1838 3753 2306 3876 zastdarskomus
2358 3771 2475 3868 das
2495 3799 2703 3868 brana·
2742 3804 3097 3864 samostan

1176 3932 1272 3975 sv.
1321 3913 1408 3974 N
1404 3912 1577 3976 ikole
1621 3913 1712 3976 od
1753 3912 1995 3977 raznih
2042 3912 2315 3976 navala.

563 4100 939 4164 Alexander
983 4075 1322 4184 episcopus
1367 4124 1586 4166 seruus
1631 4125 1959 4168 seruorum
2009 4106 2112 4166 dei
2152 4103 2495 4166 venerabili
2542 4105 2713 4165 fratri
2747 4103 3095 4165 Laurentio

384 4214 868 4295 archiepiscopo
907 4215 1194 4296 Jadrensi
1243 4219 1512 4279 salutem
1575 4231 1638 4279 et
1684 4220 2105 4298 apostolicam
2170 4218 2710 4278 benedictionem.
2780 4215 3097 4279 Volentes

386 4347 697 4407 personas
727 4341 790 4390 et
821 4330 994 4390 bona
1029 4330 1400 4392 dilectarum
1437 4333 1500 4392 in
1535 4329 1786 4396 Christo
1819 4321 2181 4393 61ἰειτιιηῑ’
2218 4379 2229 4391 .
2276 4331 2596 4391 abbatisse
2630 4343 2692 4390 et
2739 4339 3097 4390 conuentus

389 4443 760 4503 monasterii
792 4445 990 4504 sancti
1042 4443 1328 4504 Nicholai
1371 4443 1709 4549 Jadrensi5‚
1741 4445 1981 4506 ordinis
2010 4447 2211 4506 saneti
2242 4444 2558 4517 Damiani,
2602 4444 2686 4504 ad
2734 4444 3095 4504 Romanam

387 4555 726 4616 ecclesiam
774 4557 949 4617 nullo
999 4557 1212 4618 medio
1283 4541 1673 4636 pertinentis
1741 4579 1779 4619 a
1843 4557 2267 4639 malignorum
2340 4539 2691 4618 incursibus
2758 4575 2899 4616 esse
2941 4565 3095 4626 tuta,

387 4668 760 4729 fraternitati
809 4681 916 4730 tue
947 4652 1059 4748 per
1091 4671 1441 4749 apostolica
1473 4672 1706 4750 scripta
1742 4671 2141 4740 mandamus
2190 4673 2485 4748 quatinus
2531 4673 2621 4731 eis
2666 4668 3097 4731 fauorabiliter

389 4782 667 4860 presidio
714 4781 1102 4844 defensionis
1153 4786 1451 4845 assistens
1500 4803 1630 4845 non
1677 4787 2009 4863 permittas
2054 4787 2221 4863 ipsas
2265 4795 2330 4845 et
2378 4784 2831 4846 monasterium
2880 4799 3098 4842 carum

389 4895 453 4956 in
499 4897 790 4974 personis
848 4895 951 4956 uel
1011 4895 1202 4956 rebus
1261 4909 1484 4957 contra
1547 4897 1791 4962 indulta
1849 4897 2323 4978 priuilegiorum
2386 4896 2737 4975 apostolice
2798 4894 2969 4956 sedis
3012 4893 3098 4954 ab

389 5007 708 5086 aliquibus
754 5007 1038 5069 indebite
1084 5008 1425 5084 molestari,
1473 5010 1917 5071 molestatores
1960 5008 2322 5070 huiusmodi
2371 5027 2485 5087 per
2529 5025 2861 5068 censuram
2897 5005 3101 5066 eccle-

389 5122 710 5183 siasticam
773 5120 1204 5200 appellatione
1267 5127 1622 5201 postposita
1669 5123 2165 5202 compescend0‚
2210 5123 2611 5200 presentibus
2657 5131 2803 5198 post
2848 5127 3099 5198 septen-
