<?xml version="1.0" encoding="UTF-8"?>
<!DOCTYPE html PUBLIC "-//W3C//DTD XHTML 1.0 Transitional//EN"
    "http://www.w3.org/TR/xhtml1/DTD/xhtml1-transitional.dtd">
<html xmlns="http://www.w3.org/1999/xhtml" xml:lang="en" lang="en">
 <head>
  <title>
</title>
<meta http-equiv="Content-Type" content="text/html;charset=utf-8" />
  <meta name='ocr-system' content='tesseract 3.04.00' />
  <meta name='ocr-capabilities' content='ocr_page ocr_carea ocr_par ocr_line ocrx_word'/>
</head>
<body>
  <div class='ocr_page' id='page_1' title='image "./codexdiplomatic00umjegoog_0270.png"; bbox 0 0 3797 5795; ppageno 0'>
   <div class='ocr_carea' id='block_1_1' title="bbox 1483 358 1900 421">
    <p class='ocr_par' dir='ltr' id='par_1_1' title="bbox 1483 358 1900 421">
     <span class='ocr_line' id='line_1_1' title="bbox 1483 358 1900 421; baseline -0.005 0"><span class='ocrx_word' id='word_1_1' title='bbox 1483 358 1900 421; x_wconf 80' lang='lat'>——257—</span> 
     </span>
    </p>
   </div>
   <div class='ocr_carea' id='block_1_2' title="bbox 361 548 3057 3454">
    <p class='ocr_par' dir='ltr' id='par_1_2' title="bbox 369 548 3049 1967">
     <span class='ocr_line' id='line_1_2' title="bbox 378 548 3049 631; baseline 0.002 -19"><span class='ocrx_word' id='word_1_2' title='bbox 378 552 762 621; x_wconf 82' lang='lat' dir='ltr'>attendenteS,</span> <span class='ocrx_word' id='word_1_3' title='bbox 825 550 1002 629; x_wconf 92' lang='lat' dir='ltr'>quod</span> <span class='ocrx_word' id='word_1_4' title='bbox 1050 549 1260 609; x_wconf 89' lang='lat' dir='ltr'>eidem</span> <span class='ocrx_word' id='word_1_5' title='bbox 1309 550 1614 631; x_wconf 89' lang='lat' dir='ltr'>magistro</span> <span class='ocrx_word' id='word_1_6' title='bbox 1659 548 2025 625; x_wconf 86' lang='lat' dir='ltr'>Thimoteo,</span> <span class='ocrx_word' id='word_1_7' title='bbox 2070 570 2265 631; x_wconf 91' lang='lat' dir='ltr'>quem</span> <span class='ocrx_word' id='word_1_8' title='bbox 2312 572 2432 613; x_wconf 92' lang='lat' dir='ltr'>nos</span> <span class='ocrx_word' id='word_1_9' title='bbox 2477 564 2540 613; x_wconf 93' lang='lat' dir='ltr'>et</span> <span class='ocrx_word' id='word_1_10' title='bbox 2586 553 2805 615; x_wconf 87' lang='lat' dir='ltr'>fratres</span> <span class='ocrx_word' id='word_1_11' title='bbox 2850 558 3049 618; x_wconf 81' lang='lat' dir='ltr'>nostri</span> 
     </span>
     <span class='ocr_line' id='line_1_3' title="bbox 374 662 3045 747; baseline 0.002 -22"><span class='ocrx_word' id='word_1_12' title='bbox 374 674 604 745; x_wconf 89' lang='lat' dir='ltr'>propter</span> <span class='ocrx_word' id='word_1_13' title='bbox 644 682 754 725; x_wconf 91' lang='lat' dir='ltr'>sue</span> <span class='ocrx_word' id='word_1_14' title='bbox 801 662 1163 743; x_wconf 90' lang='lat' dir='ltr'>multiplicis</span> <span class='ocrx_word' id='word_1_15' title='bbox 1209 662 1596 723; x_wconf 88' lang='lat' dir='ltr'>evidentiam</span> <span class='ocrx_word' id='word_1_16' title='bbox 1642 664 1977 741; x_wconf 85' lang='lat' dir='ltr'>probitatis</span> <span class='ocrx_word' id='word_1_17' title='bbox 2037 682 2256 725; x_wconf 90' lang='lat' dir='ltr'>carum</span> <span class='ocrx_word' id='word_1_18' title='bbox 2324 664 2637 727; x_wconf 90' lang='lat' dir='ltr'>habemus</span> <span class='ocrx_word' id='word_1_19' title='bbox 2698 669 3045 747; x_wconf 90' lang='lat' dir='ltr'>plurimum</span> 
     </span>
     <span class='ocr_line' id='line_1_4' title="bbox 375 776 3045 861; baseline 0.001 -21"><span class='ocrx_word' id='word_1_20' title='bbox 375 792 431 840; x_wconf 84' lang='lat' dir='ltr'>et</span> <span class='ocrx_word' id='word_1_21' title='bbox 467 788 799 856; x_wconf 90' lang='lat' dir='ltr'>acceptum,</span> <span class='ocrx_word' id='word_1_22' title='bbox 857 776 1026 837; x_wconf 89' lang='lat' dir='ltr'>clara</span> <span class='ocrx_word' id='word_1_23' title='bbox 1088 795 1342 837; x_wconf 90' lang='lat' dir='ltr'>morum</span> <span class='ocrx_word' id='word_1_24' title='bbox 1403 785 1466 837; x_wconf 92' lang='lat' dir='ltr'>et</span> <span class='ocrx_word' id='word_1_25' title='bbox 1535 778 1662 837; x_wconf 88' lang='lat' dir='ltr'>vite</span> <span class='ocrx_word' id='word_1_26' title='bbox 1723 796 1801 837; x_wconf 90' lang='lat' dir='ltr'>ac</span> <span class='ocrx_word' id='word_1_27' title='bbox 1866 778 2127 839; x_wconf 88' lang='lat' dir='ltr'><strong>scientie</strong></span> <span class='ocrx_word' id='word_1_28' title='bbox 2198 778 2421 839; x_wconf 88' lang='lat' dir='ltr'>merita</span> <span class='ocrx_word' id='word_1_29' title='bbox 2489 780 2912 861; x_wconf 84' lang='lat' dir='ltr'>suffragantur</span> <span class='ocrx_word' id='word_1_30' title='bbox 2980 792 3045 844; x_wconf 93' lang='lat' dir='ltr'>et</span> 
     </span>
     <span class='ocr_line' id='line_1_5' title="bbox 373 890 3045 971; baseline 0.002 -21"><span class='ocrx_word' id='word_1_31' title='bbox 373 890 702 971; x_wconf 86' lang='lat' dir='ltr'>perhibetur</span> <span class='ocrx_word' id='word_1_32' title='bbox 749 891 1206 963; x_wconf 89' lang='lat' dir='ltr'>testimonium,</span> <span class='ocrx_word' id='word_1_33' title='bbox 1278 890 1454 968; x_wconf 91' lang='lat' dir='ltr'>quod</span> <span class='ocrx_word' id='word_1_34' title='bbox 1501 892 1564 949; x_wconf 90' lang='lat' dir='ltr'>in</span> <span class='ocrx_word' id='word_1_35' title='bbox 1611 890 2038 968; x_wconf 86' lang='lat' dir='ltr'>spiritualibus</span> <span class='ocrx_word' id='word_1_36' title='bbox 2085 901 2147 951; x_wconf 92' lang='lat' dir='ltr'>et</span> <span class='ocrx_word' id='word_1_37' title='bbox 2194 892 2655 970; x_wconf 84' lang='lat' dir='ltr'>temporalibus</span> <span class='ocrx_word' id='word_1_38' title='bbox 2700 895 2779 953; x_wconf 91' lang='lat' dir='ltr'>sit</span> <span class='ocrx_word' id='word_1_39' title='bbox 2826 894 3045 956; x_wconf 91' lang='lat' dir='ltr'>lauda-</span> 
     </span>
     <span class='ocr_line' id='line_1_6' title="bbox 373 1000 3045 1088; baseline 0.002 -25"><span class='ocrx_word' id='word_1_40' title='bbox 373 1004 556 1064; x_wconf 90' lang='lat' dir='ltr'>biliter</span> <span class='ocrx_word' id='word_1_41' title='bbox 589 1004 1099 1081; x_wconf 81' lang='lat' dir='ltr'>circumspectuS,</span> <span class='ocrx_word' id='word_1_42' title='bbox 1127 1000 1494 1063; x_wconf 92' lang='lat' dir='ltr'>huiusmodi</span> <span class='ocrx_word' id='word_1_43' title='bbox 1518 1004 1880 1081; x_wconf 83' lang='lat' dir='ltr'>provisione</span> <span class='ocrx_word' id='word_1_44' title='bbox 1913 1014 2017 1061; x_wconf 83' lang='lat' dir='ltr'>etc.</span> <span class='ocrx_word' id='word_1_45' title='bbox 2056 1024 2248 1081; x_wconf 84' lang='lat' dir='ltr'>usque</span> <span class='ocrx_word' id='word_1_46' title='bbox 2273 1006 2682 1066; x_wconf 89' lang='lat' dir='ltr'>incrementa.</span> <span class='ocrx_word' id='word_1_47' title='bbox 2716 1007 3045 1088; x_wconf 86' lang='lat' dir='ltr'>Rogamus</span> 
     </span>
     <span class='ocr_line' id='line_1_7' title="bbox 373 1114 3047 1198; baseline 0.002 -23"><span class='ocrx_word' id='word_1_48' title='bbox 373 1119 560 1195; x_wconf 89' lang='lat' dir='ltr'>itaque</span> <span class='ocrx_word' id='word_1_49' title='bbox 601 1117 1074 1177; x_wconf 83' lang='lat' dir='ltr'>universitatem</span> <span class='ocrx_word' id='word_1_50' title='bbox 1121 1125 1397 1175; x_wconf 90' lang='lat' dir='ltr'>vestram</span> <span class='ocrx_word' id='word_1_51' title='bbox 1444 1125 1508 1176; x_wconf 90' lang='lat' dir='ltr'>et</span> <span class='ocrx_word' id='word_1_52' title='bbox 1555 1114 1886 1177; x_wconf 87' lang='lat' dir='ltr'>hortamur</span> <span class='ocrx_word' id='word_1_53' title='bbox 1946 1126 2206 1189; x_wconf 90' lang='lat' dir='ltr'>attente,</span> <span class='ocrx_word' id='word_1_54' title='bbox 2268 1118 2669 1194; x_wconf 86' lang='lat' dir='ltr'>mandantes,</span> <span class='ocrx_word' id='word_1_55' title='bbox 2730 1131 3047 1198; x_wconf 90' lang='lat' dir='ltr'>quatenus</span> 
     </span>
     <span class='ocr_line' id='line_1_8' title="bbox 371 1227 3047 1310; baseline 0.001 -21"><span class='ocrx_word' id='word_1_56' title='bbox 371 1228 616 1289; x_wconf 89' lang='lat' dir='ltr'>eundem</span> <span class='ocrx_word' id='word_1_57' title='bbox 683 1227 956 1289; x_wconf 87' lang='lat' dir='ltr'>electum</span> <span class='ocrx_word' id='word_1_58' title='bbox 1024 1228 1436 1289; x_wconf 85' lang='lat' dir='ltr'>admittentes</span> <span class='ocrx_word' id='word_1_59' title='bbox 1503 1228 1758 1306; x_wconf 89' lang='lat' dir='ltr'>ylariter</span> <span class='ocrx_word' id='word_1_60' title='bbox 1825 1239 1890 1289; x_wconf 93' lang='lat' dir='ltr'>et</span> <span class='ocrx_word' id='word_1_61' title='bbox 1950 1228 2299 1291; x_wconf 86' lang='lat' dir='ltr'>honorifice</span> <span class='ocrx_word' id='word_1_62' title='bbox 2366 1241 2845 1310; x_wconf 85' lang='lat' dir='ltr'>pertractantes,</span> <span class='ocrx_word' id='word_1_63' title='bbox 2930 1233 3047 1293; x_wconf 89' lang='lat' dir='ltr'>sibi</span> 
     </span>
     <span class='ocr_line' id='line_1_9' title="bbox 371 1342 3043 1422; baseline 0.001 -21"><span class='ocrx_word' id='word_1_64' title='bbox 371 1353 670 1420; x_wconf 87' lang='lat' dir='ltr'>tamquam</span> <span class='ocrx_word' id='word_1_65' title='bbox 715 1343 877 1420; x_wconf 87' lang='lat' dir='ltr'>patri</span> <span class='ocrx_word' id='word_1_66' title='bbox 923 1353 988 1401; x_wconf 94' lang='lat' dir='ltr'>et</span> <span class='ocrx_word' id='word_1_67' title='bbox 1031 1342 1268 1420; x_wconf 89' lang='lat' dir='ltr'>pastori</span> <span class='ocrx_word' id='word_1_68' title='bbox 1331 1344 1689 1401; x_wconf 85' lang='lat' dir='ltr'>animarum</span> <span class='ocrx_word' id='word_1_69' title='bbox 1751 1351 2102 1403; x_wconf 88' lang='lat' dir='ltr'>vestrarum</span> <span class='ocrx_word' id='word_1_70' title='bbox 2166 1343 2551 1422; x_wconf 89' lang='lat' dir='ltr'>impendatis</span> <span class='ocrx_word' id='word_1_71' title='bbox 2609 1344 3043 1407; x_wconf 85' lang='lat' dir='ltr'>obedientiam</span> 
     </span>
     <span class='ocr_line' id='line_1_10' title="bbox 371 1452 3043 1527; baseline 0.001 -13"><span class='ocrx_word' id='word_1_72' title='bbox 371 1465 426 1515; x_wconf 87' lang='lat' dir='ltr'>et</span> <span class='ocrx_word' id='word_1_73' title='bbox 464 1456 861 1514; x_wconf 87' lang='lat' dir='ltr'>reverentiam</span> <span class='ocrx_word' id='word_1_74' title='bbox 908 1454 1211 1527; x_wconf 87' lang='lat' dir='ltr'>debitam,</span> <span class='ocrx_word' id='word_1_75' title='bbox 1257 1472 1334 1514; x_wconf 90' lang='lat' dir='ltr'>ac</span> <span class='ocrx_word' id='word_1_76' title='bbox 1363 1456 1498 1514; x_wconf 89' lang='lat' dir='ltr'>eius</span> <span class='ocrx_word' id='word_1_77' title='bbox 1542 1452 1901 1514; x_wconf 86' lang='lat' dir='ltr'>salubribus</span> <span class='ocrx_word' id='word_1_78' title='bbox 1948 1454 2267 1515; x_wconf 89' lang='lat' dir='ltr'>mandatis</span> <span class='ocrx_word' id='word_1_79' title='bbox 2299 1469 2361 1517; x_wconf 90' lang='lat' dir='ltr'>et</span> <span class='ocrx_word' id='word_1_80' title='bbox 2396 1460 2653 1518; x_wconf 87' lang='lat' dir='ltr'>monitis</span> <span class='ocrx_word' id='word_1_81' title='bbox 2700 1457 3043 1519; x_wconf 86' lang='lat' dir='ltr'>efficaciter</span> 
     </span>
     <span class='ocr_line' id='line_1_11' title="bbox 370 1566 3041 1651; baseline 0.002 -25"><span class='ocrx_word' id='word_1_82' title='bbox 370 1567 708 1641; x_wconf 88' lang='lat' dir='ltr'>intendatis;</span> <span class='ocrx_word' id='word_1_83' title='bbox 755 1569 839 1628; x_wconf 90' lang='lat' dir='ltr'>ita</span> <span class='ocrx_word' id='word_1_84' title='bbox 885 1566 1061 1647; x_wconf 91' lang='lat' dir='ltr'>quod</span> <span class='ocrx_word' id='word_1_85' title='bbox 1109 1568 1243 1645; x_wconf 90' lang='lat' dir='ltr'>ipse</span> <span class='ocrx_word' id='word_1_86' title='bbox 1291 1567 1351 1625; x_wconf 92' lang='lat' dir='ltr'>in</span> <span class='ocrx_word' id='word_1_87' title='bbox 1401 1567 1584 1627; x_wconf 92' lang='lat' dir='ltr'>vobis</span> <span class='ocrx_word' id='word_1_88' title='bbox 1629 1566 1990 1628; x_wconf 90' lang='lat' dir='ltr'>devotionis</span> <span class='ocrx_word' id='word_1_89' title='bbox 2050 1567 2227 1638; x_wconf 83' lang='lat' dir='ltr'>filios,</span> <span class='ocrx_word' id='word_1_90' title='bbox 2290 1588 2365 1629; x_wconf 89' lang='lat' dir='ltr'>ac</span> <span class='ocrx_word' id='word_1_91' title='bbox 2411 1588 2527 1630; x_wconf 91' lang='lat' dir='ltr'>vos</span> <span class='ocrx_word' id='word_1_92' title='bbox 2572 1580 3041 1651; x_wconf 89' lang='lat' dir='ltr'>consequenter</span> 
     </span>
     <span class='ocr_line' id='line_1_12' title="bbox 370 1678 3046 1760; baseline 0.001 -21"><span class='ocrx_word' id='word_1_93' title='bbox 370 1681 424 1739; x_wconf 88' lang='lat' dir='ltr'>in</span> <span class='ocrx_word' id='word_1_94' title='bbox 464 1700 538 1740; x_wconf 91' lang='lat' dir='ltr'>eo</span> <span class='ocrx_word' id='word_1_95' title='bbox 578 1690 818 1758; x_wconf 87' lang='lat' dir='ltr'>patrem</span> <span class='ocrx_word' id='word_1_96' title='bbox 867 1681 1183 1741; x_wconf 84' lang='lat' dir='ltr'>invenisse</span> <span class='ocrx_word' id='word_1_97' title='bbox 1243 1679 1615 1740; x_wconf 88' lang='lat' dir='ltr'>benivolum</span> <span class='ocrx_word' id='word_1_98' title='bbox 1681 1679 2029 1760; x_wconf 67' lang='lat' dir='ltr'>gaudeatis</span> <span class='ocrx_word' id='word_1_99' title='bbox 2100 1678 2407 1759; x_wconf 90' lang='lat' dir='ltr'>Alioquin</span> <span class='ocrx_word' id='word_1_100' title='bbox 2480 1686 2864 1743; x_wconf 85' lang='lat' dir='ltr'>sententiam</span> <span class='ocrx_word' id='word_1_101' title='bbox 2926 1694 3046 1745; x_wconf 90' lang='lat' dir='ltr'>ete.</span> 
     </span>
     <span class='ocr_line' id='line_1_13' title="bbox 371 1790 3049 1872; baseline 0.001 -19"><span class='ocrx_word' id='word_1_102' title='bbox 371 1792 584 1854; x_wconf 86' lang='lat' dir='ltr'>Datum</span> <span class='ocrx_word' id='word_1_103' title='bbox 644 1794 812 1872; x_wconf 93' lang='lat' dir='ltr'>apud</span> <span class='ocrx_word' id='word_1_104' title='bbox 879 1792 1122 1857; x_wconf 86' lang='lat' dir='ltr'>Urbem</span> <span class='ocrx_word' id='word_1_105' title='bbox 1185 1800 1468 1853; x_wconf 89' lang='lat' dir='ltr'>veterem</span> <span class='ocrx_word' id='word_1_106' title='bbox 1531 1792 1608 1853; x_wconf 92' lang='lat' dir='ltr'>X.</span> <span class='ocrx_word' id='word_1_107' title='bbox 1655 1790 1778 1853; x_wconf 84' lang='lat' dir='ltr'>kal.</span> <span class='ocrx_word' id='word_1_108' title='bbox 1845 1794 2126 1855; x_wconf 83' lang='lat' dir='ltr'>octobris</span> <span class='ocrx_word' id='word_1_109' title='bbox 2174 1793 2584 1872; x_wconf 86' lang='lat' dir='ltr'>pontificatus</span> <span class='ocrx_word' id='word_1_110' title='bbox 2630 1798 2828 1856; x_wconf 88' lang='lat' dir='ltr'>nostri</span> <span class='ocrx_word' id='word_1_111' title='bbox 2874 1815 3049 1857; x_wconf 90' lang='lat' dir='ltr'>anno</span> 
     </span>
     <span class='ocr_line' id='line_1_14' title="bbox 369 1908 2481 1967; baseline 0 0"><span class='ocrx_word' id='word_1_112' title='bbox 369 1909 548 1967; x_wconf 74' lang='lat' dir='ltr'>tertio</span> <span class='ocrx_word' id='word_1_113' title='bbox 2474 1908 2481 1916; x_wconf 85' lang='lat'><strong>‘</strong></span> 
     </span>
    </p>

    <p class='ocr_par' dir='ltr' id='par_1_3' title="bbox 369 2018 3049 2213">
     <span class='ocr_line' id='line_1_15' title="bbox 525 2018 3049 2101; baseline 0 -20"><span class='ocrx_word' id='word_1_114' title='bbox 525 2021 593 2081; x_wconf 90' lang='lat' dir='ltr'>In</span> <span class='ocrx_word' id='word_1_115' title='bbox 651 2020 876 2081; x_wconf 90' lang='lat' dir='ltr'>eodem</span> <span class='ocrx_word' id='word_1_116' title='bbox 945 2020 1144 2080; x_wconf 91' lang='lat' dir='ltr'>modo</span> <span class='ocrx_word' id='word_1_117' title='bbox 1205 2020 1375 2080; x_wconf 90' lang='lat' dir='ltr'>clero</span> <span class='ocrx_word' id='word_1_118' title='bbox 1440 2018 1876 2101; x_wconf 87' lang='lat' dir='ltr'>Zagrabiensis</span> <span class='ocrx_word' id='word_1_119' title='bbox 1939 2023 2207 2083; x_wconf 88' lang='lat' dir='ltr'>civitatis</span> <span class='ocrx_word' id='word_1_120' title='bbox 2274 2033 2337 2083; x_wconf 92' lang='lat' dir='ltr'>et</span> <span class='ocrx_word' id='word_1_121' title='bbox 2399 2022 2688 2081; x_wconf 85' lang='lat' dir='ltr'>diocesis.</span> <span class='ocrx_word' id='word_1_122' title='bbox 2759 2022 3049 2085; x_wconf 86' lang='lat' dir='ltr'>Rationis</span> 
     </span>
     <span class='ocr_line' id='line_1_16' title="bbox 369 2132 2504 2213; baseline 0.001 -22"><span class='ocrx_word' id='word_1_123' title='bbox 369 2134 548 2195; x_wconf 76' lang='lat' dir='ltr'>oculis</span> <span class='ocrx_word' id='word_1_124' title='bbox 593 2145 692 2193; x_wconf 80' lang='lat' dir='ltr'>ete.</span> <span class='ocrx_word' id='word_1_125' title='bbox 741 2144 810 2193; x_wconf 83' lang='lat' dir='ltr'>ut</span> <span class='ocrx_word' id='word_1_126' title='bbox 851 2136 918 2192; x_wconf 83' lang='lat' dir='ltr'>in</span> <span class='ocrx_word' id='word_1_127' title='bbox 964 2136 1237 2192; x_wconf 85' lang='lat' dir='ltr'>secunda</span> <span class='ocrx_word' id='word_1_128' title='bbox 1285 2153 1478 2211; x_wconf 84' lang='lat' dir='ltr'>usque</span> <span class='ocrx_word' id='word_1_129' title='bbox 1523 2137 1588 2191; x_wconf 83' lang='lat' dir='ltr'>in</span> <span class='ocrx_word' id='word_1_130' title='bbox 1616 2140 1841 2211; x_wconf 85' lang='lat' dir='ltr'>finem.</span> <span class='ocrx_word' id='word_1_131' title='bbox 1893 2132 2133 2195; x_wconf 86' lang='lat' dir='ltr'>Datum</span> <span class='ocrx_word' id='word_1_132' title='bbox 2182 2147 2251 2195; x_wconf 91' lang='lat' dir='ltr'>ut</span> <span class='ocrx_word' id='word_1_133' title='bbox 2297 2154 2504 2213; x_wconf 86' lang='lat' dir='ltr'>supra.</span> 
     </span>
    </p>

    <p class='ocr_par' dir='ltr' id='par_1_4' title="bbox 367 2246 3057 2666">
     <span class='ocr_line' id='line_1_17' title="bbox 527 2246 3054 2328; baseline 0.001 -21"><span class='ocrx_word' id='word_1_134' title='bbox 527 2246 596 2308; x_wconf 94' lang='lat' dir='ltr'>In</span> <span class='ocrx_word' id='word_1_135' title='bbox 641 2246 872 2307; x_wconf 87' lang='lat' dir='ltr'>eodem</span> <span class='ocrx_word' id='word_1_136' title='bbox 921 2248 1121 2307; x_wconf 88' lang='lat' dir='ltr'>modo</span> <span class='ocrx_word' id='word_1_137' title='bbox 1166 2247 1411 2326; x_wconf 92' lang='lat' dir='ltr'>populo</span> <span class='ocrx_word' id='word_1_138' title='bbox 1459 2246 1898 2328; x_wconf 83' lang='lat' dir='ltr'>Zagrabiensis</span> <span class='ocrx_word' id='word_1_139' title='bbox 1944 2248 2213 2307; x_wconf 88' lang='lat' dir='ltr'>civitatis</span> <span class='ocrx_word' id='word_1_140' title='bbox 2275 2258 2337 2308; x_wconf 92' lang='lat' dir='ltr'>et</span> <span class='ocrx_word' id='word_1_141' title='bbox 2399 2247 2686 2308; x_wconf 76' lang='lat' dir='ltr'>diocesis,</span> <span class='ocrx_word' id='word_1_142' title='bbox 2765 2246 3054 2310; x_wconf 88' lang='lat' dir='ltr'>Rationis</span> 
     </span>
     <span class='ocr_line' id='line_1_18' title="bbox 377 2359 3053 2439; baseline 0.001 -20"><span class='ocrx_word' id='word_1_143' title='bbox 377 2361 558 2421; x_wconf 89' lang='lat' dir='ltr'>oculis</span> <span class='ocrx_word' id='word_1_144' title='bbox 603 2372 709 2419; x_wconf 82' lang='lat' dir='ltr'><em>etc.</em></span> <span class='ocrx_word' id='word_1_145' title='bbox 755 2378 960 2438; x_wconf 89' lang='lat' dir='ltr'>usque</span> <span class='ocrx_word' id='word_1_146' title='bbox 1023 2359 1422 2434; x_wconf 77' lang='lat' dir='ltr'>mandanteS,</span> <span class='ocrx_word' id='word_1_147' title='bbox 1484 2370 1800 2439; x_wconf 82' lang='lat' dir='ltr'>quatenus</span> <span class='ocrx_word' id='word_1_148' title='bbox 1867 2360 2147 2420; x_wconf 85' lang='lat' dir='ltr'>eundem</span> <span class='ocrx_word' id='word_1_149' title='bbox 2219 2360 2493 2421; x_wconf 91' lang='lat' dir='ltr'>electum</span> <span class='ocrx_word' id='word_1_150' title='bbox 2566 2370 2896 2439; x_wconf 86' lang='lat' dir='ltr'>tamquam</span> <span class='ocrx_word' id='word_1_151' title='bbox 2942 2380 3053 2439; x_wconf 95' lang='lat' dir='ltr'>pa-</span> 
     </span>
     <span class='ocr_line' id='line_1_19' title="bbox 369 2472 3057 2553; baseline 0 -20"><span class='ocrx_word' id='word_1_152' title='bbox 369 2482 512 2533; x_wconf 86' lang='lat' dir='ltr'>trem</span> <span class='ocrx_word' id='word_1_153' title='bbox 578 2484 638 2534; x_wconf 90' lang='lat' dir='ltr'>et</span> <span class='ocrx_word' id='word_1_154' title='bbox 681 2482 1004 2552; x_wconf 79' lang='lat' dir='ltr'>pastorem</span> <span class='ocrx_word' id='word_1_155' title='bbox 1064 2475 1422 2533; x_wconf 88' lang='lat' dir='ltr'>animarum</span> <span class='ocrx_word' id='word_1_156' title='bbox 1489 2484 1838 2534; x_wconf 81' lang='lat' dir='ltr'>vestrarum</span> <span class='ocrx_word' id='word_1_157' title='bbox 1905 2472 2322 2533; x_wconf 88' lang='lat' dir='ltr'>admittentes</span> <span class='ocrx_word' id='word_1_158' title='bbox 2380 2473 2635 2551; x_wconf 86' lang='lat' dir='ltr'>ylariter</span> <span class='ocrx_word' id='word_1_159' title='bbox 2680 2482 2789 2532; x_wconf 84' lang='lat' dir='ltr'><em>etc.</em></span> <span class='ocrx_word' id='word_1_160' title='bbox 2853 2492 3057 2553; x_wconf 89' lang='lat' dir='ltr'>usque</span> 
     </span>
     <span class='ocr_line' id='line_1_20' title="bbox 367 2584 1346 2666; baseline -0.001 -20"><span class='ocrx_word' id='word_1_161' title='bbox 367 2584 690 2666; x_wconf 86' lang='lat' dir='ltr'>gaudeatis.</span> <span class='ocrx_word' id='word_1_162' title='bbox 735 2585 975 2647; x_wconf 89' lang='lat' dir='ltr'>Datum</span> <span class='ocrx_word' id='word_1_163' title='bbox 1024 2596 1094 2647; x_wconf 94' lang='lat' dir='ltr'>ut</span> <span class='ocrx_word' id='word_1_164' title='bbox 1139 2605 1346 2665; x_wconf 87' lang='lat' dir='ltr'>supra.</span> 
     </span>
    </p>

    <p class='ocr_par' dir='ltr' id='par_1_5' title="bbox 361 2697 3053 3454">
     <span class='ocr_line' id='line_1_21' title="bbox 523 2697 3046 2779; baseline -0.002 -20"><span class='ocrx_word' id='word_1_165' title='bbox 523 2698 594 2759; x_wconf 90' lang='lat' dir='ltr'>In</span> <span class='ocrx_word' id='word_1_166' title='bbox 639 2699 864 2760; x_wconf 89' lang='lat' dir='ltr'>eodem</span> <span class='ocrx_word' id='word_1_167' title='bbox 915 2700 1116 2759; x_wconf 90' lang='lat' dir='ltr'>modo</span> <span class='ocrx_word' id='word_1_168' title='bbox 1162 2698 1444 2759; x_wconf 87' lang='lat' dir='ltr'>vassallis</span> <span class='ocrx_word' id='word_1_169' title='bbox 1512 2699 1776 2759; x_wconf 88' lang='lat' dir='ltr'>ecclesie</span> <span class='ocrx_word' id='word_1_170' title='bbox 1822 2697 2277 2779; x_wconf 87' lang='lat' dir='ltr'>Zagrabiensis.</span> <span class='ocrx_word' id='word_1_171' title='bbox 2340 2698 2630 2759; x_wconf 90' lang='lat' dir='ltr'>Rationis</span> <span class='ocrx_word' id='word_1_172' title='bbox 2692 2698 2893 2758; x_wconf 89' lang='lat' dir='ltr'>oculis</span> <span class='ocrx_word' id='word_1_173' title='bbox 2940 2708 3046 2756; x_wconf 80' lang='lat' dir='ltr'>etc.</span> 
     </span>
     <span class='ocr_line' id='line_1_22' title="bbox 367 2810 3053 2893; baseline -0.001 -22"><span class='ocrx_word' id='word_1_174' title='bbox 367 2830 552 2891; x_wconf 87' lang='lat' dir='ltr'>usque</span> <span class='ocrx_word' id='word_1_175' title='bbox 598 2812 990 2887; x_wconf 85' lang='lat' dir='ltr'>mandantes,</span> <span class='ocrx_word' id='word_1_176' title='bbox 1036 2822 1351 2890; x_wconf 88' lang='lat' dir='ltr'>quatenus</span> <span class='ocrx_word' id='word_1_177' title='bbox 1397 2830 1513 2871; x_wconf 80' lang='lat' dir='ltr'>vos</span> <span class='ocrx_word' id='word_1_178' title='bbox 1560 2812 1829 2871; x_wconf 86' lang='lat' dir='ltr'>universi</span> <span class='ocrx_word' id='word_1_179' title='bbox 1879 2822 1943 2871; x_wconf 89' lang='lat' dir='ltr'>et</span> <span class='ocrx_word' id='word_1_180' title='bbox 1990 2811 2215 2893; x_wconf 87' lang='lat' dir='ltr'>singuli</span> <span class='ocrx_word' id='word_1_181' title='bbox 2262 2810 2472 2871; x_wconf 90' lang='lat' dir='ltr'>eidem</span> <span class='ocrx_word' id='word_1_182' title='bbox 2504 2812 2730 2885; x_wconf 90' lang='lat' dir='ltr'>elect0,</span> <span class='ocrx_word' id='word_1_183' title='bbox 2763 2810 2861 2871; x_wconf 91' lang='lat' dir='ltr'>vel</span> <span class='ocrx_word' id='word_1_184' title='bbox 2906 2830 3053 2890; x_wconf 90' lang='lat' dir='ltr'>pro-</span> 
     </span>
     <span class='ocr_line' id='line_1_23' title="bbox 370 2923 3053 3003; baseline -0.001 -18"><span class='ocrx_word' id='word_1_185' title='bbox 370 2927 739 2987; x_wconf 86' lang='lat' dir='ltr'>curatoribus</span> <span class='ocrx_word' id='word_1_186' title='bbox 785 2928 912 2987; x_wconf 87' lang='lat' dir='ltr'>suis</span> <span class='ocrx_word' id='word_1_187' title='bbox 959 2928 1092 2986; x_wconf 90' lang='lat' dir='ltr'>eius</span> <span class='ocrx_word' id='word_1_188' title='bbox 1140 2926 1402 2986; x_wconf 89' lang='lat' dir='ltr'>nomine</span> <span class='ocrx_word' id='word_1_189' title='bbox 1449 2926 1510 2984; x_wconf 90' lang='lat' dir='ltr'>in</span> <span class='ocrx_word' id='word_1_190' title='bbox 1557 2923 1692 2997; x_wconf 86' lang='lat' dir='ltr'>hiis,</span> <span class='ocrx_word' id='word_1_191' title='bbox 1726 2927 1784 2984; x_wconf 89' lang='lat' dir='ltr'>in</span> <span class='ocrx_word' id='word_1_192' title='bbox 1837 2924 2067 3003; x_wconf 89' lang='lat' dir='ltr'>quibus</span> <span class='ocrx_word' id='word_1_193' title='bbox 2098 2927 2423 3000; x_wconf 87' lang='lat' dir='ltr'>tenemini,</span> <span class='ocrx_word' id='word_1_194' title='bbox 2470 2924 2817 2998; x_wconf 87' lang='lat' dir='ltr'>intendere,</span> <span class='ocrx_word' id='word_1_195' title='bbox 2863 2944 2938 2985; x_wconf 88' lang='lat' dir='ltr'>ac</span> <span class='ocrx_word' id='word_1_196' title='bbox 2971 2923 3053 2984; x_wconf 91' lang='lat' dir='ltr'>de</span> 
     </span>
     <span class='ocr_line' id='line_1_24' title="bbox 364 3036 3049 3120; baseline -0 -23"><span class='ocrx_word' id='word_1_197' title='bbox 364 3041 476 3098; x_wconf 88' lang='lat' dir='ltr'>suis</span> <span class='ocrx_word' id='word_1_198' title='bbox 519 3039 744 3100; x_wconf 87' lang='lat' dir='ltr'>iuribus</span> <span class='ocrx_word' id='word_1_199' title='bbox 791 3040 1034 3120; x_wconf 87' lang='lat' dir='ltr'>integre</span> <span class='ocrx_word' id='word_1_200' title='bbox 1081 3036 1468 3117; x_wconf 90' lang='lat' dir='ltr'>respondere</span> <span class='ocrx_word' id='word_1_201' title='bbox 1516 3039 1772 3110; x_wconf 89' lang='lat' dir='ltr'>curetis;</span> <span class='ocrx_word' id='word_1_202' title='bbox 1842 3039 1925 3097; x_wconf 89' lang='lat' dir='ltr'>ita</span> <span class='ocrx_word' id='word_1_203' title='bbox 1982 3037 2159 3117; x_wconf 93' lang='lat' dir='ltr'>quod</span> <span class='ocrx_word' id='word_1_204' title='bbox 2206 3057 2322 3098; x_wconf 87' lang='lat' dir='ltr'>vos</span> <span class='ocrx_word' id='word_1_205' title='bbox 2367 3036 2726 3117; x_wconf 89' lang='lat' dir='ltr'>predictum</span> <span class='ocrx_word' id='word_1_206' title='bbox 2772 3037 3049 3098; x_wconf 89' lang='lat' dir='ltr'>electum</span> 
     </span>
     <span class='ocr_line' id='line_1_25' title="bbox 363 3150 3045 3232; baseline -0 -22"><span class='ocrx_word' id='word_1_207' title='bbox 363 3151 524 3212; x_wconf 87' lang='lat' dir='ltr'>vobis</span> <span class='ocrx_word' id='word_1_208' title='bbox 566 3151 829 3230; x_wconf 88' lang='lat' dir='ltr'>proinde</span> <span class='ocrx_word' id='word_1_209' title='bbox 875 3153 1275 3211; x_wconf 89' lang='lat' dir='ltr'>constituatis</span> <span class='ocrx_word' id='word_1_210' title='bbox 1321 3150 1737 3210; x_wconf 85' lang='lat' dir='ltr'>favorabilem</span> <span class='ocrx_word' id='word_1_211' title='bbox 1785 3160 1850 3210; x_wconf 90' lang='lat' dir='ltr'>et</span> <span class='ocrx_word' id='word_1_212' title='bbox 1895 3150 2263 3232; x_wconf 82' lang='lat' dir='ltr'>benignum,</span> <span class='ocrx_word' id='word_1_213' title='bbox 2332 3169 2581 3231; x_wconf 89' lang='lat' dir='ltr'>nosque</span> <span class='ocrx_word' id='word_1_214' title='bbox 2628 3150 3045 3211; x_wconf 89' lang='lat' dir='ltr'>devotionem</span> 
     </span>
     <span class='ocr_line' id='line_1_26' title="bbox 361 3261 3053 3343; baseline 0 -21"><span class='ocrx_word' id='word_1_215' title='bbox 361 3274 612 3324; x_wconf 76' lang='lat' dir='ltr'>vestram</span> <span class='ocrx_word' id='word_1_216' title='bbox 657 3267 974 3343; x_wconf 90' lang='lat' dir='ltr'>possimus</span> <span class='ocrx_word' id='word_1_217' title='bbox 1030 3265 1257 3324; x_wconf 91' lang='lat' dir='ltr'>merito</span> <span class='ocrx_word' id='word_1_218' title='bbox 1314 3262 1789 3324; x_wconf 89' lang='lat' dir='ltr'>commendare.</span> <span class='ocrx_word' id='word_1_219' title='bbox 1836 3261 2147 3340; x_wconf 90' lang='lat' dir='ltr'>Alioquin</span> <span class='ocrx_word' id='word_1_220' title='bbox 2210 3265 2591 3324; x_wconf 89' lang='lat' dir='ltr'>sententiam</span> <span class='ocrx_word' id='word_1_221' title='bbox 2641 3275 2760 3325; x_wconf 90' lang='lat' dir='ltr'>ete.</span> <span class='ocrx_word' id='word_1_222' title='bbox 2810 3261 3053 3324; x_wconf 89' lang='lat' dir='ltr'>Datum</span> 
     </span>
     <span class='ocr_line' id='line_1_27' title="bbox 363 3373 2933 3454; baseline 0 -20"><span class='ocrx_word' id='word_1_223' title='bbox 363 3376 520 3454; x_wconf 88' lang='lat' dir='ltr'>apud</span> <span class='ocrx_word' id='word_1_224' title='bbox 567 3377 803 3438; x_wconf 89' lang='lat' dir='ltr'>Urbem</span> <span class='ocrx_word' id='word_1_225' title='bbox 850 3387 1132 3437; x_wconf 82' lang='lat' dir='ltr'>veterem</span> <span class='ocrx_word' id='word_1_226' title='bbox 1182 3375 1356 3438; x_wconf 89' lang='lat' dir='ltr'>VIII.</span> <span class='ocrx_word' id='word_1_227' title='bbox 1406 3373 1528 3436; x_wconf 87' lang='lat' dir='ltr'>kal.</span> <span class='ocrx_word' id='word_1_228' title='bbox 1577 3375 1858 3435; x_wconf 90' lang='lat' dir='ltr'>octobris</span> <span class='ocrx_word' id='word_1_229' title='bbox 1904 3373 2315 3452; x_wconf 88' lang='lat' dir='ltr'>pontificatus</span> <span class='ocrx_word' id='word_1_230' title='bbox 2361 3379 2560 3437; x_wconf 90' lang='lat' dir='ltr'>nostri</span> <span class='ocrx_word' id='word_1_231' title='bbox 2605 3394 2779 3437; x_wconf 89' lang='lat' dir='ltr'>anno</span> <span class='ocrx_word' id='word_1_232' title='bbox 2827 3373 2933 3435; x_wconf 89' lang='lat' dir='ltr'>III.</span> 
     </span>
    </p>
   </div>
   <div class='ocr_carea' id='block_1_3' title="bbox 365 3549 3055 3852">
    <p class='ocr_par' dir='ltr' id='par_1_6' title="bbox 365 3549 3055 3852">
     <span class='ocr_line' id='line_1_28' title="bbox 527 3549 3055 3646; baseline -0.002 -20"><span class='ocrx_word' id='word_1_233' title='bbox 527 3569 782 3626; x_wconf 78' lang='lat' dir='ltr'>Theiner</span> <span class='ocrx_word' id='word_1_234' title='bbox 841 3569 1009 3626; x_wconf 85' lang='lat' dir='ltr'><em>Mon.</em></span> <span class='ocrx_word' id='word_1_235' title='bbox 1075 3549 1304 3642; x_wconf 55' lang='lat' dir='ltr'>A&#39;Iung.⁴</span> <span class='ocrx_word' id='word_1_236' title='bbox 1337 3569 1388 3627; x_wconf 91' lang='lat' dir='ltr'>I.</span> <span class='ocrx_word' id='word_1_237' title='bbox 1433 3588 1527 3626; x_wconf 73' lang='grc' dir='ltr'>κο.</span> <span class='ocrx_word' id='word_1_238' title='bbox 1579 3571 1723 3626; x_wconf 81' lang='lat'><strong><em>460.</em></strong></span> <span class='ocrx_word' id='word_1_239' title='bbox 1771 3575 1882 3628; x_wconf 83' lang='lat' dir='ltr'>str.</span> <span class='ocrx_word' id='word_1_240' title='bbox 1934 3570 2071 3625; x_wconf 82' lang='lat'><strong><em>245.</em></strong></span> <span class='ocrx_word' id='word_1_241' title='bbox 2122 3569 2189 3624; x_wconf 72' lang='grc' dir='ltr'>[ε</span> <span class='ocrx_word' id='word_1_242' title='bbox 2235 3588 2358 3642; x_wconf 84' lang='lat' dir='ltr'>reg.</span> <span class='ocrx_word' id='word_1_243' title='bbox 2408 3570 2563 3642; x_wconf 75' lang='lat' dir='ltr'>orig.</span> <span class='ocrx_word' id='word_1_244' title='bbox 2630 3587 2731 3626; x_wconf 82' lang='lat' dir='ltr'>an.</span> <span class='ocrx_word' id='word_1_245' title='bbox 2784 3567 2906 3626; x_wconf 89' lang='lat' dir='ltr'>III.</span> <span class='ocrx_word' id='word_1_246' title='bbox 2958 3577 3055 3646; x_wconf 38' lang='lat' dir='ltr'>ep·</span> 
     </span>
     <span class='ocr_line' id='line_1_29' title="bbox 365 3672 3040 3750; baseline 0.001 -25"><span class='ocrx_word' id='word_1_247' title='bbox 365 3677 440 3728; x_wconf 89' lang='lat'>10.</span> <span class='ocrx_word' id='word_1_248' title='bbox 491 3706 564 3714; x_wconf 92' lang='lat'><strong>—</strong></span> <span class='ocrx_word' id='word_1_249' title='bbox 627 3674 866 3731; x_wconf 82' lang='lat' dir='ltr'>Wenzel</span> <span class='ocrx_word' id='word_1_250' title='bbox 913 3673 1060 3733; x_wconf 79' lang='lat' dir='ltr'>cod.</span> <span class='ocrx_word' id='word_1_251' title='bbox 1121 3672 1356 3748; x_wconf 82' lang='lat' dir='ltr'>Arpad.</span> <span class='ocrx_word' id='word_1_252' title='bbox 1409 3672 1530 3731; x_wconf 85' lang='grc' dir='ltr'><em>[ΙΙ.</em></span> <span class='ocrx_word' id='word_1_253' title='bbox 1585 3677 1682 3729; x_wconf 78' lang='lat'>44.</span> <span class='ocrx_word' id='word_1_254' title='bbox 1731 3705 1818 3714; x_wconf 89' lang='lat'>—</span> <span class='ocrx_word' id='word_1_255' title='bbox 1863 3672 2151 3730; x_wconf 80' lang='lat' dir='ltr'>Potthast</span> <span class='ocrx_word' id='word_1_256' title='bbox 2190 3674 2343 3746; x_wconf 73' lang='lat' dir='ltr'>Reg.</span> <span class='ocrx_word' id='word_1_257' title='bbox 2382 3674 2612 3750; x_wconf 85' lang='lat' dir='ltr'>pontif.</span> <span class='ocrx_word' id='word_1_258' title='bbox 2662 3691 2756 3730; x_wconf 74' lang='grc' dir='ltr'>κο.</span> <span class='ocrx_word' id='word_1_259' title='bbox 2804 3673 3040 3730; x_wconf 86' lang='grc'><strong><em>18.653.</em></strong></span> 
     </span>
     <span class='ocr_line' id='line_1_30' title="bbox 366 3773 2829 3852; baseline 0 -19"><span class='ocrx_word' id='word_1_260' title='bbox 366 3809 430 3815; x_wconf 89' lang='grc'><strong>-</strong></span> <span class='ocrx_word' id='word_1_261' title='bbox 478 3775 846 3852; x_wconf 82' lang='lat' dir='ltr'>Kukuljevic&#39;</span> <span class='ocrx_word' id='word_1_262' title='bbox 881 3778 1033 3850; x_wconf 84' lang='lat' dir='ltr'>Reg.</span> <span class='ocrx_word' id='word_1_263' title='bbox 1085 3797 1178 3834; x_wconf 76' lang='grc' dir='ltr'>κο.</span> <span class='ocrx_word' id='word_1_264' title='bbox 1231 3779 1368 3832; x_wconf 84' lang='grc'><strong>839.</strong></span> <span class='ocrx_word' id='word_1_265' title='bbox 1417 3811 1500 3818; x_wconf 84' lang='grc'><strong>-</strong></span> <span class='ocrx_word' id='word_1_266' title='bbox 1555 3773 1820 3834; x_wconf 63' lang='grc' dir='ltr'><em>Τὲαἰέἱέ</em></span> <span class='ocrx_word' id='word_1_267' title='bbox 1859 3777 2028 3833; x_wconf 86' lang='lat' dir='ltr'><em>Mon.</em></span> <span class='ocrx_word' id='word_1_268' title='bbox 2079 3777 2191 3834; x_wconf 83' lang='lat' dir='ltr'>civ.</span> <span class='ocrx_word' id='word_1_269' title='bbox 2239 3775 2503 3850; x_wconf 83' lang='lat' dir='ltr'>Zagrab.</span> <span class='ocrx_word' id='word_1_270' title='bbox 2557 3780 2829 3834; x_wconf 77' lang='lat'><strong><em>33—34.</em></strong></span> 
     </span>
    </p>
   </div>
   <div class='ocr_carea' id='block_1_4' title="bbox 363 4153 1792 4413">
    <p class='ocr_par' dir='ltr' id='par_1_7' title="bbox 363 4153 1792 4413">
     <span class='ocr_line' id='line_1_31' title="bbox 1601 4153 1792 4234; baseline -0.026 0"><span class='ocrx_word' id='word_1_271' title='bbox 1601 4153 1792 4234; x_wconf 82' lang='lat'><strong>758.</strong></span> 
     </span>
     <span class='ocr_line' id='line_1_32' title="bbox 363 4327 1324 4413; baseline 0.002 -23"><span class='ocrx_word' id='word_1_272' title='bbox 363 4327 550 4408; x_wconf 82' lang='lat'>1263,</span> <span class='ocrx_word' id='word_1_273' title='bbox 589 4329 779 4413; x_wconf 57' lang='lat' dir='ltr'>prtia</span> <span class='ocrx_word' id='word_1_274' title='bbox 826 4331 935 4396; x_wconf 84' lang='lat'>13.</span> <span class='ocrx_word' id='word_1_275' title='bbox 986 4327 1324 4395; x_wconf 80' lang='lat' dir='ltr'>oktobra.</span> 
     </span>
    </p>
   </div>
   <div class='ocr_carea' id='block_1_5' title="bbox 361 4515 3065 4718">
    <p class='ocr_par' dir='ltr' id='par_1_8' title="bbox 361 4515 3065 4718">
     <span class='ocr_line' id='line_1_33' title="bbox 361 4515 3065 4606; baseline -0.001 -25"><span class='ocrx_word' id='word_1_276' title='bbox 361 4518 522 4582; x_wconf 83' lang='lat' dir='ltr'>Bela</span> <span class='ocrx_word' id='word_1_277' title='bbox 585 4521 774 4602; x_wconf 81' lang='lat' dir='ltr'>kralj</span> <span class='ocrx_word' id='word_1_278' title='bbox 829 4516 1122 4606; x_wconf 74' lang='lat' dir='ltr'>ugarskz‘</span> <span class='ocrx_word' id='word_1_279' title='bbox 1161 4518 1195 4582; x_wconf 69' lang='grc' dir='ltr'>ι’</span> <span class='ocrx_word' id='word_1_280' title='bbox 1233 4517 1553 4582; x_wconf 77' lang='lat' dir='ltr'>hrvatskz‘</span> <span class='ocrx_word' id='word_1_281' title='bbox 1609 4517 1852 4582; x_wconf 80' lang='lat' dir='ltr'>dan&#39;va</span> <span class='ocrx_word' id='word_1_282' title='bbox 1914 4519 2149 4582; x_wconf 79' lang='lat' dir='ltr'>Karlu</span> <span class='ocrx_word' id='word_1_283' title='bbox 2198 4517 2231 4581; x_wconf 72' lang='grc' dir='ltr'>ι’</span> <span class='ocrx_word' id='word_1_284' title='bbox 2268 4516 2654 4580; x_wconf 77' lang='lat' dir='ltr'>Ladz&#39;slavu</span> <span class='ocrx_word' id='word_1_285' title='bbox 2716 4515 3065 4580; x_wconf 78' lang='lat' dir='ltr'>sz&#39;novz‘ma</span> 
     </span>
     <span class='ocr_line' id='line_1_34' title="bbox 1011 4630 2372 4718; baseline -0.002 -23"><span class='ocrx_word' id='word_1_286' title='bbox 1011 4630 1546 4718; x_wconf 79' lang='lat' dir='ltr'>Reynoldovima</span> <span class='ocrx_word' id='word_1_287' title='bbox 1591 4631 1835 4715; x_wconf 81' lang='lat' dir='ltr'>zemlju</span> <span class='ocrx_word' id='word_1_288' title='bbox 1887 4630 2372 4710; x_wconf 75' lang='lat' dir='ltr'>»Zemefelde‹.</span> 
     </span>
    </p>
   </div>
   <div class='ocr_carea' id='block_1_6' title="bbox 357 4819 3067 5126">
    <p class='ocr_par' dir='ltr' id='par_1_9' title="bbox 357 4819 3067 5126">
     <span class='ocr_line' id='line_1_35' title="bbox 521 4819 3064 4909; baseline -0.002 -21"><span class='ocrx_word' id='word_1_289' title='bbox 521 4826 667 4888; x_wconf 89' lang='lat' dir='ltr'>Bela</span> <span class='ocrx_word' id='word_1_290' title='bbox 698 4826 814 4888; x_wconf 90' lang='lat' dir='ltr'>dei</span> <span class='ocrx_word' id='word_1_291' title='bbox 847 4829 1058 4909; x_wconf 87' lang='lat' dir='ltr'>gracia</span> <span class='ocrx_word' id='word_1_292' title='bbox 1109 4825 1455 4907; x_wconf 89' lang='lat' dir='ltr'>Hungarie‚</span> <span class='ocrx_word' id='word_1_293' title='bbox 1505 4823 1854 4896; x_wconf 84' lang='lat' dir='ltr'>Dalmacie,</span> <span class='ocrx_word' id='word_1_294' title='bbox 1903 4821 2186 4896; x_wconf 91' lang='lat' dir='ltr'>Croacie,</span> <span class='ocrx_word' id='word_1_295' title='bbox 2230 4823 2453 4896; x_wconf 86' lang='lat' dir='ltr'>Rame,</span> <span class='ocrx_word' id='word_1_296' title='bbox 2498 4823 2735 4896; x_wconf 71' lang='lat' dir='ltr'>Serme,</span> <span class='ocrx_word' id='word_1_297' title='bbox 2780 4819 3064 4894; x_wconf 87' lang='lat' dir='ltr'>Gallicie,</span> 
     </span>
     <span class='ocr_line' id='line_1_36' title="bbox 358 4932 3063 5017; baseline -0.001 -19"><span class='ocrx_word' id='word_1_298' title='bbox 358 4935 752 5014; x_wconf 89' lang='lat' dir='ltr'>Lodomerie,</span> <span class='ocrx_word' id='word_1_299' title='bbox 784 4938 1231 5017; x_wconf 76' lang='lat' dir='ltr'>Cumanquue</span> <span class='ocrx_word' id='word_1_300' title='bbox 1276 4932 1390 5000; x_wconf 76' lang='lat' dir='ltr'>rex&#39;</span> <span class='ocrx_word' id='word_1_301' title='bbox 1419 4939 1728 4999; x_wconf 80' lang='lat' dir='ltr'>unIuersis</span> <span class='ocrx_word' id='word_1_302' title='bbox 1758 4947 2087 5017; x_wconf 90' lang='lat' dir='ltr'>presentes</span> <span class='ocrx_word' id='word_1_303' title='bbox 2118 4935 2356 4996; x_wconf 89' lang='lat' dir='ltr'>litteras</span> <span class='ocrx_word' id='word_1_304' title='bbox 2386 4936 2763 5015; x_wconf 87' lang='lat' dir='ltr'>inspecturis</span> <span class='ocrx_word' id='word_1_305' title='bbox 2792 4933 3063 4995; x_wconf 90' lang='lat' dir='ltr'>salutem</span> 
     </span>
     <span class='ocr_line' id='line_1_37' title="bbox 357 5047 3067 5126; baseline -0.001 -15"><span class='ocrx_word' id='word_1_306' title='bbox 357 5050 416 5112; x_wconf 90' lang='lat' dir='ltr'>in</span> <span class='ocrx_word' id='word_1_307' title='bbox 447 5055 720 5114; x_wconf 89' lang='lat' dir='ltr'>omnium</span> <span class='ocrx_word' id='word_1_308' title='bbox 757 5052 1092 5114; x_wconf 87' lang='lat' dir='ltr'>saluatore.</span> <span class='ocrx_word' id='word_1_309' title='bbox 1124 5050 1233 5113; x_wconf 93' lang='lat' dir='ltr'>Ad</span> <span class='ocrx_word' id='word_1_310' title='bbox 1262 5053 1700 5112; x_wconf 89' lang='lat' dir='ltr'>uniuersorum</span> <span class='ocrx_word' id='word_1_311' title='bbox 1734 5051 2035 5110; x_wconf 85' lang='lat' dir='ltr'>noticiam</span> <span class='ocrx_word' id='word_1_312' title='bbox 2070 5055 2297 5109; x_wconf 91' lang='lat' dir='ltr'>tenore</span> <span class='ocrx_word' id='word_1_313' title='bbox 2321 5048 2723 5126; x_wconf 89' lang='lat' dir='ltr'>presencium</span> <span class='ocrx_word' id='word_1_314' title='bbox 2762 5047 3067 5108; x_wconf 91' lang='lat' dir='ltr'>uolumus</span> 
     </span>
    </p>
   </div>
   <div class='ocr_carea' id='block_1_7' title="bbox 438 5157 2972 5229">
    <p class='ocr_par' dir='ltr' id='par_1_10' title="bbox 438 5157 2972 5229">
     <span class='ocr_line' id='line_1_38' title="bbox 438 5157 2972 5229; baseline -0.002 -4"><span class='ocrx_word' id='word_1_315' title='bbox 438 5183 574 5229; x_wconf 85' lang='lat' dir='ltr'>con.</span> <span class='ocrx_word' id='word_1_316' title='bbox 619 5185 780 5227; x_wconf 73' lang='lat' dir='ltr'>mm..</span> <span class='ocrx_word' id='word_1_317' title='bbox 825 5183 886 5226; x_wconf 84' lang='lat' dir='ltr'>v.</span> <span class='ocrx_word' id='word_1_318' title='bbox 2900 5157 2972 5221; x_wconf 77' lang='grc'>17</span> 
     </span>
    </p>
   </div>
  </div>
 </body>
</html>
