3797 5795
339 563 411 603 ex
456 543 571 602 hac
618 539 945 601 descendit
992 543 1055 600 in
1106 538 1343 600 flumen
1418 538 1769 616 Katliynna
1816 539 2032 616 ibique
2078 549 2172 598 est
2222 549 2394 598 meta
2442 549 2505 598 et
2554 536 2790 603 flumen
2863 537 3042 599 ducit

340 657 611 734 superius
657 653 739 714 ad
783 656 1061 732 priorem
1129 653 1343 728 ibique
1406 652 1840 712 terminantur.
1890 651 1984 713 Vt
2030 651 2217 732 igitur
2277 652 2585 728 premissa
2633 651 2826 710 robur
2871 652 3037 712 obti-

340 779 517 829 neant
562 777 867 846 perpetue
911 764 1240 836 firmitatiS,
1286 777 1614 843 presentes
1656 762 1865 824 eidem
1903 763 2108 824 Vzme
2139 763 2436 824 dedimus
2482 765 2720 824 litteras
2765 762 3038 842 duplicis

337 881 503 962 sigilli
572 883 767 941 nostri
830 880 1181 939 munimine
1242 877 1598 937 roboratas.
1662 876 1902 937 Datum
1965 895 2079 955 per
2141 895 2368 936 manus
2429 877 2642 936 dilecti
2711 888 2774 936 et
2836 875 3044 937 fidelis

348 997 531 1055 nostri
582 995 859 1074 magistri
922 989 1259 1072 Smaragdi
1332 989 1635 1050 Albensis
1702 991 2027 1068 prepositi,
2073 989 2215 1050 aule
2261 1000 2478 1050 nostre
2545 989 3039 1051 vicecancellarii

342 1127 506 1168 anno
538 1106 779 1166 domini
813 1104 1149 1165 millesimo
1196 1104 1639 1164 ducentesimo
1688 1105 2220 1183 quinquagesimo
2267 1103 2559 1181 septimO,
2607 1105 2783 1184 regni
2817 1113 3036 1162 autem

349 1223 536 1281 nostri
583 1238 755 1280 anno
799 1221 1103 1279 vicesimo
1151 1216 1455 1278 secund0.

504 1414 565 1470 [Ζ
602 1407 911 1488 ρνῠεφιζςα
958 1410 1205 1488 kaptola
1261 1409 1710 1483 Zazttzanskoga
1758 1411 1843 1466 od
1872 1429 1936 1482 g.
1985 1410 2164 1466 1344.
2217 1411 2315 1462 20.
2363 1410 2553 1483 maja,
2600 1407 2758 1465 kako
2806 1417 2862 1465 to
2896 1419 3040 1486 pre-

322 1519 501 1594 pisao
546 1519 655 1573 isti
694 1516 905 1592 kaptol
935 1537 998 1590 g.
1048 1517 1209 1572 1416.
1260 1519 1335 1570 11.
1368 1514 1519 1589 jula
1564 1533 1637 1570 za
1683 1521 1998 1570 samos-tan
2055 1511 2324 1586 gart'c‘kz'.
2375 1511 2656 1570 Izvorm'k
2709 1515 3038 1588 potonjega

333 1641 419 1678 na
452 1622 816 1698 pergameni
872 1640 912 1676 u
971 1619 1061 1676 kr.
1128 1618 1456 1694 ugarskom
1518 1619 1645 1675 dri.
1718 1617 1944 1674 arkivu
1993 1638 2032 1674 u
2080 1618 2468 1693 Budimpes‘ti
2484 1639 2504 1673 .·
2569 1618 2656 1674 M.
2717 1619 2788 1677 O.
2837 1618 2916 1674 D.
2971 1618 3040 1676 L.

336 1701 565 1784 35.14'6.
614 1759 699 1766 —
744 1723 991 1781 Nekoc‘:
1035 1724 1189 1782 Acta
1235 1730 1491 1782 monast.
1548 1723 1760 1794 (iar-agr.
1792 1724 1974 1798 fasc.
2025 1721 2070 1778 l
2075 1723 2133 1780 V.
2189 1739 2283 1778 no.
2337 1725 2436 1775 40.

509 1827 879 1903 Kaeckulskvic‘
916 1829 1060 1901 lt'eg.
1112 1827 1199 1884 br.
1256 1829 1394 1883 742.

1601 2220 1793 2298 594.

335 2415 533 2493 1257,
576 2414 681 2478 26.
734 2409 1141 2479 decembra.
1189 2411 1437 2478 Kotor.

824 2601 1298 2686 Prt‘jatelyktvo
1346 2601 1641 2687 z‘zmedja
1690 2599 2148 2664 Dubrovm'ka
2193 2600 2228 2662 i
2269 2601 2553 2664 Kotora.

512 2793 702 2856 Anno
774 2797 1223 2856 incarnationis
1284 2794 1527 2854 domini
1592 2795 1932 2854 millesimo
2002 2793 2446 2853 ducentesimo
2509 2796 3046 2876 quinquagesimo

343 2910 624 2987 septimO,
691 2910 929 2969 mensis
990 2908 1365 2980 decembris,
1433 2918 1622 2968 sexto
1699 2907 1802 2967 die
1864 2918 2160 2981 exeunte,
2225 2906 2572 2968 indictione
2645 2910 2862 2986 quinta
2933 2909 3046 2969 de-

344 3025 517 3083 cima.
592 3022 728 3083 Nos
790 3022 1003 3083 Desen
1052 3020 1134 3080 de
1182 3020 1489 3082 mandato
1554 3020 1797 3081 domini
1872 3020 2078 3082 Urosii
2141 3022 2531 3081 inuictissimi
2595 3022 2776 3101 regis,
2821 3041 3046 3083 comes

346 3133 589 3208 Cattari,
633 3135 875 3195 iudices
906 3146 967 3195 et
1000 3135 1311 3194 consiliari
1354 3154 1501 3195 cum
1551 3134 1881 3194 uoluntate
1915 3136 2108 3194 totius
2154 3134 2372 3213 populi
2423 3136 2692 3195 ciuitatis
2737 3134 3042 3213 predicte,

347 3267 419 3308 ac
473 3250 677 3308 sonitu
748 3266 1061 3325 campane
1122 3249 1184 3306 in
1247 3248 1559 3307 concione
1613 3246 1930 3321 sedentes,
2009 3247 2178 3307 istud
2250 3248 2602 3319 statuimus
2667 3259 2733 3308 ut
2780 3257 3042 3327 pactum

347 3363 508 3439 pacis
552 3359 849 3421 habende
893 3379 1041 3420 cum
1089 3359 1453 3420 hominibus
1502 3360 1755 3441 Ragusii
1788 3360 2229 3434 stabiliremuS,
2259 3360 2343 3421 ad
2376 3379 2540 3439 quos
2576 3360 2876 3422 Basilium
2908 3360 3044 3423 Da-

346 3474 524 3534 brace
568 3487 631 3534 et
672 3472 1035 3552 Johannem
1083 3470 1245 3553 Gige
1303 3472 1762 3533 destinauimus
1808 3474 2036 3533 missos
2081 3492 2198 3551 pro
2244 3473 2601 3533 stabilitatis
2647 3486 2839 3553 pacto
2886 3494 3033 3537 cum

349 3586 575 3646 eisdem
624 3586 886 3646 firmiter
933 3585 1227 3645 faciendo
1258 3586 1341 3646 ad
1374 3585 1513 3654 hoc,
1544 3600 1611 3645 ut
1644 3588 1805 3646 inter
1835 3588 2160 3646 ciuitatem
2209 3586 2600 3667 Ragusinam
2653 3598 2716 3649 et
2750 3589 3044 3649 homines

351 3700 692 3780 Ragusinos
760 3709 824 3758 et
892 3699 1211 3759 ciuitatem
1294 3696 1531 3761 Cattari
1604 3710 1666 3758 et
1736 3699 2030 3759 homines
2099 3696 2458 3761 Cattarinos
2533 3720 2690 3779 pura
2769 3703 3047 3763 amicitia

348 3821 713 3889 perseueret,
760 3830 891 3871 non
938 3810 1148 3881 fincta,
1196 3830 1321 3890 que
1367 3811 1467 3872 dei
1517 3812 1853 3873 clementia
1901 3813 2199 3890 suscipiat
2249 3814 2731 3875 incrementum.
2778 3814 2842 3877 Si
2893 3835 3050 3876 uero

348 3926 498 3985 inter
558 3926 845 3985 ciuitates
914 3934 1213 4003 utrasque
1282 3926 1407 3985 iam
1476 3926 1793 4003 predictas
1854 3936 1918 3985 et
1981 3925 2273 3986 homines
2341 3926 2693 3988 eorundem
2767 3929 3048 4007 quedam

352 4036 536 4097 fuerat
583 4047 807 4098 exorta
854 4036 1187 4109 discordia,
1232 4038 1313 4097 ad
1349 4036 1472 4098 tale
1506 4038 1924 4098 concordium
1958 4038 2057 4099 dei
2093 4039 2329 4099 auxilio
2363 4039 2758 4115 deuenimuS,
2790 4061 3046 4121 semper

352 4148 709 4211 habendum
749 4151 869 4211 sub
900 4150 1010 4210 tali
1044 4150 1337 4211 uidelicet
1383 4150 1769 4240 conditione,
1802 4164 1869 4211 ut
1904 4149 2208 4214 Cattarini
2255 4154 2604 4234 Ragusium
2640 4155 2727 4214 ire
2760 4155 3050 4215 uolentes

353 4263 533 4324 libere
577 4282 791 4325 emere
836 4276 901 4323 et
946 4263 1225 4324 uendere
1271 4264 1543 4337 ualeant,
1592 4264 1831 4324 nullam
1876 4264 2254 4325 exhibentes
2300 4265 2580 4326 duanam
2629 4281 2906 4346 excepto
2954 4269 3040 4327 illi

356 4372 661 4449 Cattatini‚
729 4380 835 4455 qui
907 4378 968 4438 in
1038 4378 1318 4458 Ragusio
1394 4388 1737 4457 apotegam
1815 4388 2122 4437 tenerent·
2175 4377 2454 4439 duanam
2530 4380 2911 4457 persoluant,
2983 4392 3050 4441 ut

358 4493 553 4549 ceteri·
594 4491 883 4571 Ragusei.
946 4489 1246 4553 Similiter
1291 4499 1354 4551 et
1402 4491 1693 4550 homines
1756 4490 2030 4571 Ragusei
2058 4510 2066 4517 ·
2095 4488 2423 4553 Cattarum
2498 4494 2711 4552 uenire
2759 4493 3056 4553 uolentes

360 4600 538 4663 libere
583 4623 794 4664 emere
826 4616 889 4664 et
922 4603 1201 4666 uendere
1247 4604 1522 4677 ualeant,
1569 4602 1805 4664 nullam
1854 4602 2287 4682 persoluendo
2319 4604 2620 4679 duanam,
2670 4608 2781 4667 nisi
2832 4615 3049 4666 tamen

365 4714 437 4774 illi
506 4716 770 4796 Ragusei
840 4719 945 4792 qui
1017 4718 1079 4776 in
1150 4713 1410 4778 Cattaro
1450 4727 1815 4801 ‘apotegam
1890 4727 2198 4790 tenerent,
2253 4720 2413 4778 sicut
2480 4721 2670 4779 ceteri
2747 4716 3051 4782 Cattarini

367 4825 619 4888 duanam
696 4829 1078 4907 persoluant.
1157 4828 1367 4907 Quam
1446 4829 1533 4889 ob
1608 4849 1739 4890 rem
1819 4829 2165 4908 plurimum
2238 4832 2586 4909 cupientes,
2661 4842 2727 4891 ut
2791 4850 3058 4911 presens

368 4940 645 5018 scriptum
691 4952 754 5001 et
800 4940 1215 5002 concordium
1264 4943 1459 5003 robur
1505 4943 1805 5021 deinceps
1846 4952 2064 5003 teneat
2113 4940 2438 5017 firmitatiS,
2483 4964 2559 5005 ac
2603 4944 3052 5006 inuiolabiliter

370 5051 735 5125 obseruetur,
810 5054 985 5133 quod
1061 5074 1323 5133 presens
1398 5058 1700 5134 scriptum
1780 5055 1909 5116 fieri
1990 5054 2257 5116 fecimus
2325 5075 2439 5135 per
2509 5075 2734 5117 manus
2803 5057 3058 5119 diaconi
