3797 5795
1912 373 2311 435 --134-

752 562 983 633 cunda‚
1025 561 1231 640 Jadrc.
1277 562 1674 640 temporibus
1721 562 1963 623 domini
2029 564 2323 641 Raynerii
2372 562 2537 625 Geni
2584 563 2777 624 incliti
2824 564 3003 625 ducis
3064 565 3359 625 Venecie
3408 572 3477 621 et

755 676 1034 755 magistri
1087 674 1416 735 Laurencii
1465 676 1840 735 venerabilis
1893 674 2215 755 jadrensis
2260 677 2735 755 archiepiscopi,
2780 696 2856 737 ac
2896 676 3205 756 Johannis
3254 674 3475 737 Bado-

755 790 904 847 uarii
953 790 1182 868 egregii
1249 790 1516 848 comitis.
1587 788 1999 849 Manifestum
2067 790 2335 850 facimus
2404 809 2523 849 nos
2588 790 2976 871 Priuonegus
3035 800 3097 851 et
3144 789 3471 865 Diminoy

753 901 975 961 fratres
1021 898 1128 959 filii
1177 900 1458 962 condam
1507 900 1738 970 Desc0‚
1801 905 1949 979 quia
2010 902 2225 963 habita
2288 902 2551 964 licencia
2596 902 2840 963 domini
2888 902 3159 980 Nicolay
3206 902 3479 962 abbatis

755 1016 1118 1073 monasterii
1169 1016 1366 1073 sancti
1439 1013 1779 1095 (irisogoni
1827 1016 1933 1088 do,
2000 1015 2217 1076 uendo
2284 1027 2478 1095 atque
2547 1026 2867 1076 transacto
2944 1016 3124 1075 vobis
3194 1015 3475 1092 quidem

747 1126 994 1205 Juanco
1041 1126 1122 1187 de
1170 1127 1454 1187 Brodaro
1501 1137 1565 1188 et
1611 1126 1830 1189 Grube
1900 1129 2279 1209 coniugibus
2338 1141 2399 1187 et
2446 1130 2671 1189 uestris
2717 1127 3055 1189 heredibus
3101 1138 3163 1188 et
3210 1146 3477 1189 sucees-

754 1241 1002 1300 soribus
1050 1240 1360 1317 quasdam
1409 1254 1656 1300 nostras
1705 1244 1859 1301 vites
1905 1243 2147 1319 positas
2192 1241 2275 1301 ad
2322 1242 2723 1316 Petricanum
2759 1243 3019 1301 interra
3050 1241 3471 1319 suprascripti

757 1356 1146 1422 monaster-ii,
1195 1372 1320 1431 que
1367 1354 1480 1413 fuit
1527 1354 1803 1414 condam
1855 1355 2135 1432 Rasboy,
2196 1374 2357 1434 quas
2418 1357 2611 1415 etiam
2672 1357 2945 1415 emimus
3006 1374 3042 1413 a
3108 1353 3475 1414 Pribislauo

753 1465 883 1526 filio
930 1464 1248 1546 Draganic
1294 1485 1439 1526 cum
1488 1477 1626 1526 tota
1657 1468 1943 1545 presalia,
1988 1470 2123 1527 siue
2167 1486 2311 1528 cum
2362 1470 2489 1527 suis
2534 1467 2835 1527 omnibus
2880 1468 3162 1527 terminis
3208 1480 3271 1526 et
3320 1484 3475 1545 per-

754 1580 1042 1639 tinenciis
1089 1594 1220 1639 tam
1268 1580 1492 1640 subtus
1538 1594 1770 1639 terram
1819 1599 2014 1659 quam
2076 1600 2266 1659 supra
2313 1592 2543 1641 terram
2592 1583 2694 1653 ita,
2725 1590 2795 1641 ut
2839 1600 2876 1639 a
2910 1580 3110 1640 modo
3158 1583 3219 1639 in
3266 1592 3471 1639 antea

752 1690 937 1752 liceat
985 1693 1165 1752 vobis
1231 1694 1672 1771 suprascriptis
1732 1691 1979 1772 Juanco
2040 1706 2105 1753 et
2166 1692 2385 1755 Grube
2446 1693 2823 1774 coniugibus
2882 1704 2947 1753 et
3010 1694 3233 1753 uestris
3280 1692 3471 1752 here-

752 1804 940 1864 dibus
985 1818 1047 1865 et
1095 1806 1563 1867 successoribus
1607 1806 1926 1885 predictas
1986 1808 2143 1867 vites
2204 1807 2399 1867 libere
2446 1806 2698 1876 habere,
2757 1818 3071 1884 perpetuo
3130 1804 3473 1883 possidere

753 1936 902 1978 cum
951 1918 1139 1996 plena
1187 1922 1414 1979 virtute
1445 1930 1507 1979 et
1541 1929 1862 1997 potestate
1892 1919 2427 1999 inti-omitttiendi⁹
2462 1918 2759 1991 habendi,
2787 1918 3065 1990 tenendi,
3114 1917 3471 1983 uendendi.

756 2030 971 2105 dandi,
1017 2031 1320 2098 donandi,
1367 2032 1688 2112 obligandi
1739 2051 1856 2111 pro
1902 2034 2115 2093 anima
2178 2032 2500 2092 indicandi
2546 2043 2610 2091 et
2655 2041 2859 2091 totam
2910 2044 3185 2091 uestram
3232 2030 3471 2090 uolun-

756 2152 955 2204 tatem
1004 2145 1239 2204 exinde
1289 2120 1587 2217 iaciendi,
1648 2148 1905 2205 nemine
1966 2146 2147 2205 vobis
2200 2145 2678 2205 contradicente
2746 2146 2810 2203 in
2872 2156 3271 2223 perpetuum.
3352 2142 3469 2205 Ob

755 2274 947 2333 quam
997 2256 1344 2329 dationem,
1376 2257 1820 2318 uendicionem
1855 2261 1989 2319 siue
2020 2260 2580 2319 transactationem
2614 2276 2725 2317 vos
2756 2258 3181 2336 prenominati
3208 2255 3467 2335 Juanco

755 2380 819 2429 et
868 2366 1091 2430 Gruba
1147 2372 1454 2451 coniuges
1514 2370 1776 2431 dedistis
1839 2372 2043 2445 nobiS,
2096 2372 2263 2431 bene
2330 2382 2394 2431 et
2463 2373 2707 2451 integre
2766 2368 3001 2429 exinde
3066 2369 3467 2448 persoluistis

757 2482 942 2542 nobis
989 2482 1177 2542 libras
1223 2482 1624 2543 denariorum
1679 2484 2079 2545 Venetorum
2128 2484 2474 2544 sexdecim.
2541 2482 2719 2561 Quas
2780 2482 3095 2561 predictas
3142 2484 3300 2541 vites
3350 2480 3464 2539 de·

755 2595 983 2655 bemus
1029 2614 1147 2655 nos
1193 2598 1595 2675 suprascripti
1645 2596 2037 2678 Priuonegus
2081 2608 2142 2657 et
2192 2596 2500 2674 Diminoy
2548 2596 2768 2657 fratres
2814 2614 2960 2656 cum
3010 2595 3239 2654 nostris
3279 2593 3463 2652 here-

756 2708 943 2768 dibus
1003 2720 1068 2767 et
1135 2710 1604 2770 successoribus
1675 2711 1856 2770 vobis
1922 2710 2178 2788 prefatis
2241 2710 2487 2790 Juanco
2548 2722 2611 2769 et
2672 2706 2892 2771 Grube
2952 2707 3333 2787 coniugibus
3398 2720 3463 2765 et

754 2822 978 2881 uestris
1025 2821 1361 2883 heredibus
1407 2836 1468 2883 et
1517 2823 1987 2883 successoribus
2034 2823 2567 2902 discalumpniare
2628 2832 2691 2882 et
2753 2821 3087 2881 defensare
3148 2819 3232 2879 ab
3280 2820 3466 2878 omni

755 2934 1016 2996 homine
1075 2949 1138 2996 et
1209 2956 1498 3015 persona,
1578 2957 1690 2997 vos
1757 2937 1994 2998 exinde
2048 2937 2525 3015 calumpniante
2584 2955 2771 3014 super
2840 2955 2961 2996 nos
3024 2949 3087 2995 et
3160 2935 3469 2994 omnibus

753 3050 984 3109 nostris
1029 3050 1216 3109 bonis
1263 3050 1491 3110 habitis
1537 3063 1598 3110 et
1647 3049 1957 3110 habendis
2004 3052 2065 3110 in
2113 3050 2237 3110 hoc
2282 3050 2515 3116 seculo,
2574 3050 2753 3110 saluo
2800 3067 3055 3126 semper
3101 3050 3275 3108 omni
3328 3050 3465 3107 iure

753 3164 1156 3241 suprascripti
1210 3165 1572 3222 monasterii
1621 3166 1819 3223 sancti
1869 3161 2230 3242 Grisogoni,
2278 3163 2399 3222 hoc
2444 3175 2539 3223 est
2588 3173 2878 3239 quartam
2949 3173 3199 3239 partem
3262 3163 3467 3220 totius

753 3281 992 3335 tructus
1039 3275 1217 3354 quod
1264 3275 1500 3335 exinde
1546 3276 1906 3335 habueritis.
1954 3274 2191 3335 Actum
2240 3286 2335 3335 est
2382 3275 2506 3335 hoc
2566 3289 2629 3335 et
2690 3274 3011 3335 firmatum
3076 3292 3297 3333 coram
3364 3271 3463 3331 his

755 3390 994 3448 vocatis
1040 3398 1104 3448 et
1150 3391 1386 3469 rogatis
1433 3389 1715 3462 testibuS,
1760 3389 2027 3449 scilicet:
2099 3388 2317 3449 Marco
2364 3399 2581 3448 sancte
2629 3387 2829 3449 Marie
2875 3388 3131 3447 maioris
3176 3385 3463 3464 plebano

753 3510 816 3560 et
868 3500 1054 3560 Petro
1101 3501 1184 3560 de
1233 3497 1617 3582 Mffenlgaca.

935 3693 1146 3764 Drugi
1188 3693 1438 3769 rukapt's
1458 3715 1479 3750 .·

927 3839 966 3920 †
1015 3839 1153 3921 Ego
1202 3837 1370 3902 Cosa
1417 3841 1753 3902 Saladinus
1799 3844 2202 3900 examinator
2250 3860 2511 3901 manum
2562 3859 2773 3900 meam
2822 3841 2979 3898 misi.

929 3953 1071 4035 Ego
1120 3952 1391 4013 Michael
1439 3964 1660 4014 sancte
1707 3952 1905 4014 Marie
1954 3956 2207 4014 maioris
2252 3955 2517 4014 clericus
2562 3968 2625 4013 et
2666 3952 2855 4032 jadre
2888 3953 3171 4011 notarius
3202 3950 3457 4010 interfui

753 4077 1033 4147 rogatu5‚
1062 4077 1132 4126 ut
1163 4066 1374 4127 audiui
1425 4065 1586 4126 hanc
1632 4079 1872 4126 cartam
1921 4069 2155 4144 scripsi,
2202 4067 2495 4126 roboraui
2546 4076 2609 4127 et
2640 4068 2822 4147 signo
2854 4075 3164 4125 consueto
3196 4065 3459 4144 signaui.

877 4273 882 4278 ,
929 4217 1326 4290 ί,1[οηοξναιιι
1374 4221 1528 4288 not.)

939 4435 1238 4505 Orejgrinal
1277 4453 1318 4490 u
1365 4432 1586 4490 arkivu
1635 4443 1993 4489 samostana
2040 4453 2129 4490 π’.
2180 4433 2414 4506 Alarijc
2460 4452 2501 4488 u
2547 4434 2775 4488 Zadru.
