3797 5795
1894 400 1972 406 —
2043 364 2164 427 166
2225 400 2296 407 *-

746 560 1009 618 transire
1052 557 1405 638 contigerit,
1457 557 1541 616 ab
1586 574 1667 616 eo
1714 554 2196 617 benedictiones
2257 553 2650 625 monialium,
2707 568 3008 613 uasorum
3054 562 3119 610 et
3164 550 3440 610 uestium

745 680 810 733 et
854 670 1367 731 consecrationes
1425 669 1716 730 altarium
1776 670 2156 729 auctoritate
2217 666 2386 728 sedis
2443 666 2795 745 apostolice
2839 665 3120 742 recipere
3164 661 3448 723 ualeatis.

747 781 911 848 Cum
958 795 1173 845 autem
1219 782 1515 865 generale
1558 781 1968 843 interdictum
2015 792 2180 842 terre
2225 780 2426 852 fuerit,
2471 780 2656 840 liceat
2717 778 2904 838 uobis
2948 777 3177 838 clausis
3227 777 3450 847 ianuiS,

744 897 1317 957 excommunicatis
1362 905 1427 956 et
1472 894 1821 955 interdictis
1880 893 2170 969 exclusis,
2217 911 2346 954 non
2393 892 2654 971 pulsatis
2711 892 3059 970 campanis,
3103 907 3448 968 suppressa

742 1026 906 1071 uoce
952 1009 1169 1070 diuina
1214 1007 1422 1070 officia
1468 1008 1809 1082 celebrare,
1848 1006 2210 1069 dummodo
2258 1024 2516 1067 causam
2565 1023 2694 1065 non
2741 1003 3043 1065 dederitis
3087 1001 3448 1063 interdicto.

742 1122 1045 1185 Obeunte
1106 1141 1259 1183 uero
1302 1132 1367 1182 te
1412 1140 1583 1183 nunc
1642 1121 1930 1182 eiusdem
2007 1119 2127 1180 loci
2189 1120 2509 1179 abbatissa
2569 1118 2674 1179 uel
2731 1134 2952 1178 earum
3012 1115 3239 1195 aliqua,
3309 1133 3438 1193 que

742 1236 855 1297 tibi
900 1237 1287 1305 successerit,
1340 1233 1510 1296 nulla
1570 1235 1655 1294 ibi
1717 1233 1998 1313 qualibet
2061 1234 2472 1311 surreptionis
2517 1233 2747 1292 astutia
2789 1249 2904 1291 seu
2949 1228 3251 1291 uiolentia
3297 1246 3440 1307 pre-

741 1358 1033 1428 ponatur,
1079 1349 1195 1409 nisi
1257 1364 1453 1427 quam
1512 1366 1763 1408 sorores
1822 1348 2150 1407 communi
2211 1362 2530 1407 consensu
2593 1344 2692 1405 uel
2755 1361 2972 1405 earum
3037 1344 3238 1403 maior
3301 1360 3452 1420 pars

740 1460 981 1521 consilii
1042 1463 1306 1523 sanioris
1365 1460 1718 1521 secundum
1765 1460 1959 1521 deum
2007 1471 2071 1521 et
2117 1460 2285 1519 beati
2341 1457 2669 1519 Benedicti
2715 1457 3000 1538 regulam
3045 1453 3444 1533 prouiderint

740 1573 1123 1655 eligendam.
1166 1574 1360 1639 Porro
1394 1576 1445 1634 si
1476 1574 1759 1653 episcopi
1804 1574 1904 1634 uel
1953 1574 2052 1633 alii
2100 1572 2511 1633 ecclesiarum
2548 1580 2826 1632 rectores
2869 1571 2934 1629 in
2981 1570 3442 1629 monasterium

740 1696 1019 1747 uestrum
1070 1686 1173 1748 uel
1216 1706 1523 1767 personas
1566 1686 1885 1768 regulares
1916 1686 2069 1746 inibi
2101 1685 2372 1746 domino
2417 1683 2797 1745 famulantes
2839 1682 3293 1761 suspensioniS,
3331 1698 3449 1740 ex-

739 1786 1340 1861 communicationis
1366 1799 1469 1861 uel
1502 1799 1815 1860 interdicti
1860 1800 2244 1860 sententiam
2275 1797 2837 1878 promulgauerint,
2869 1798 3072 1874 ipsam
3104 1805 3440 1874 tamquam

738 1922 961 1975 contra
1020 1912 1187 1973 sedis
1244 1913 1597 1993 apostolice
1659 1911 1906 1974 indulta
1965 1912 2280 1991 prolatam
2345 1910 2746 1972 decernimus
2806 1926 2938 1969 non
3006 1918 3241 1969 tenere.
3293 1907 3435 1969 Paci

740 2042 1003 2105 quoque
1028 2035 1095 2086 et
1124 2026 1555 2105 tranquillitati
1600 2034 1810 2087 uestre
1854 2034 2122 2103 paterna
2167 2027 2584 2103 imposterum
2634 2022 3054 2083 sollicitudine
3101 2020 3446 2100 prouidere

737 2138 1028 2199 uolentes
1086 2140 1465 2200 auctoritate
1522 2138 1874 2221 apostolica
1936 2137 2368 2216 prohibemus
2414 2148 2482 2199 ut
2544 2136 2702 2197 infra
2762 2135 3085 2197 clausuras
3151 2133 3442 2194 locorum

738 2263 1091 2313 uestrorum
1138 2251 1346 2313 nullus
1390 2253 1677 2330 rapinam
1708 2269 1822 2312 seu
1852 2249 2090 2312 furtum
2121 2251 2346 2324 facere,
2387 2246 2626 2333 [ignem
2671 2266 3016 2329 apponere,
3060 2248 3438 2329 sanguinem

737 2362 1019 2439 sundere,
1064 2358 1417 2448 h]ominem
1478 2376 1719 2427 temere
1776 2382 2007 2443 capere
2067 2362 2169 2426 uel
2231 2361 2582 2425 interficere
2628 2381 2740 2424 seu
2786 2361 3160 2423 uiolentiam
3206 2359 3442 2421 audeat

737 2493 1051 2538 exercere.
1084 2476 1373 2539 Preterea
1403 2495 1630 2541 omnes
1658 2476 1984 2542 libertates
2014 2485 2078 2537 et
2108 2478 2560 2549 immunitates
2594 2494 2754 2553 quas
2796 2476 3191 2535 monasterio
3224 2486 3439 2535 uestro

740 2588 1112 2654 venerabilis
1154 2590 1346 2651 frater
1388 2602 1607 2653 noster
1665 2589 2049 2653 Laurentius
2105 2588 2616 2668 archiepiscopus
2661 2587 2986 2667 Jadrensis
3031 2586 3112 2648 de
3161 2582 3444 2670 [capituli

738 2702 835 2765 sui
878 2718 1136 2764 assensu
1180 2702 1513 2765 indulsisse
1570 2697 1964 2786 dinoscitud,
2009 2704 2170 2763 sicut
2217 2704 2281 2763 in
2327 2704 2461 2763 eius
2506 2701 2725 2762 litteris
2766 2700 3017 2779 plenius
3061 2702 3446 2773 continetur,

736 2816 1109 2880 auctoritate
1167 2815 1519 2894 apostolica
1578 2814 2038 2879 confirmamus
2094 2826 2158 2875 et
2219 2816 2530 2894 presentis
2589 2816 2805 2893 scripti
2867 2814 3202 2895 priuilegio
3264 2831 3442 2873 com-

738 2930 1074 2994 munimus.
1134 2927 1482 3020 Tenorem·
1524 2939 1739 2990 autem
1809 2929 2160 2992 litterarum
2229 2931 2422 3008 ipsius
2485 2929 2941 3008 archiepiscopi
2990 2927 3075 2988 ad
3119 2927 3444 2988 cautelam

736 3039 1039 3111 duximus
1080 3043 1357 3121 presenti
1404 3036 1759 3126 [priuilegio
1806 3042 2233 3106 inserendum.
2280 3041 2408 3120 Qui
2454 3042 2596 3103 talis
2641 3036 2780 3124 est].

905 3225 1169 3306 (Sliykdi
1210 3228 1427 3286 listina
1474 3225 1866 3305 nadbiskupa
1913 3227 2295 3304 Laurencg'ja
2341 3229 2429 3285 od
2442 3248 2508 3303 g.
2541 3229 2714 3284 1260.
2750 3229 2848 3282 25.
2882 3235 3090 3284 marta
3123 3247 3164 3284 u
3196 3227 3435 3291 Zadru,

727 3339 1065 3416 priopdena
1098 3349 1183 3420 po
1227 3340 1593 3415 onginalu).

907 3511 1328 3579 Decernimus
1372 3530 1543 3593 ergo,
1586 3525 1655 3573 ut
1702 3511 1853 3573 nulli
1901 3515 2172 3574 omnino
2233 3513 2567 3576 hominum
2613 3513 2798 3574 liceat
2843 3513 3162 3592 prefatum
3211 3531 3442 3574 mona·-

731 3625 990 3687 sterium
1036 3635 1279 3688 temere
1323 3625 1711 3706 perturbare,
1755 3634 1863 3686 aut
1910 3628 2045 3686 eius
2089 3629 2526 3704 possessiones
2569 3626 2818 3687 auferre
2863 3625 2968 3687 uel
2999 3625 3250 3687 ablatas
3292 3629 3444 3686 reti-

731 3737 903 3809 nere,
942 3739 1227 3802 minuere
1287 3756 1400 3800 seu
1459 3737 1845 3818 quibuslibet
1907 3738 2358 3802 uexationibus
2417 3739 2699 3821 fatigare,
2745 3739 2859 3800 sed
2923 3740 3143 3800 omnia
3190 3741 3442 3820 integra

730 3859 1186 3912 conseruentur
1230 3869 1469 3926 earum,
1510 3869 1633 3931 pro
1678 3868 1950 3932 quarum
1993 3849 2459 3934 gubernatione
2503 3871 2582 3916 ac
2625 3853 3089 3914 sustentatione
3127 3869 3443 3913 concessa

726 3972 873 4022 sunt
918 3960 1138 4025 usibus
1199 3963 1559 4030 omnimodi
1618 3964 1967 4044 profutura,
2011 3963 2188 4026 salua
2247 3965 2416 4028 sedis
2469 3964 2822 4046 apostolice
2865 3966 3260 4026 auctoritate.
3323 3962 3446 4027 Ad

724 4070 1023 4137 inditium
1066 4086 1283 4138 autem
1330 4076 1513 4142 huius
1556 4088 1857 4156 pereepte
1903 4097 1942 4138 a
1985 4075 2140 4139 sede
2184 4079 2536 4157 apostolica
2588 4079 2910 4152 libertatis
2957 4095 3156 4140 unam
3201 4078 3441 4139 libram

719 4201 866 4248 cere
934 4190 1122 4250 nobis
1189 4191 1549 4272 nostrisque
1614 4192 2084 4252 successoribus
2150 4194 2334 4252 annis
2397 4192 2660 4275 singulis
2717 4191 3113 4271 persoluetis.
3175 4189 3242 4254 Si
3303 4207 3446 4269 qua

716 4295 911 4378 igitur
941 4305 1004 4362 in
1039 4301 1321 4363 futurum
1353 4303 1776 4368 ecclesiastica
1808 4303 2191 4365 secularisue
2221 4320 2498 4382 persona
2521 4305 2687 4368 hanc
2711 4315 2926 4368 nostre
2957 4305 3452 4366 constitutionis

716 4415 1025 4493 paginam
1073 4417 1279 4476 sciens
1324 4427 1549 4484 contra
1590 4435 1736 4480 eam
1781 4425 2024 4478 temere
2069 4419 2288 4478 uenire
2331 4420 2758 4496 temptauerit,
2802 4417 3090 4478 secundo
3155 4419 3452 4478 tercioue

714 4529 1140 4602 commonita,
1186 4531 1302 4590 nisi
1350 4540 1599 4595 reatum
1644 4547 1830 4590 suum
1878 4548 2160 4612 congrua
2207 4530 2640 4592 satisfactione
2683 4532 3048 4604 correxerit,
3097 4533 3449 4610 potestatis

714 4632 1114 4721 honorisque
1176 4643 1270 4703 sui
1332 4652 1543 4706 careat
1604 4641 1915 4726 dignitate
1972 4661 2278 4723 reamque
2338 4663 2407 4704 se
2465 4639 2688 4705 diuino
2741 4643 2975 4706 iudicio
3021 4646 3296 4705 existere
3339 4643 3443 4704 de

712 4765 1031 4832 perpetua
1092 4756 1423 4834 iniquitate
1482 4765 1833 4840 cognoscat
1878 4766 1945 4817 et
1989 4777 2028 4815 a
2073 4758 2470 4818 sanctissimo
2531 4773 2801 4836 corpore
2844 4775 2924 4822 ac
2965 4761 3275 4839 sanguine
3317 4755 3440 4817 dei

716 4868 787 4922 et
832 4865 1078 4930 domini
1139 4867 1563 4948 redemptoris
1622 4870 1823 4935 nostri
1877 4868 2029 4948 Jesu
2092 4867 2320 4932 Christi
2369 4870 2576 4931 aliena
2621 4869 2731 4932 fiat
2775 4881 2971 4952 atque
3019 4872 3080 4931 in
3130 4883 3441 4932 extremo

720 4981 1021 5042 examine
1083 4981 1366 5044 districte
1424 4983 1751 5046 subiaceat
1810 4981 2051 5044 ultioni.
2100 4980 2359 5046 Cunctis
2418 4994 2638 5044 autem
2683 4983 2894 5048 eidem
2943 4985 3092 5048 loco
3139 5003 3248 5049 sua
3289 4989 3448 5048 iura

718 5096 1121 5155 sei-nantibus
1164 5097 1243 5156 sit
1303 5115 1437 5174 pax
1501 5095 1745 5156 domini
1808 5099 2010 5160 nostri
2066 5094 2213 5175 Jesu
2276 5094 2522 5170 Christi,
2585 5109 2839 5178 gratum
2885 5109 2950 5162 et
2995 5100 3098 5162 hic
3162 5102 3450 5164 fructum
