3797 5795
1837 354 2248 417 *230—

689 542 905 603 Endre
928 544 1058 603 iure
1082 554 1394 621 perpetuo
1426 543 1867 621 possidendos,
1892 543 2034 605 filiis
2061 545 2381 607 Vratuzlai
2417 555 2746 624 tamquam
2779 544 3412 623 calumpniatoribus

687 655 1017 716 silencium
1065 658 1450 734 inponentes
1496 675 1685 735 super
1730 659 1847 718 ista
1894 657 2000 718 lite
2047 667 2111 718 et
2158 658 2300 719 licet
2348 657 2614 719 eosdem
2661 656 2824 718 filios
2872 656 3200 718 Vratuzlai
3233 658 3412 716 sicut

689 769 1225 848 calumpniatores
1292 787 1503 830 assare
1572 770 2030 846 debuissemu5‚
2077 791 2208 831 non
2276 771 2543 832 fecimus
2610 789 2722 831 eos
2783 772 2975 830 assari
3041 770 3406 830 clemencia

690 881 1027 943 mediante.
1093 881 1335 942 Datum
1382 882 1687 964 Zagrabie
1747 887 1809 944 in
1871 885 2115 944 octauis
2160 884 2602 962 apostolorum
2651 883 2816 944 Petri
2864 894 2926 944 et
2976 883 3168 956 Pauli,
3215 901 3399 943 anno

689 994 933 1054 domini
994 992 1303 1057 M⁰C⁰C⁰
1361 999 1765 1079 sexagesimo
1830 999 2134 1058 secundo
2183 997 2526 1058 Pristaldus
2587 999 2756 1058 curie
2817 1007 3034 1058 nostre
3097 1011 3194 1058 est
3265 1016 3408 1056 ma-

689 1110 882 1188 gister
921 1108 1064 1186 Job.

874 1300 1171 1374 Ortginal
1210 1322 1248 1358 u
1295 1303 1387 1361 ἐν.
1438 1324 1535 1378 ug.
1587 1307 1711 1362 dri.
1763 1305 1986 1362 arkivu
2037 1324 2077 1360 u
2126 1304 2397 1362 Budimu
2445 1303 2578 1360 DL.
2631 1303 2870 1359 35.830.
2925 1303 3132 1376 Z‘bt'vffa
3177 1301 3396 1359 abit-ka

690 1404 1215 1479 Kukuljevic'eva).
1264 1439 1346 1449 ·-—
1392 1409 1501 1465 *Va
1546 1410 1753 1466 listini
1794 1410 1919 1466 visi
1960 1409 2201 1466 svile’na
2247 1428 2435 1464 vrvca
2463 1411 2912 1482 jasno-crvene
2957 1407 3090 1482 bose
3108 1429 3128 1473 ,·
3167 1413 3394 1483 pec‘ata

686 1512 816 1568 vis-'e
863 1531 1059 1568 nema.
1116 1547 1194 1553 —
1243 1513 1490 1570 Lt'stina
1518 1516 1593 1588 je
1626 1515 1863 1590 pisana
1913 1512 2308 1588 talt'janskom
2355 1514 2481 1569 min
2489 1513 2788 1570 uskulom.

866 1615 1237 1690 Kuknljevic‘
1277 1619 1425 1690 chg.
1478 1638 1570 1674 no.
1628 1621 1760 1673 826.

1945 2133 2139 2213 734.

688 2307 888 2386 1262,
935 2307 1044 2372 20.
1083 2306 1267 2388 jula.

693 2497 911 2578 Jurffa
978 2503 1199 2580 §upan
1266 2497 1689 2560 arowrc‘anski
1744 2499 1991 2582 darus'e
2052 2500 2264 2562 knesu
2335 2497 2578 2562 Prevs‘z'
2631 2497 2876 2581 zemlju
2944 2498 3376 2560 Klokoc‘evac.

860 2687 997 2748 Nos
1036 2687 1214 2767 Jursa
1274 2707 1493 2749 comes
1553 2689 1635 2750 de
1696 2690 1938 2750 Ruicha
2001 2691 2300 2749 omnibus
2367 2709 2626 2768 presens
2701 2693 3005 2770 scripturn
3078 2691 3376 2752 habituris

685 2798 1112 2882 significamus
1172 2805 1566 2880 presencium
1630 2823 1743 2882 per
1806 2815 2096 2863 tenorem
2158 2802 2425 2862 salutem
2489 2813 2550 2862 et
2613 2822 2808 2863 omne
2875 2805 3138 2864 bonum.
3217 2801 3377 2866 Cum

686 2915 951 2993 quilibet
996 2917 1291 2994 princeps
1336 2916 1421 2976 ad
1469 2920 1934 2977 incrementum
1981 2919 2074 2977 sui
2123 2919 2268 2977 iuris
2336 2916 2569 2977 debeat
2631 2936 2767 2977 esse
2829 2918 3136 2995 prouidus
3181 2930 3243 2978 et
3286 2916 3369 2977 ad

687 3027 968 3088 utilitatis
1012 3047 1123 3088 sue
1170 3028 1521 3088 comodum
1568 3018 1978 3108 approbatuS,
2025 3029 2170 3089 hinc
2217 3042 2328 3103 est,
2383 3028 2559 3109 quod
2604 3029 2687 3089 ad
2737 3032 3183 3120 universorum·
3221 3031 3378 3089 noti-

686 3142 850 3200 ciam
898 3140 1121 3201 harum
1169 3143 1327 3201 serie
1374 3143 1667 3202 uolumus
1714 3145 2062 3220 peruenire,
2130 3143 2306 3221 quod
2369 3162 2514 3202 cum
2563 3143 2890 3221 quandam
2965 3160 3196 3203 terram
3267 3163 3374 3203 uo-

682 3264 889 3313 catam
942 3252 1406 3314 Klokocheuch
1454 3257 1515 3313 in
1564 3257 1872 3314 comitatu
1921 3254 2004 3314 de
2053 3255 2293 3315 Ruicha
2343 3258 2402 3314 in
2452 3257 2737 3315 terminis
2792 3266 2956 3315 terre
3003 3256 3152 3316 dicti
3199 3256 3376 3316 castri

684 3368 861 3425 iuxta
909 3376 1141 3427 terram
1190 3378 1660 3439 extraneorum,
1724 3368 2020 3427 uidelicet
2090 3368 2398 3427 nobilium
2449 3368 2531 3428 de
2579 3366 2950 3438 Camarcha,
2995 3371 3370 3429 existentem

683 3478 1001 3539 desertam
1048 3499 1123 3539 ac
1154 3498 1359 3558 pauco
1392 3479 1747 3539 habitatore
1778 3480 2168 3541 incolentem
2201 3482 2680 3554 inuenissemuS,
2727 3482 3026 3541 Preusam
3075 3484 3370 3541 comitem

682 3594 882 3671 ipsam
932 3592 1204 3653 eandem
1252 3603 1481 3653 terram
1531 3614 1568 3653 a
1616 3593 1801 3652 nobis
1847 3592 2279 3671 postulantem
2343 3593 2678 3673 diligenter
2725 3606 2860 3655 tum
2923 3614 3040 3672 pro
3089 3613 3186 3664 e0,
3231 3596 3370 3671 quia

682 3708 887 3785 ipsum
937 3708 1359 3787 cognouimus
1405 3726 1541 3767 esse
1589 3709 1792 3766 uirum
1839 3706 2180 3785 prouidum
2229 3718 2292 3766 et
2339 3707 2422 3766 ad
2461 3708 2724 3771 seruicia
2763 3710 2936 3788 regni
2983 3717 3371 3785 apparatum,

682 3828 819 3878 tum
866 3821 1067 3878 eciam
1114 3838 1229 3897 pro
1277 3839 1373 3893 e0,
1418 3822 1566 3899 quia
1613 3820 1889 3879 eundem
1939 3820 2021 3879 ad
2070 3821 2445 3898 replendum
2516 3820 2756 3880 dictam
2821 3830 3050 3879 terram
3103 3820 3371 3900 iobagio-

680 3931 867 3991 nibus
912 3942 1285 4010 promptum
1334 3932 1764 3992 intelleximus
1820 3946 1881 3992 et
1931 3952 2246 4013 sagacem,
2308 3936 2515 4012 ipsum
2578 3933 2857 3994 eundem
2909 3934 3214 3993 Preusam
3271 3951 3368 3993 co-

680 4046 899 4105 mitem
946 4044 1011 4103 in
1059 4055 1291 4104 terram
1338 4046 1766 4124 supradictam
1819 4046 2085 4106 fecimus
2131 4046 2464 4117 introduci,
2533 4046 2759 4107 dantes
2805 4047 3016 4107 eidem
3065 4056 3367 4125 prepetuo

684 4156 1155 4236 possidendam.
1206 4158 1346 4236 Ipse
1391 4162 1559 4217 enim
1608 4159 1957 4219 secundum
2009 4161 2476 4219 institucionem
2525 4162 2912 4220 terrestrium
2945 4162 3131 4220 castri
3165 4178 3372 4238 supra-

686 4269 831 4330 dicti
895 4288 1094 4351 regno
1140 4280 1201 4329 et
1250 4271 1435 4329 nobis
1482 4271 1561 4330 de
1608 4272 1833 4332 eadem
1897 4273 2214 4332 tenebitur
2282 4272 2599 4333 deseruire
2669 4272 2938 4334 fideliter
2999 4284 3064 4333 et
3128 4272 3373 4333 deuote.

679 4381 871 4446 Cuius
917 4392 1079 4443 terre
1126 4386 1343 4461 incipit
1389 4385 1592 4462 prima
1642 4396 1809 4445 meta
1857 4406 1891 4445 a
1942 4386 2205 4446 meridie
2253 4406 2288 4445 a
2321 4384 2516 4446 fluuio
2549 4386 2838 4464 predicto
2888 4384 3374 4453 Klokocheuch,

679 4515 793 4574 per
838 4516 1030 4574 quem
1080 4496 1340 4556 fluuium
1387 4499 1672 4575 superius
1718 4498 1799 4557 ad
1847 4501 2373 4576 septemtrionem
2420 4499 2635 4559 eundo
2681 4501 2970 4578 peruenit
3017 4510 3081 4559 et
3129 4501 3260 4560 exit
3292 4498 3372 4559 ad

681 4627 980 4689 magnam
1028 4612 1197 4669 uiam
1246 4612 1609 4671 uenientem
1644 4611 1724 4670 de
1758 4610 2084 4693 Reuchaffl
2133 4632 2352 4672 uersus
2398 4613 2732 4672 ecclesiam
2779 4615 2978 4672 sancti
3031 4612 3372 4685 Benedicti,

675 4722 783 4782 ubi
829 4740 941 4799 per
985 4724 1489 4803 assignacionem
1541 4735 1707 4784 mete.
1753 4736 1915 4785 terre
1963 4726 2326 4806 Pangaracii
2399 4727 2650 4785 comitis
2713 4736 3160 4786 commetatur.
3227 4726 3376 4785 Inde

675 4854 789 4913 per
833 4834 1105 4895 eandem
1154 4838 1321 4895 uiam
1369 4836 1453 4895 ad
1500 4839 1809 4897 orientem
1878 4858 1990 4916 per
2059 4848 2262 4898 metas
2327 4839 2610 4899 tenendo
2671 4856 2734 4899 et
2781 4840 3081 4899 intrando
3151 4839 3372 4899 siluam

674 4950 963 5026 peruenit
1010 4948 1093 5007 ad
1145 4947 1345 5007 ilicem
1414 4951 1473 5007 in
1546 4950 1760 5010 medio
1822 4951 1977 5011 silue
2039 4954 2422 5012 existentem
2485 4964 2549 5013 et
2615 4964 2786 5013 meta
2847 4964 3050 5013 terrea
3113 4956 3374 5013 circum-

676 5061 913 5135 fusam;
982 5064 1157 5122 cuius
1216 5062 1371 5122 silue
1432 5062 1692 5122 dimidia
1754 5082 1898 5141 pars
1965 5068 2236 5142 pertinet
2285 5066 2368 5124 ad
2419 5066 2716 5126 Preusam
2787 5068 3092 5126 comitem
3165 5085 3373 5144 supra-
