3797 5795
1565 351 1786 414 -47
1851 387 1931 394 m

395 561 587 620 super
629 541 756 602 hoc
801 553 1051 603 nostras
1095 543 1333 603 litteras
1379 541 1510 602 dari
1560 542 1979 621 postularunt.
2044 543 2181 604 Nos
2212 546 2413 624 igitur,
2459 555 2649 622 prout
2682 557 2973 606 tenemur
3018 547 3101 606 de

395 658 526 716 iure
556 655 640 714 ad
672 657 1050 716 instanciam
1081 659 1366 734 parcium
1399 656 1749 716 vicinorum
1776 658 1967 716 etiam
2002 674 2077 717 ac
2099 668 2713 731 commetaneorurn‚
2738 670 3099 737 presentem

395 769 826 829 concessimus
887 769 1022 830 dari
1087 772 1408 850 paginam,
1477 768 1656 849 sigilli
1729 771 1928 829 nostri
1993 771 2345 830 munimine
2404 770 2791 831 roboratam.
2859 769 3099 832 Actum

396 900 570 942 anno
618 881 860 942 domini
911 880 1318 946 MCC⁰L⁰VI
1330 882 1372 942 ⁰.

567 1076 633 1131 lz
677 1076 1074 1150 ortgrinalnog
1117 1095 1312 1149 novog
1355 1077 1606 1150 z'zctanja
1653 1095 1762 1132 ove
1807 1076 2018 1132 listine
2055 1085 2135 1152 po
2180 1075 2429 1151 kaptolu
2472 1076 2787 1156 poaes‘kom
2826 1098 2893 1151 g.
2930 1079 3098 1135 1305.

397 1182 494 1236 23.
540 1179 868 1236 novembra
916 1201 956 1236 u
1001 1179 1300 1254 knjiim'ci
1341 1181 1665 1254 narodnog
1706 1182 1945 1256 muza-’ja
1993 1201 2033 1237 u
2084 1181 2481 1257 Budimpesti.
2548 1183 2776 1240 Ovamo
2824 1169 3096 1260 dospjela

393 1286 728 1356 zamjenom
775 1284 831 1340 iz
875 1283 963 1340 kr.
1018 1304 1120 1358 ug.
1169 1288 1484 1358 drz'avnog
1525 1285 1747 1342 arkiva
1784 1305 1851 1358 g.
1902 1289 2064 1343 1895.
2102 1287 2268 1358 (nasi
2309 1287 2641 1360 signatum
2689 1307 2728 1344 u
2768 1289 3097 1346 driavnom

396 1387 619 1444 arkivu
680 1387 760 1443 D.
815 1388 904 1456 L„
970 1391 1238 1454 33.709‚·
1300 1389 1382 1446 Ν.
1437 1390 1506 1446 R.
1557 1389 1626 1446 A.
1656 1392 1834 1465 fasc,
1893 1393 2048 1446 1:301.
2110 1409 2202 1446 no,
2254 1390 2393 1458 17.),
2450 1391 2601 1464 gdje
2661 1410 2728 1448 se
2773 1397 2929 1448 luva
2967 1394 3102 1468 pod

377 1493 720 1568 jednakom
767 1494 1154 1566 ,regnatur-om
1203 1495 1394 1568 drugi
1436 1495 1730 1567 orzginal.

1657 1925 1844 2004 572.

398 2100 600 2164 1256.
649 2098 708 2164 U
753 2097 1108 2182 Zaqrebu.

402 2289 586 2350 Pred
641 2289 974 2372 kapfolom
1038 2289 1490 2374 zagrebad‘kt'm
1567 2289 1716 2353 bt'va
1789 2290 2078 2374 clzmjena
2148 2291 2429 2375 zemaly'a
2502 2291 2792 2376 c'zmedju
2870 2293 3097 2375 Jurka

953 2401 1111 2464 sina
1167 2403 1438 2466 Ochuza
1485 2403 1660 2466 bana
1707 2402 1741 2465 ι’
1783 2403 2091 2488 Mt'lmjla
2138 2405 2531 2469 Buzadova.

565 2611 930 2691 Capitulum
963 2611 1400 2693 Zagrabiensis
1430 2613 1695 2674 ecclesie
1727 2614 2029 2674 omnibus
2076 2634 2335 2692 presens
2381 2617 2687 2693 scriptum
2722 2618 3094 2694 inspecturis

389 2726 657 2786 salutem
706 2727 770 2786 in
818 2725 1101 2786 domino,
1149 2724 1260 2787 Ad
1292 2729 1729 2787 universorum
1761 2728 2066 2788 noticiam
2100 2727 2322 2788 harum
2356 2730 2515 2788 serie
2548 2729 2841 2790 volumus
2872 2748 3094 2808 perve-

393 2841 542 2912 nire,
587 2839 765 2919 quod
811 2842 1168 2900 constitutis
1214 2840 1277 2899 in
1325 2851 1540 2901 nostra
1585 2843 1913 2919 presencia
1960 2840 2043 2901 ab
2091 2858 2216 2902 una
2265 2850 2444 2919 parte
2479 2839 2659 2903 Gurk
2690 2841 2820 2903 filio
2872 2841 3093 2904 Ochuz

395 2953 726 3031 quondam
794 2953 942 3014 bani
1019 2963 1084 3013 et
1142 2952 1228 3012 ab
1285 2953 1483 3013 altera
1551 2952 1778 3035 Egidio
1841 2953 2093 3014 officiali
2166 2956 2417 3013 comitis
2484 2954 2808 3016 Michaelis
2886 2957 3091 3016 fratris

391 3068 604 3147 magni
654 3066 866 3127 Buzad
911 3085 1029 3145 pro
1077 3069 1215 3145 ipso
1262 3068 1499 3127 comite
1547 3066 1876 3141 Michaele‚
1938 3067 2111 3127 idem
2172 3066 2453 3148 Egidius,
2500 3068 2849 3128 secundum
2914 3068 3091 3148 quod

389 3180 592 3239 eciam
640 3179 842 3239 littere
889 3179 1130 3239 domini
1181 3181 1292 3251 sui,
1339 3198 1497 3254 quas
1544 3179 1729 3240 nobis
1771 3180 2075 3253 exhibuit,
2137 3180 2256 3240 sub
2304 3180 2506 3261 sigillo
2555 3183 2808 3241 notorio
2855 3192 3088 3241 astrue-

387 3294 562 3361 bant,
607 3290 943 3352 dominum
989 3310 1194 3363 suum,
1239 3294 1542 3351 comitem
1591 3291 1828 3352 scilicet
1877 3291 2273 3365 Michaelem‚
2322 3304 2554 3352 terram
2603 3293 2887 3354 Zebusce
2941 3312 3086 3355 cum

391 3418 540 3465 octo
587 3406 764 3473 villis,
813 3424 1006 3485 quam
1053 3415 1284 3464 terram
1334 3404 1505 3465 idem
1556 3404 1826 3465 Michael
1888 3424 2109 3465 comes
2156 3418 2480 3483 receperat
2528 3405 2610 3466 de
2670 3425 2909 3487 genero
2971 3426 3088 3467 suo

389 3516 571 3580 Gurk
616 3517 941 3579 antedicto
989 3521 1050 3577 in
1099 3520 1481 3578 concambio
1542 3537 1660 3597 pro
1721 3529 1883 3579 terra
1934 3518 2281 3579 Nedeliche
2349 3538 2495 3579 cum
2560 3521 2840 3596 quinque
2902 3518 3087 3591 villis;

393 3634 544 3692 item
593 3627 906 3704 villam(!)¹
954 3630 1190 3693 Sancte
1238 3630 1456 3695 Crucis
1503 3650 1650 3691 cum
1683 3632 1880 3691 tribus
1913 3632 2088 3705 villis,
2120 3650 2277 3709 quas
2308 3632 2392 3692 ab
2424 3632 2655 3691 eodem
2691 3630 2871 3693 Gurk
2906 3632 3087 3692 titulo

387 3745 758 3824 possederat
805 3747 1174 3823 empcionis,
1219 3744 1546 3805 confessus
1593 3755 1686 3804 est
1751 3744 2100 3804 reddidisse
2161 3745 2449 3822 predicto
2514 3742 2695 3805 Gurk
2756 3747 2887 3805 iure
2948 3764 3085 3823 per-

390 3869 588 3937 petuo
633 3857 1070 3937 possidendas
1118 3859 1179 3916 in
1226 3857 1610 3917 concambio
1657 3876 1772 3935 pro
1819 3870 2094 3936 quatuor
2142 3857 2297 3917 villis
2332 3856 2573 3920 Comor
2605 3859 2723 3918 sub
2756 3876 2881 3918 una
2915 3868 3085 3918 meta

387 3973 748 4031 constitutis
794 3981 856 4031 et
904 3990 1020 4049 pro
1067 3982 1229 4031 terra
1280 3970 1508 4033 Velika
1557 3989 1704 4031 cum
1753 3970 2002 4030 duabus
2064 3968 2222 4031 uillis
2288 3974 2488 4031 eciam
2539 3972 2659 4031 sub
2726 3990 2851 4031 una
2915 3984 3083 4032 meta

387 4086 746 4145 constitutis
791 4094 852 4143 et
899 4102 1015 4161 pro
1063 4084 1206 4144 villa
1255 4082 1506 4143 Endere
1551 4087 1668 4143 sita
1702 4085 1878 4144 iuxta
1920 4082 2133 4144 Kerka
2166 4097 2228 4144 et
2262 4084 2437 4163 quod
2472 4084 2822 4145 addidisset
2872 4084 3079 4144 eidem

387 4195 567 4259 Gurk
599 4200 854 4258 racione
893 4198 1247 4257 concambii
1297 4207 1359 4256 et
1406 4200 1704 4275 precipue
1760 4196 2141 4271 dileccionis,
2188 4216 2313 4275 qua
2369 4198 2483 4257 sibi
2520 4198 2854 4259 tenebatur
2888 4218 3083 4258 nona-

387 4314 562 4392 ginta
607 4323 670 4370 et
717 4322 990 4389 quatuor
1038 4329 1299 4371 marcas,
1378 4308 1573 4388 Quod
1637 4310 2090 4370 concambium
2142 4310 2311 4369 idem
2362 4308 2541 4371 Gurk
2589 4312 2884 4371 assistens
2946 4330 3084 4389 per-

385 4424 686 4485 sonaliter
751 4424 1146 4502 approbavit,
1191 4426 1444 4502 insuper
1489 4424 1694 4484 taliter
1742 4422 1857 4503 (se)
1915 4422 2279 4503 obligandO,
2326 4423 2501 4501 quod
2549 4426 2595 4482 si
2646 4442 2758 4501 per
2804 4424 3079 4499 aliquam

387 4540 790 4617 questionem
855 4536 1030 4597 villas
1087 4536 1456 4609 antedictas,
1540 4555 1697 4611 quas
1758 4534 1937 4597 Gurk
1998 4535 2173 4595 dedit
2235 4538 2449 4595 comiti
2521 4534 2831 4609 Michaeli,
2878 4539 3079 4597 amitti

384 4652 798 4731 contingeret,
864 4622 1036 4710 idem
1106 4648 1288 4711 Gurk
1350 4660 1596 4710 tantum
1661 4648 1743 4709 de
1805 4660 1967 4711 terra
2030 4667 2143 4709 sua
2206 4648 2581 4709 hereditaria
2649 4648 2905 4709 aliunde
2967 4652 3081 4727 ipsi

387 4763 676 4824 Michaeli
725 4764 940 4823 comiti
989 4762 1140 4825 dare
1189 4773 1475 4823 teneatur
1520 4772 1583 4823 et
1617 4762 2060 4823 nichilominus
2100 4761 2384 4840 predicte
2433 4765 2701 4840 pecunie
2748 4760 3083 4822 refundere

383 4879 824 4955 quantitatem.
874 4874 944 4935 In
992 4876 1169 4937 cuius
1215 4878 1300 4937 rei
1347 4877 1785 4935 testimonium
1829 4884 2155 4952 presentes
2202 4875 2437 4934 litteras
2469 4874 2855 4935 contulimus
2900 4874 3077 4955 sigilli

573 5080 584 5109 ¹
623 5075 812 5127 Treba
849 5078 922 5128 da
958 5077 1109 5127 bude
1146 5083 1368 5127 terram.
