3797 5795
1928 675 2121 755 981.

678 826 880 895 1269.
931 828 1033 911 (Iz
1079 848 1264 914 prve
1306 830 1475 913 pole
1523 828 1833 915 godino).

680 1018 950 1081 Farkas‘
990 1018 1107 1081 sin
1152 1019 1551 1106 Damjanov
1604 1020 1896 1107 prodaje
1963 1021 2218 1107 opatzjt'
2277 1022 2600 1107 topuskoj
2661 1024 2996 1089 dvanaest
3061 1025 3238 1089 dura
3303 1047 3390 1089 za

681 1132 909 1194 sedam
917 1136 1116 1195 naest
1142 1130 1398 1197 dinam
1443 1133 1893 1221 zagrebad‘kih,
1944 1158 1986 1199 a
2019 1136 2354 1199 dvanaest
2393 1136 2570 1199 dus‘a
2601 1142 2754 1220 opet
2775 1137 3106 1221 poklanja
3135 1137 3403 1223 opattji

1659 1269 1736 1310 za
1780 1255 1941 1333 spas
1985 1248 2170 1333 svoje
2214 1247 2400 1311 dul‘e.

860 1438 1009 1500 Bela
1041 1438 1143 1500 dei
1176 1440 1387 1521 gracia
1418 1439 1557 1501 dux
1594 1441 1797 1501 tocius
1828 1438 2190 1515 Sclauonie,
2233 1440 2566 1504 Dalmacie
2611 1456 2676 1504 et
2711 1442 3040 1507 Crowacie
3087 1443 3397 1504 omnibus

684 1549 914 1616 Christi
973 1550 1269 1614 fidelibus
1313 1571 1573 1632 presens
1633 1554 1942 1632 scriptum
1988 1555 2362 1633 inspecturis
2406 1556 2676 1617 salutem
2725 1558 2788 1618 in
2835 1559 3129 1617 omnium
3191 1556 3398 1617 salva·

681 1674 840 1727 tore.
889 1665 978 1729 Ut
1023 1684 1101 1726 ea
1140 1684 1265 1745 que
1296 1666 1360 1725 in
1392 1676 1685 1746 tempore
1728 1676 2049 1748 geruntur,
2095 1686 2177 1729 ne
2207 1686 2246 1728 a
2277 1670 2588 1730 memoria
2633 1679 3040 1749 posterorum
3087 1686 3398 1749 processu

679 1781 991 1858 temporis
1050 1779 1399 1853 elabantur,
1458 1779 1779 1841 literarum
1822 1782 2193 1841 testimonio
2257 1781 2534 1845 stabilire
2578 1785 2916 1845 consvevit.
2983 1782 3263 1845 Proinde
3305 1782 3399 1843 ad

686 1893 1125 1953 universorum
1174 1894 1477 1953 noticiam
1524 1902 1749 1954 tenore
1791 1896 2196 1973 presencium
2242 1894 2538 1956 volumus
2581 1898 2936 1974 pervenire:
2987 1894 3171 1974 quod
3213 1914 3402 1957 acce-

680 2004 913 2067 dentes
980 2005 1063 2066 ad
1130 2015 1415 2068 nostram
1483 2008 1879 2085 presenciam
1947 2006 2004 2068 F
2005 2008 2281 2069 arcasius
2347 2006 2510 2069 filius
2575 2006 2898 2086 Damyani
2985 2008 3070 2069 de
3156 2025 3399 2090 genere

688 2116 1019 2182 Colchoch
1084 2119 1166 2179 ab
1228 2138 1355 2179 una
1420 2130 1617 2198 parte,
1684 2119 1984 2181 Matheus
2050 2120 2426 2182 venerabilis
2492 2120 2695 2181 abbas
2764 2122 3134 2182 monasterii
3203 2120 3400 2182 beate

684 2232 943 2313 virginis
989 2231 1071 2292 de
1115 2230 1385 2311 Toplica
1430 2252 1517 2293 ex
1561 2232 1791 2307 altera;
1852 2232 2024 2295 idem
2087 2233 2144 2295 F
2145 2235 2418 2295 arcasius
2477 2234 2806 2295 confessus
2849 2244 2945 2295 est
2990 2236 3136 2295 viva
3196 2252 3398 2295 voce:

685 2344 1036 2406 duodecim
1078 2364 1319 2415 ‚servos
1372 2354 1436 2409 et
1494 2346 1758 2408 ancillas
1839 2346 2254 2411 hereditarios
2321 2366 2471 2407 suos
2537 2366 2655 2426 pro
2723 2347 2980 2408 dece‘m'
3011 2358 3080 2407 et
3141 2357 3398 2426 septem

684 2461 918 2519 marcis
978 2458 1383 2519 denariorum
1455 2458 1970 2540 Zagrabiensium
2018 2459 2136 2539 ipsi
2181 2459 2448 2520 domino
2507 2460 2728 2521 abbati
2787 2459 3172 2533 vendidisse,
3235 2478 3400 2538 quas

690 2572 1081 2653 integraliter
1124 2581 1187 2632 et
1232 2571 1515 2651 plenarie
1560 2570 1645 2632 ab
1689 2570 1924 2633 eodem
1957 2572 2195 2633 abbate
2240 2574 2556 2653 recepisse
2599 2590 2670 2633 se
2712 2575 2978 2633 asseruit
3023 2581 3089 2633 et
3137 2570 3398 2633 habere.

686 2682 983 2763 Quorum
1047 2683 1311 2764 quidem
1370 2702 1697 2746 servorum
1744 2695 1809 2746 et
1852 2684 2221 2747 ancillarum
2285 2687 2549 2747 nomina
2595 2696 2772 2747 sunt:
2835 2685 3070 2763 Lyben
3117 2694 3184 2745 et
3230 2704 3401 2746 uxor

688 2798 980 2860 eiusdem
1018 2797 1226 2878 Jurica
1272 2799 1552 2871 nomine,
1614 2798 1944 2859 Radomer
1989 2797 2152 2859 filius
2197 2797 2570 2869 eorundem,
2617 2796 3059 2876 Martysselay,
3107 2796 3400 2873 Obrade,

692 2911 891 2986 Mara,
938 2911 1208 2987 Martha,
1254 2911 1583 2991 Lybysna‚
1630 2909 1922 2987 Calcava‚
1967 2910 2180 2986 Voke,
2226 2911 2562 2974 Vochiche
2605 2922 2669 2973 et
2715 2911 2980 2973 Davola.
3049 2909 3406 2975 Confessus

690 3034 792 3086 est
836 3027 1039 3086 eciam
1087 3025 1295 3087 dictus
1338 3025 1395 3087 F
1396 3027 1687 3100 arcasiuS,
1734 3026 1855 3087 alia
1903 3025 2250 3087 duodecim
2295 3027 2506 3104 capita
2549 3041 2874 3086 servorum
2905 3034 2971 3084 et
3001 3023 3406 3098 ancillarum,

692 3155 971 3216 quorum
1015 3141 1281 3200 nomina
1326 3148 1503 3200 sunt:
1564 3137 1868 3212 ThomaS,
1929 3157 2095 3200 uxor
2142 3138 2428 3199 eiusdem
2493 3135 2896 3202 Canissevela
2941 3147 3008 3197 et
3054 3136 3404 3211 Radosela,

690 3249 985 3326 Radisca,
1046 3251 1261 3326 Lucia,
1322 3249 1597 3331 Lupeko
1656 3265 1721 3312 et
1778 3271 1946 3312 uxor
2005 3252 2290 3312 eiusdem
2352 3249 2628 3332 Dragua,
2685 3249 2966 3324 Tecana‚
3028 3248 3406 3328 Myluuana,

692 3361 912 3439 Elena,
957 3364 1287 3444 Zernyche
1330 3375 1395 3426 et
1440 3363 1748 3440 Dobrina,
1791 3367 1912 3444 ipsi
1957 3365 2346 3425 monasterio
2407 3363 2597 3424 beate
2639 3363 2896 3444 virginis
2940 3380 3058 3441 pro
3102 3362 3403 3423 remedio

690 3479 907 3538 anime
951 3493 1065 3539 sue
1108 3477 1379 3552 dedisse,
1424 3478 1768 3539 contulisse
1814 3486 1878 3538 et
1925 3477 2202 3538 donasse
2245 3477 2378 3538 iure
2417 3485 2730 3555 perpetuo
2775 3485 2842 3538 et
2887 3473 3406 3536 inrevocabiliter

690 3589 1097 3668 possidenda.
1146 3589 1235 3654 Ut
1281 3609 1433 3672 ergo
1474 3593 1609 3670 ipsa
1654 3589 1947 3652 vendicio
1977 3600 2042 3650 et
2073 3589 2348 3651 donacio
2379 3587 2564 3651 firma
2607 3597 2672 3650 et
2715 3587 2958 3650 stabilis
2999 3597 3402 3667 permaneat,

692 3720 775 3762 ne
834 3699 951 3783 pe'r
1006 3703 1380 3784 quempiam
1444 3721 1749 3784 processu
1810 3714 2183 3782 temporum
2247 3702 2456 3764 valeat
2521 3701 2860 3776 retractari,
2917 3711 3247 3780 presentes
3315 3699 3404 3760 ad

694 3815 1070 3877 instanciam
1115 3818 1402 3895 parcium
1446 3816 1833 3878 contulimus
1876 3815 2147 3894 duplicis
2185 3815 2370 3897 sigilli
2400 3817 2595 3876 nostri
2641 3815 3000 3875 munimine
3042 3811 3400 3874 roboratas·

694 3925 939 3990 Datum
982 3948 1099 4010 per
1144 3947 1373 3990 manus
1432 3928 1807 3990 venerabilis
1866 3930 2062 4008 patris
2123 3927 2403 3990 Ladislai
2459 3927 2741 4006 episcopi
2805 3925 3210 4004 Tynniensis,
3257 3924 3403 3985 aule

696 4043 914 4102 nostre
958 4042 1333 4117 oencellarii,
1390 4041 1603 4103 dilecti
1650 4051 1716 4102 et
1759 4041 1964 4103 fidelis
2011 4043 2226 4115 nostri,
2285 4059 2460 4101 anno
2505 4041 2716 4122 gracie
2775 4037 3114 4100 millesimo
3161 4036 3405 4098 ducen-

695 4133 926 4215 ⁴tesimo
972 4157 1376 4242 sexagesimo
1422 4171 1615 4230 nono,
1662 4154 1930 4217 ducatus
1973 4164 2191 4215 autem
2237 4155 2436 4215 nostri
2481 4169 2667 4215 anno‘
2699 4153 2926 4236 primo.

871 4348 1174 4422 Privileg.
1221 4356 1545 4407 monaster.
1596 4349 1667 4404 B.
1732 4349 1792 4406 V.
1837 4347 2095 4406 Mariae
2138 4348 2217 4404 de
2269 4347 2327 4405 T
2314 4346 2516 4423 oplica
2562 4364 2656 4403 no.
2707 4343 2934 4403 LXXI
2937 4345 2999 4403 V.

882 4451 1136 4510 Thalem
1172 4449 1447 4510 Manum.
1492 4453 1673 4528 episc,
1719 4451 1905 4526 Zagr.
1951 4451 2002 4516 I.
2051 4453 2385 4506 148—149.
2434 4481 2518 4493 ——-
2579 4448 2825 4507 Wenzel
2871 4447 3015 4507 Coei.
3049 4445 3202 4523 dipl.
3241 4445 3399 4522 Arp.

696 4555 811 4616 XI.
866 4560 1001 4616 590.
1048 4557 1269 4616 donosi
1310 4564 1528 4631 regest.
1579 4590 1654 4599 —-
1704 4555 2086 4631 Kukuljevic'
2118 4557 2270 4629 Reg.
2321 4575 2416 4612 no,
2471 4557 2608 4611 994.
