3797 5795
1819 435 1894 442 ——
1952 401 2080 463 298
2146 437 2222 442 —

661 589 882 670 Jacobi
930 591 987 651 T
993 590 1247 670 heopoli
1295 591 1476 651 ducis
1506 591 1907 653 Venetorum
1957 590 2141 650 nobis
2188 609 2380 669 super
2426 590 2549 650 hoc
2598 589 2914 650 humiliter
2958 589 3383 668 supplicantis

665 703 960 782 precibus
1005 703 1302 777 inclinati,
1347 704 1718 765 fraternitati
1765 714 1893 764 tue·
1922 703 2323 773 mandamus
2370 704 2665 782 quatinus
2699 721 2847 763 curn
2879 701 3137 781 prefatis
3184 699 3385 782 C(ho-

665 813 944 900 domiro)
993 825 1055 877 et
1088 815 1290 877 Dessa
1335 818 1710 877 auctoritate
1759 827 1975 876 nostra
2012 816 2359 895 dispenses
2390 827 2461 876 ut
2494 815 2960 894 impedimento
3006 814 3377 876 huiusmodi

666 947 798 988 non
844 929 1141 990 obstante
1177 932 1238 989 in
1270 931 1359 990 sic
1389 940 1722 990 contracto
1755 931 2163 990 matrimonio
2210 930 2455 1007 possint
2486 927 2651 990 licite
2682 946 3029 996 remanere,
3060 927 3369 1008 quodque

665 1042 878 1120 proles
942 1060 1164 1103 eorum
1230 1042 1508 1123 legitima
1556 1055 1902 1104 censeatur.
1973 1041 2211 1103 Datum
2262 1041 2433 1120 apud
2486 1041 2725 1103 Urbem
2780 1051 3058 1102 veterem
3110 1041 3188 1102 V.
3238 1040 3383 1102 idus

668 1155 835 1227 maii,
879 1153 1288 1232 pontificatus
1335 1158 1526 1216 nostri
1575 1174 1748 1216 anno
1799 1154 1901 1214 lIl.

853 1346 993 1403 Urb.
1044 1348 1152 1405 JV.
1205 1367 1306 1404 an.
1359 1348 1478 1406 [ll.
1527 1359 1616 1424 cp.
1686 1351 1811 1404 179.
1873 1349 2027 1422 ch.
2089 1349 2215 1405 Vat.
2282 1367 2377 1404 no.
2440 1349 2542 1405 28.
2586 1351 2761 1424 fasc.
2834 1352 2927 1402 54.

1932 1760 2123 1840 793.

667 1934 867 2006 1264,
919 1934 1023 1997 15.
1075 1934 1296 2017 maja.
1341 1933 1402 2000 U
1447 1933 1905 2000 Cittavechii.

677 2123 910 2186 Urban
977 2123 1018 2184 Ι
1032 2123 1055 2184 Ι
1067 2123 1101 2184 7.
1161 2131 1338 2207 papa
1400 2122 1835 2208 nadbz'skupu
1897 2124 2311 2196 zadarskom,
2378 2125 2467 2187 cla
2529 2123 2757 2187 oskrbz'
2819 2122 3179 2209 knjtgrama
3242 2124 3375 2186 Lo-

1725 2235 1961 2299 vrt'nca
2026 2237 2315 2320 Tz‘epola.

843 2429 1240 2512 (Laurentio)
1275 2431 1758 2510 archiepiscopo
1781 2429 2069 2511 Jadrensi
2106 2442 2169 2492 ct
2202 2431 2437 2492 dilecto
2470 2431 2599 2492 filio
2631 2431 3157 2510 archipresbitero
3194 2431 3391 2508 Equi-

664 2542 815 2602 lino.
887 2541 1234 2623 Cupientes
1281 2555 1350 2605 ut
1397 2544 1665 2605 dilectus
1713 2543 1873 2605 filius
1922 2545 2303 2606 Laurentius
2349 2555 2535 2605 natus
2582 2544 2791 2605 dilecti
2842 2543 2945 2604 filii
2996 2544 3227 2604 nobilis
3272 2543 3391 2602 viri

653 2653 881 2734 Jacobi
913 2656 1228 2735 Theopoli
1264 2659 1514 2735 nepotis
1549 2657 1876 2734 quondam
1905 2657 2123 2737 Jacobi
2143 2656 2528 2740 Theopulifl)
2564 2657 2741 2718 ducis
2764 2658 3165 2719 Venetorum
3192 2655 3379 2715 disci-

658 2767 851 2844 plinis
903 2769 1250 2829 scolasticis
1295 2770 1686 2844 informetur,
1731 2768 2053 2831 dilectioni
2104 2781 2306 2830 vestre
2354 2769 2756 2844 mandamuS,
2802 2771 3099 2849 quatinus
3130 2787 3247 2828 vos
3281 2767 3385 2829 vel

661 2879 823 2941 alter
869 2891 1146 2943 vestrum
1195 2881 1404 2943 eidem
1458 2879 1853 2963 L(aurentio)
1904 2882 2000 2943 vel
2047 2885 2439 2962 procuraton'
2485 2904 2601 2944 suo
2656 2885 2790 2945 eius
2839 2885 3099 2944 nomine
3148 2881 3233 2943 ab
3280 2901 3388 2942 ec-

664 2992 872 3055 clesiis
901 3004 964 3055 et
997 2996 1396 3055 monasteriis
1420 2994 1742 3075 Jadrensis
1773 3006 1834 3055 et
1867 2996 1922 3057 F
1925 2997 2229 3071 eltrensis,
2269 3015 2345 3057 ac
2386 2997 2757 3058 Belunensis
2787 2998 3113 3057 civitatum
3146 3006 3210 3055 et
3242 2995 3385 3056 dio-

665 3126 930 3168 cesuum
975 3111 1296 3187 exemptis
1342 3120 1403 3169 et
1453 3126 1582 3167 non
1632 3110 1951 3188 exemptis
1994 3108 2236 3169 faciatis
2290 3109 2409 3171 hac
2442 3113 2575 3170 vice
2618 3109 2959 3170 dumtaxat
3004 3112 3067 3169 in
3115 3118 3385 3169 centum

666 3220 962 3281 librarum
1014 3221 1431 3299 imperialium
1481 3240 1597 3300 pro
1643 3221 1934 3282 emendis
1979 3222 2094 3283 sibi
2128 3222 2313 3289 libris,
2348 3225 2407 3283 in
2443 3223 2673 3303 quibus
2711 3222 2968 3283 studere
3016 3222 3219 3283 valeat
3266 3241 3385 3301 per

667 3352 781 3391 vos
829 3333 926 3393 vel
973 3353 1085 3411 per
1129 3335 1320 3396 alium
1355 3354 1465 3395 seu
1499 3334 1657 3395 alios
1703 3335 2037 3413 provideri.
2089 3336 2236 3397 Non
2283 3337 2598 3409 obstante,
2646 3338 2695 3397 si
2742 3339 3029 3415 personis
3078 3335 3179 3396 vel
3226 3335 3389 3395 locis

665 3445 982 3523 aliquibus
1027 3467 1064 3507 a
1109 3447 1262 3507 sede
1307 3450 1652 3525 apostolica
1700 3449 1774 3507 sit
1809 3447 2145 3521 indultum,
2194 3450 2370 3528 quod
2403 3449 2486 3510 ad
2524 3448 2996 3529 providendum
3034 3448 3219 3509 alicui
3268 3450 3389 3507 mi-

671 3560 841 3618 nime
887 3570 1237 3633 teneantur,
1298 3560 1606 3640 quodque
1651 3561 1734 3621 ad
1782 3561 1846 3621 id
1893 3562 2195 3639 compelli
2241 3573 2304 3622 et
2350 3562 2526 3643 quod
2576 3562 2881 3635 interdici,
2930 3561 3233 3641 suspendi
3282 3560 3383 3621 vel

668 3675 1210 3733 excommunicari
1260 3693 1388 3733 non
1437 3677 1680 3751 possint
1727 3694 1840 3753 per
1886 3674 2125 3734 litteras
2170 3676 2554 3753 apostolicas
2601 3676 2856 3755 plenam
2907 3686 2970 3736 et
3004 3694 3377 3753 expressam

669 3803 745 3844 ac
795 3783 876 3845 de
921 3786 1116 3846 verbo
1164 3786 1246 3846 ad
1293 3787 1577 3857 verbum,
1627 3805 1754 3846 non
1804 3787 2107 3846 facientes
2155 3787 2237 3849 de
2269 3788 2519 3848 indulto
2567 3789 2927 3849 huiusmodi
2982 3790 3381 3849 mentionem

670 3907 734 3956 et
782 3897 1060 3975 qualibet
1105 3898 1226 3957 alia
1272 3898 1515 3977 prefate
1561 3898 1730 3958 sedis
1775 3898 2165 3979 indulgentia
2206 3902 2662 3976 cuiuscumque
2694 3902 2931 3961 tenoris
2964 3902 3217 3975 existat,
3264 3920 3379 3979 per

680 4028 871 4088 quam
921 4006 1087 4093 h[ec]
1137 4014 1335 4091 gratia
1383 4013 1642 4086 eiusque
1689 4011 1956 4072 effectus
2003 4011 2293 4089 impediri
2342 4012 2594 4073 valeant
2642 4014 2737 4073 vel
2786 4012 2988 4074 differi
3024 4025 3088 4075 et
3120 4013 3203 4074 de
3252 4031 3381 4092 qua

671 4124 734 4182 in
783 4124 1010 4183 nostris
1055 4123 1272 4183 litteris
1319 4125 1561 4184 mentio
1609 4122 1737 4184 fieri
1787 4125 2022 4185 debeat
2070 4126 2377 4203 specialis.
2426 4122 3031 4210 Contra[dictores?]
3081 4137 3145 4187 et
3168 4136 3383 4188 cetera

672 4254 871 4314 usquc
918 4236 1411 4314 compescendo.
1458 4235 1700 4297 Datum
1746 4237 1921 4315 apud
1972 4237 2213 4299 Urbem
2264 4250 2545 4299 veterem
2610 4240 2818 4301 idibus
2881 4241 3048 4311 maii,
3125 4239 3385 4318 pontifi-

671 4363 851 4410 catus
897 4350 1094 4408 nostri
1143 4368 1316 4409 anno
1359 4352 1562 4410 tertio,

857 4568 994 4627 Urb.
1042 4567 1149 4626 IV.
1200 4590 1300 4626 an.
1353 4568 1476 4627 Ill.
1528 4579 1614 4643 cp.
1669 4573 1803 4628 682.
1856 4572 2003 4643 ch.
2071 4572 2199 4629 Vat.
2256 4591 2348 4627 no.
2407 4574 2503 4626 2³1.
2537 4575 2714 4649 fasc.
2772 4576 2896 4629 162.
