3797 5795
1478 405 1845 467 „35-

342 614 446 674 per
497 594 665 673 quod
728 614 969 657 nemus·
1016 598 1327 657 transiens
1388 595 1721 657 descendit
1771 597 1833 655 in
1881 597 2082 655 riuum
2151 594 2542 655 desiccatum
2598 612 2811 655 versus
2857 595 3023 653 occi-

341 706 581 769 dentem
626 718 689 768 et
736 709 821 769 ibi
868 717 962 769 est
1009 718 1497 770 commetaneus
1542 710 1677 769 eius
1709 707 1912 769 Draas
1959 718 2024 768 et
2056 707 2206 767 inde
2243 706 2530 768 ascendit
2581 710 2642 766 in
2690 706 3014 781 quandam

340 822 491 883 uiam
538 822 711 881 iuxta
758 837 951 899 quam
998 832 1095 883 est
1140 832 1310 883 meta
1358 832 1561 882 terrea
1606 834 1669 883 et
1716 811 1956 884 ibidem
2003 832 2488 881 commetaneus
2518 821 2652 880 eius
2681 830 2778 879 est
2809 818 3021 881 dictus

336 934 535 1008 DmaS‚
580 934 728 995 inde
793 954 945 995 uero
1008 934 1407 996 descendens
1466 954 1582 1014 per
1645 934 1978 1013 quoddam
2042 952 2268 994 nemus
2327 951 2542 993 versus
2613 932 3022 993 occidentem

338 1046 499 1109 uadit
540 1047 624 1108 ad
668 1048 960 1109 arborem
1027 1067 1155 1127 que
1216 1048 1385 1130 wlgo
1431 1048 1616 1127 nyrsa
1662 1059 1925 1109 vocatur
1970 1059 2032 1107 et
2079 1047 2163 1107 ibi
2211 1056 2308 1107 est
2354 1057 2526 1107 meta
2571 1056 2774 1107 terrea
2821 1057 2885 1107 et
2929 1046 3018 1106 ibi

332 1172 421 1221 est
462 1171 941 1223 commetaneus
984 1164 1119 1223 eius
1162 1162 1489 1242 predictus
1541 1160 1815 1242 Dras(!)‚
1860 1162 2010 1221 inde
2057 1160 2232 1221 uadit
2277 1159 2360 1221 ad
2409 1170 2612 1221 metas
2659 1170 2790 1220 tere
2811 1158 2875 1241 (!)
2925 1178 3020 1219 re-

337 1274 469 1335 licte
534 1274 859 1348 Demetrii,
930 1275 1201 1336 demum*
1262 1278 1441 1337 uadit
1487 1275 1571 1337 ad
1618 1276 1914 1337 arborem
1964 1276 2070 1352 qui
2131 1284 2398 1335 uocatur
2460 1274 2638 1335 narfa
2683 1283 2746 1333 et
2793 1272 2880 1331 ibi
2925 1282 3020 1333 est

311 1398 803 1449 ‘commetaneus
864 1398 1037 1449 terre·
1087 1389 1301 1450 relicte
1347 1388 1675 1463 Demetrii,
1720 1387 1871 1449 inde
1927 1406 2081 1448 uero
2143 1387 2314 1447 cadit
2361 1388 2420 1447 in
2471 1386 2802 1454 fossatum,
2847 1385 3024 1461 quod

340 1499 579 1581 Birgnik
614 1511 850 1579 potoca
915 1511 1177 1563 vocatur
1222 1514 1285 1563 et
1330 1502 1481 1563 inde
1528 1500 1926 1563 descendens
1970 1518 2190 1561 uersus
2235 1501 2543 1560 orientem
2579 1498 2660 1559 ad
2695 1497 3022 1576 quandam

338 1616 493 1673 uiam
552 1632 755 1693 usque
811 1616 1015 1676 riuum
1078 1612 1429 1689 Oriawcha‚
1492 1632 1685 1695 quem
1737 1617 2046 1674 transiens
2095 1613 2268 1674 uadit
2313 1613 2397 1673 ad
2444 1611 2750 1673 fossatum
2799 1630 3022 1672 uersus

336 1728 631 1785 orientem
694 1737 759 1787 et
821 1726 970 1787 inde
1013 1727 1369 1788 ascendens
1428 1746 1543 1807 per
1603 1726 1934 1805 quandam
1998 1725 2372 1805 particulam
2439 1727 2674 1785 montis
2731 1723 2893 1784 redit
2939 1723 3024 1784 ad

335 1839 591 1916 primam
638 1850 877 1900 metam
924 1851 989 1902 et
1034 1842 1123 1901 sie
1169 1850 1339 1901 mete
1384 1840 1669 1919 predicte
1700 1852 1865 1901 terre
1897 1842 2333 1911 terminantur,
2380 1856 2574 1918 quam
2623 1849 2855 1897 terram
2903 1837 3022 1897 sub

333 1952 511 2011 metis
564 1954 995 2030 supranotatis
1053 1953 1295 2014 eisdem
1355 1952 1651 2014 fidelibus
1698 1955 1928 2013 nostris
1975 1952 2230 2025 Beluch‚
2277 1951 2462 2015 Sewa
2506 1964 2568 2011 et
2616 1948 2908 2013 Otrochk
2954 1959 3016 2009 et

330 2064 601 2141 ipsorum
648 2064 985 2127 heredibus
1030 2065 1469 2145 heredumque
1506 2067 1974 2129 successoribus
2005 2068 2342 2126 autoritate
2372 2066 2684 2144 presentis
2710 2063 3020 2143 priuilegii

330 2178 386 2237 in
432 2179 525 2238 ius
568 2188 945 2257 perpetuum
1010 2178 1528 2240 confirmauimus
1572 2179 1692 2240 sub
1738 2178 1968 2239 eadem
2030 2180 2463 2249 obseruancia,
2509 2176 2740 2237 debitis
2785 2187 2848 2235 et
2895 2194 3020 2235 ser-

330 2291 497 2351 uiciis
536 2309 611 2351 ae
655 2292 777 2351 ritu
820 2294 885 2353 in
930 2293 1233 2353 omnibus
1274 2302 1339 2353 et
1383 2311 1498 2371 per
1544 2295 1779 2365 omnia,
1822 2292 1942 2352 sub
1988 2292 2220 2371 quibus
2261 2302 2492 2351 terram
2541 2291 2603 2350 in
2636 2290 2886 2369 Posoga
2933 2300 3022 2349 te-

330 2414 545 2464 nentes
589 2402 895 2465 hactenus
936 2404 1309 2486 deguerunt.
1360 2405 1458 2465 Ne
1503 2406 1688 2486 igitur
1747 2404 1930 2466 huius
1977 2415 2190 2466 nostre
2251 2402 2760 2465 confirmacionis
2821 2404 3011 2463 series

326 2536 363 2575 a
404 2534 729 2595 quoquam
776 2516 985 2577 ualeat
1034 2516 1351 2591 infirmari,
1398 2520 1459 2578 in
1492 2536 1617 2593 qua
1663 2517 2274 2597 calumpniatoribus
2319 2520 2418 2577 via
2451 2515 2840 2598 malignandi
2875 2534 3022 2595 pro-

329 2629 469 2690 uide
498 2640 591 2691 est
620 2630 789 2703 elisa,
819 2649 1081 2709 presens
1124 2629 1525 2712 priuilegium
1572 2630 1886 2709 dupplicis
1918 2632 2096 2713 sigilli
2133 2634 2324 2691 nostri
2370 2632 2722 2691 munimine
2755 2628 3020 2690 fecimus

326 2742 614 2803 roborari.
662 2742 900 2804 Datum
936 2742 1117 2804 Bude
1147 2762 1261 2822 per
1286 2762 1513 2804 manus
1544 2742 1747 2804 fidelis
1786 2747 1982 2805 nostri
2031 2746 2308 2825 magistri
2357 2738 2660 2825 A[chatii}
2712 2744 3017 2822 prepositi

326 2854 625 2918 Budensis
684 2856 827 2918 aule
887 2866 1103 2918 nostre
1162 2856 1533 2919 cancellarii.
1606 2855 1803 2919 Anno
1850 2857 2095 2919 domini
2139 2857 2257 2919 ΜΟ.
2281 2856 2436 2922 CC0.
2486 2858 3018 2938 quinquagesimo

324 2981 570 3044 octau0,
616 2973 815 3030 tercio
861 2969 1117 3031 decimo
1162 2969 1473 3031 kalendas
1520 2971 1829 3032 lebruarii.

504 3162 797 3237 Ortginal
838 3183 879 3220 u
923 3163 1013 3220 kr.
1066 3183 1242 3238 ugar.
1295 3165 1625 3222 driavnom
1689 3163 1911 3221 arkivu
1977 3183 2016 3220 u
2081 3165 2470 3240 Budimperti
2527 3165 2617 3220 M.
2695 3163 2762 3220 0.
2815 3163 2893 3219 l).
2943 3162 3014 3218 L.

327 3267 555 3324 33.917.
630 3267 821 3348 Stata
882 3270 1213 3342 signatura
1276 3269 1357 3325 Ν.
1408 3271 1483 3325 R.
1533 3269 1605 3324 A.
1658 3271 1833 3346 fasc.
1904 3271 2063 3326 1531.
2127 3289 2219 3325 no.
2269 3272 2367 3323 22.
2437 3303 2521 3309 —
2590 3269 2732 3326 Pod
2792 3267 3018 3342 brojem

326 3371 553 3428 33.916.
598 3371 814 3429 nalazi
853 3392 921 3428 se
963 3391 1331 3430 suvremena
1392 3372 1617 3448 koptjoe
1682 3376 1775 3429 §to
1821 3374 2065 3430 sudimo
2102 3384 2182 3449 po
2229 3383 2366 3442 tom,
2413 3375 2528 3448 jer
2551 3375 2657 3448 joj
2697 3371 3020 3447 manjkaju

322 3473 475 3531 ncka
520 3476 743 3544 imena,
791 3475 932 3551 koja
976 3477 1154 3552 ovaffe
1170 3523 1183 3534 .
1199 3478 1445 3534 imamo.
1491 3477 1600 3534 ‚Na
1647 3477 1852 3534 listim·
1892 3479 2019 3534 visi
2061 3483 2230 3534 nesto
2287 3477 2720 3553 ctveno-bz'jele
2786 3477 3020 3534 svilene

322 3597 499 3636 vrvce
528 3579 630 3637 bez
652 3585 893 3657 pelata.
938 3615 1015 3622 —-
1050 3581 1159 3638 Να
1204 3581 1385 3659 hrptu
1432 3581 1693 3657 biljes‘ka
1726 3583 1863 3640 XV.
1897 3581 2102 3656 vtjeka
2123 3603 2143 3637 .·
2198 3582 2472 3639 >Littera
2518 3583 2763 3639 domine
2806 3581 3018 3639 Maric-

321 3686 527 3757 regine
555 3695 742 3761 super
770 3686 949 3742 metis
968 3687 1422 3762 possessionum
1458 3687 1523 3744 in
1570 3686 1910 3743 Sclauom'a
1943 3706 2107 3744 anno
2141 3687 2377 3743 domini
2406 3687 2492 3743 M.
2507 3686 2559 3744 C
2563 3687 2616 3744 C
2614 3686 2704 3744 .L.
2742 3687 2952 3759 tercio(
2961 3689 3010 3750 J)

321 3799 667 3847 emanata«.

504 3895 748 3952 Wenzel
796 3895 940 3952 cod.
989 3896 1137 3971 dipl.
1184 3896 1329 3972 Arp.
1382 3905 1533 3952 cont.
1573 3896 1682 3952 XI.
1724 3899 1991 3955 445--6.
2040 3931 2123 3936 ——
2156 3894 2530 3970 Kukuljew'c‘
2556 3897 2704 3970 Reg.
2742 3917 2835 3954 no.
2886 3901 3016 3955 748.

1565 4232 1757 4311 602.

319 4401 511 4482 1258,
558 4404 623 4468 9.
670 4403 1044 4471 februara.
1093 4404 1149 4469 Ι]
1195 4404 1495 4473 viterbi.

318 4591 752 4657 Aleksandar
784 4593 911 4656 JV.
938 4601 1119 4678 papa
1148 4595 1491 4680 postavlja
1530 4596 1837 4659 Alearda
1884 4618 1961 4659 za
2011 4597 2438 4680 nadbz'skupa
2486 4591 3011 4683 dubrovacfkogd.

486 4783 857 4880 Alexander
916 4787 1255 4865 episcopus
1314 4806 1529 4850 servus
1590 4807 1920 4850 servorum
1971 4789 2074 4850 dei
2121 4788 2462 4852 venerabili
2511 4790 2678 4852 fratri
2728 4789 3014 4852 Aleardo

320 4896 791 4978 archiepiscopo
850 4899 1179 4981 Ragusino
1241 4900 1511 4962 salutem
1574 4915 1637 4964 et
1697 4906 2119 4984 apostolicam
2184 4905 2720 4967 benedictionem.
2815 4907 3016 4968 Recte

320 5016 465 5070 tunc
520 5011 929 5073 ecclesiarum
992 5013 1239 5074 utilitati
1303 5017 1683 5094 prospicitur
1760 5028 1824 5079 et
1887 5019 2334 5098 indempnitati
2400 5019 2734 5080 salubriter
2797 5039 3014 5100 preca-

320 5133 507 5198 vetur,
550 5143 696 5186 cum
742 5124 1027 5186 discretis
1090 5137 1153 5187 et
1216 5128 1498 5206 providis
1552 5149 1701 5190 cura
1749 5133 2168 5193 committitur
2215 5131 2607 5194 earumdem.
2681 5133 2869 5195 Unde
2916 5154 3016 5194 ro-
