3797 5795
1493 415 1551 425 -
1632 379 1902 444 205—

346 575 546 636 selicis
606 573 1071 634 recordacionis
1130 575 1463 645 contentis
1522 572 1851 632 confessus
1901 583 1994 632 est
2042 591 2110 632 se
2156 570 2514 631 vendidisse
2578 570 2866 648 predicto
2923 571 3052 630 Ro-

348 687 545 748 lando
604 688 775 748 bano
836 699 899 747 et
958 688 1085 746 suis
1144 685 1480 747 heredibus
1539 685 1978 764 heredumque
2039 684 2506 744 successoribus
2553 686 2684 743 iure
2729 693 3046 762 perpetuo

346 799 801 879 possidendam
864 819 981 878 pro
1042 809 1301 859 centum
1361 808 1424 858 et
1484 800 1832 878 nonaginta
1894 799 2139 870 marcis,
2186 815 2312 875 que
2380 809 2741 856 memorato
2789 795 3044 856 Endree

346 932 565 973 coram
613 913 797 972 nobis
843 924 1172 972 numerate
1218 912 1469 972 suerunt
1500 923 1563 972 et
1593 910 1875 990 plenarie
1907 909 2244 988 persolute,
2276 909 2820 970 consentientibus
2867 927 3047 968 com-

348 1029 657 1087 metaneis
716 1025 998 1105 predicte
1044 1036 1208 1086 terre
1268 1021 1590 1106 Gergeu(!)
1656 1035 1879 1084 vocate
1939 1023 2294 1083 vendicioni
2343 1022 2508 1082 facte
2554 1023 2667 1100 ipsi
2718 1024 2887 1080 bano
2933 1041 3048 1098 per

350 1139 603 1200 Endree
647 1141 1160 1218 suprascriptum,
1205 1138 1525 1199 nobilibus
1554 1138 1637 1198 de
1670 1137 1891 1215 Blyna‚
1923 1137 2158 1197 scilicet
2209 1135 2376 1195 [wan
2427 1132 2554 1195 filio
2601 1133 2832 1206 Orsun,
2865 1131 3046 1194 Gurk

350 1252 597 1330 Bonyla
642 1271 761 1331 pro
806 1271 875 1313 se
919 1263 983 1312 et
1027 1271 1145 1330 pro
1192 1250 1485 1328 Leuctyn
1548 1251 1737 1312 fratre
1783 1271 1918 1323 su0,
1966 1249 2243 1310 Martino
2306 1247 2434 1308 filio
2501 1248 2579 1308 W
2589 1247 2760 1325 ll<‹›y·‚
2801 1246 3050 1326 Jacobo

350 1365 481 1426 filio
541 1363 781 1445 Jakow‚
850 1363 1049 1426 Gerto
1115 1364 1248 1425 filio
1317 1363 1537 1445 Mirge‚
1607 1363 1836 1441 Maryn
1907 1363 2036 1423 filio
2109 1361 2434 1443 Bogdaan,
2481 1359 2849 1442 Bogdozlao
2921 1359 3052 1419 filio

352 1477 656 1556 Wlkyna,
692 1479 771 1538 W
782 1478 984 1539 lebeta
1016 1477 1145 1538 filio
1177 1478 1489 1558 Bogdasa,
1524 1477 1787 1555 Mathey
1818 1475 1950 1537 filio
1987 1476 2068 1536 W
2077 1475 2156 1544 ik,
2190 1473 2482 1536 Gordasa
2527 1474 2658 1534 filio
2692 1470 3050 1550 Godymer,

346 1590 518 1671 Junk
559 1591 690 1652 filio
739 1591 944 1662 Innsa,
990 1590 1178 1652 Mark
1221 1591 1350 1651 filio
1398 1590 1670 1663 Martini,
1719 1589 1970 1650 Iwanch
2019 1587 2148 1649 filio
2198 1586 2686 1661 Petrus,1<ados
2732 1585 2814 1646 de
2861 1605 3048 1667 gene·

352 1706 607 1765 racione
663 1703 923 1782 Thurya
970 1722 1087 1782 pro
1132 1723 1201 1764 se
1246 1717 1309 1764 et
1355 1723 1471 1781 pro
1532 1701 1699 1765 Gula
1762 1715 1824 1763 et
1888 1701 2182 1782 Poligrad
2245 1701 2538 1761 fratribus
2583 1701 2726 1772 suis,
2772 1699 3053 1772 Thoma‚

352 1817 662 1898 Zlonnyg,
722 1815 991 1889 Otrok0‚
1036 1815 1337 1877 Thonasa
1397 1815 1525 1876 filio
1588 1815 1900 1896 Bolonyg.
1951 1813 2059 1876 Ad
2105 1814 2222 1873 hec
2268 1813 2472 1873 dictus
2527 1812 2782 1874 Endree
2827 1831 3052 1872 coram

356 1930 539 1990 nobis
569 1949 639 1990 se
668 1929 929 1990 firmiter
960 1929 1277 2010 obligavit,
1310 1929 1487 2007 quod
1518 1929 1601 1990 de
1631 1930 1806 1989 omni
1850 1930 2201 2008 questione,
2247 1945 2441 2005 quarn
2477 1928 2620 1986 oriri
2655 1927 3053 2006 contingeret

355 2062 541 2122 super
602 2055 765 2102 terra
826 2042 1079 2102 vendita
1142 2051 1361 2102 contra
1422 2042 1665 2102 dictum
1728 2042 1966 2100 banum
2031 2040 2129 2100 vel
2191 2039 2456 2099 heredes
2516 2058 2664 2099 suos
2729 2058 2810 2098 ex
2874 2048 3057 2117 parte

360 2156 551 2218 Marci
593 2157 798 2217 fratris
830 2156 1163 2216 memorati
1200 2154 1450 2215 Endree
1483 2155 1581 2215 vel
1614 2155 2233 2234 consanguineorum
2283 2171 2561 2226 suorum,
2594 2152 2764 2212 idem
2803 2151 3058 2212 Endree

356 2283 418 2330 et
464 2288 861 2330 successores
905 2270 997 2329 sui
1044 2269 1286 2329 dictum
1333 2269 1575 2328 banun
1622 2277 1685 2328 et
1731 2285 1881 2327 suos
1928 2266 2194 2327 heredes
2241 2277 2576 2326 teneantur
2621 2268 2748 2325 suis
2779 2265 3050 2343 propriis

356 2383 716 2462 sumptibus
761 2395 823 2442 et
868 2381 1193 2442 laboribus
1238 2380 1541 2460 expedire
1587 2391 1648 2441 et
1698 2380 2078 2458 indempnes
2125 2398 2238 2457 per
2284 2381 2501 2438 omnia
2547 2396 2937 2438 conservare.
2985 2378 3054 2436 In

358 2497 535 2557 cuius
579 2498 663 2556 rei
712 2496 1147 2556 testimonium
1194 2504 1521 2574 presentes
1567 2494 1649 2554 ad
1697 2495 2074 2554 instanciam
2123 2495 2406 2570 parcium
2454 2490 2842 2551 contulimus
2874 2489 3054 2570 sigilli

357 2609 553 2669 nostri
601 2611 951 2669 munimine
996 2609 1343 2668 roboratas.
1377 2605 1619 2668 Datum
1666 2625 1779 2685 per
1826 2624 2054 2666 manus
2099 2605 2378 2686 magistri
2429 2603 2755 2665 Michaelis
2804 2603 3057 2664 lectoris

357 2721 619 2782 ecclesie
686 2733 919 2795 nostre,
986 2739 1157 2782 anno
1226 2721 1307 2780 ab
1376 2721 1819 2780 incarnacione
1889 2718 2131 2778 domini
2207 2717 2544 2777 millesimo
2614 2716 3058 2776 ducentesimo

356 2837 762 2917 sexagesimo
809 2837 1032 2913 primo

531 3030 595 3086 lz
628 3023 959 3104 prijepisa,
1007 3026 1135 3103 koji
1157 3028 1233 3102 je
1280 3028 1456 3083 zadae
1501 3024 1671 3101 kralj
1726 3026 2023 3101 Ljua'evit
2065 3026 2114 3081 J.
2173 3025 2256 3081 od
2287 3025 2429 3097 god.
2477 3027 2649 3080 1382.
2674 3044 2692 3078 .·
2749 3024 2848 3078 »in
2877 3024 3058 3098 sins-[0

356 3133 669 3191 beatorum
730 3134 913 3191 Petri
970 3140 1031 3189 et
1091 3132 1281 3189 Pauli
1346 3130 1751 3207 apostolorum
1766 3155 1788 3179 «
1805 3175 1818 3188 .
1868 3130 1978 3187 Na
2025 3129 2279 3204 leaJima
2325 3128 2468 3184 vide
2511 3147 2578 3183 se
2623 3126 2869 3199 tragovi
2911 3124 3056 3181 kra-

354 3218 665 3313 oevskoga
700 3243 944 3313 pelata.
1006 3236 1301 3310 Ortjginal
1342 3256 1381 3292 u
1428 3234 1651 3291 arkivu
1694 3233 1962 3291 knezova
2010 3231 2356 3303 Battltya'ny
2391 3251 2430 3287 u
2463 3230 2838 3287 Kd'rtnendu.
2891 3230 2961 3285 A.
2996 3232 3052 3287 2.

346 3342 416 3399 L.
473 3346 524 3398 9.
592 3342 1034 3399 »Adiscellanca
1099 3340 1473 3397 Szdckianm
1544 3359 1637 3396 no,
1694 3343 1735 3393 1.
1839 3338 1982 3395 cod.
2048 3336 2197 3407 dipl.
2239 3337 2489 3409 patrius
2550 3334 2717 3392 Vlll.
2783 3337 2858 3388 87
2899 3338 3050 3388 -88.

347 3468 444 3505 no,
501 3450 537 3502 6
545 3450 597 3502 9.

1616 3830 1804 3910 711.

348 4045 547 4111 1261.

350 4234 509 4296 Bau
564 4234 843 4297 Roland
886 4232 1256 4318 dosudjuje
1310 4231 1555 4315 zemlju
1604 4228 1922 4314 Blagus‘u
1971 4227 2259 4290 nekomu
2322 4226 2649 4289 Adartinu
2691 4224 3050 4310 podam'ka

1407 4342 1631 4427 gradu
1679 4340 1996 4427 Zagreba.

526 4539 855 4601 Rolandus
893 4539 1097 4600 banus
1128 4540 1331 4599 tocius
1353 4535 1692 4599 Sclauonie
1725 4536 2026 4596 omnibus
2049 4552 2312 4613 presens
2346 4534 2650 4611 scriptum
2675 4532 3052 4609 inspecturis

346 4653 619 4715 salutem
683 4654 745 4713 in
810 4653 1099 4713 omnium
1158 4650 1489 4712 saluatore.
1536 4648 1645 4712 Ad
1690 4650 2130 4709 vniuersorum
2192 4657 2326 4707 tam
2389 4646 2786 4725 presencium
2853 4662 3046 4723 quam

347 4778 751 4845 posterorum
802 4766 1103 4826 noticiam
1144 4744 1372 4824 ¹harum
1418 4764 1577 4823 serie
1622 4761 1916 4825 volumus
1985 4760 2334 4840 peruenire,
2397 4758 2572 4837 quod
2621 4756 2882 4835 quidam
2933 4775 3034 4814 no·

346 4881 522 4939 mine
586 4878 865 4939 Berizlau
927 4875 1201 4949 Vulchk‚
1260 4876 1500 4955 Stepan
1564 4872 1810 4952 Vytku,
1896 4870 2200 4950 Vulchyk
2260 4870 2422 4931 filius
2493 4870 2676 4942 Kese,
2755 4866 3052 4945 Vulchey

344 4991 509 5053 filius
553 4990 765 5052 Drask
825 5000 890 5051 et
950 4988 1307 5071 Draguzlau
1368 5007 1485 5068 pro
1530 5006 1599 5048 se
1645 4996 1709 5047 et
1756 4987 2058 5046 omnibus
2117 5004 2340 5046 eorum
2386 4985 2696 5062 proximis
2758 4982 3051 5042 reambu-

348 5104 554 5166 lantes
599 5123 745 5165 eum
794 5103 1055 5163 homine
1101 5112 1320 5163 nostro
1366 5099 1692 5181 quandam
1739 5109 1971 5161 terram
2021 5100 2281 5159 nomine
2329 5096 2619 5177 Blagusa,
2649 5096 2732 5156 de
2773 5094 3052 5156 Martino
