3797 5795
1531 415 1794 477 -639
1859 450 1930 457 —-

378 608 746 669 dictionem.
797 606 962 671 Cum
1008 629 1046 669 a
1093 610 1281 668 nobis
1328 610 1560 686 petitur
1606 610 1784 687 quod
1832 610 2065 669 iustum
2114 618 2209 668 est
2240 618 2304 668 et
2336 606 2695 681 honestum,
2744 620 2873 669 tam
2909 613 3087 692 vigor

375 722 675 800 equitatis
721 740 917 799 quam
961 721 1123 781 ordo
1169 721 1367 803 exigit
1411 724 1690 795 rationiS,
1739 734 1806 783 ut
1839 722 1905 782 id
1952 742 2066 801 per
2111 720 2604 782 sollicitudinem
2651 722 2841 782 officii
2887 726 3087 784 nostri

377 835 466 895 ad
512 834 800 895 debitum
848 835 1233 913 perducatur
1276 834 1594 895 effectum.
1643 834 1814 897 Sane
1859 838 2083 914 petitio
2130 845 2339 895 vestra
2385 834 2570 894 nobis
2617 834 2901 895 exhibita
2933 854 3085 896 con-

375 949 642 1020 tinebant,
687 947 864 1023 quod
909 948 1284 1008 venerabilis
1330 947 1522 1008 frater
1581 959 1800 1009 noster
1859 948 2252 1027 Spalatensis
2298 947 2813 1027 archiepiscopus
2859 949 2942 1009 ad
2990 969 3087 1009 or-

380 1060 598 1122 dinem
646 1070 942 1133 vestrum,
988 1064 1165 1121 cuius
1209 1062 1588 1141 professioni
1650 1064 1828 1141 pium
1891 1061 2136 1122 habens
2188 1073 2551 1140 respectum
2599 1065 3085 1123 concessionem

379 1174 465 1234 de
525 1174 688 1245 loc0,
761 1192 953 1252 quem
1023 1173 1385 1234 inhabitans
1429 1194 1466 1234 a
1513 1174 2072 1253 predecessoribus
2140 1177 2266 1235 suis
2335 1172 2819 1253 Spalatensibus
2885 1175 3086 1236 archi-

377 1289 704 1366 episcopis
769 1289 876 1367 qui
942 1288 1172 1348 fuerint
1237 1308 1354 1367 pro
1416 1300 1724 1367 tempore,
1787 1298 1979 1368 prout
2044 1288 2126 1348 ad
2190 1308 2302 1348 eos
2348 1288 2679 1366 spectabat
2728 1335 3043 1349 ......

381 1399 704 1461 ratificans
771 1413 834 1460 et
903 1401 1270 1479 approbans
1337 1412 1400 1461 et
1464 1401 1892 1474 consideranS,
1940 1401 2117 1481 quod
2186 1402 2365 1462 locus
2432 1401 2756 1479 predictus
2824 1402 3087 1462 nimium

379 1524 594 1574 arctus
639 1524 772 1574 erat
819 1532 938 1592 pro
983 1513 1250 1575 ecclesia
1297 1524 1502 1575 vestra
1548 1525 1609 1574 et
1659 1514 1961 1575 domibus
2019 1514 2417 1594 ampliandiS‚
2464 1514 2791 1593 quandam
2838 1525 3085 1593 partem

379 1626 548 1687 horti
594 1629 687 1687 sui
733 1627 1284 1705 archiepiscopalis
1330 1629 1507 1687 iuxta
1552 1627 1768 1688 locum
1813 1628 2171 1707 predictum
2219 1630 2514 1707 positam,
2559 1628 2816 1706 capituli
2863 1631 2953 1688 sui
3004 1630 3087 1689 ad

387 1740 454 1800 id
515 1740 868 1801 accedente
931 1760 1266 1812 consensu,
1328 1743 1433 1819 pia
1494 1751 1558 1800 et
1619 1741 1886 1819 provida
1950 1741 2323 1801 liberalitate
2384 1744 2716 1815 concessit,
2777 1752 2967 1820 prout
3030 1744 3089 1802 in

389 1853 757 1932 patentibus
801 1854 1021 1915 litteris
1068 1854 1216 1915 inde
1263 1855 1569 1914 consectis
1623 1857 1907 1933 ipsorum
1954 1853 2415 1933 archiepiscopi
2460 1864 2524 1914 et
2570 1855 2829 1933 capituli
2876 1854 3091 1935 sigillis

391 1968 650 2028 munitis
695 1967 944 2045 plenius
987 1968 1216 2027 dicitur
1262 1969 1589 2028 contineri.
1659 1966 1797 2027 Nos
1843 1969 2061 2045 itaque
2106 1969 2327 2027 vestris
2386 1967 2957 2045 supplicationibus
3002 1969 3092 2027 in-

387 2080 618 2153 clinati,
665 2080 842 2159 quod
904 2099 1093 2159 super
1153 2079 1278 2140 hoc
1337 2080 1604 2159 provide
1651 2080 1889 2141 factum
1938 2090 2051 2152 est,
2096 2091 2303 2139 ratum
2354 2079 2665 2140 habentes
2711 2090 2774 2140 et
2820 2080 3093 2155 firmum,

387 2193 453 2252 id
501 2195 876 2253 auctoritate
921 2194 1273 2271 apostolica
1319 2194 1776 2254 confirmamus
1807 2204 1870 2253 et
1903 2194 2213 2271 presentis
2258 2194 2470 2271 scripti
2518 2196 2873 2271 patrocinio
2918 2211 3093 2253 com-

389 2308 727 2367 munimus.
774 2306 946 2366 Nulli
992 2324 1145 2387 ergo
1191 2306 1524 2366 hominum
1558 2307 1760 2379 liceat,
1792 2306 1957 2365 hanc
1987 2307 2289 2386 paginam
2331 2316 2547 2365 nostre
2592 2304 3095 2366 confirmationis

387 2419 728 2500 infringere
787 2420 886 2479 vel
933 2422 987 2479 ei
1035 2438 1192 2479 ausu
1255 2421 1590 2479 temerario
1655 2420 1987 2478 contraire.
2048 2417 2113 2481 Si
2164 2421 2303 2497 quis
2347 2430 2565 2478 autem
2614 2418 2736 2479 hoc
2782 2428 3095 2479 attentare

389 2535 842 2611 presumpserit
890 2532 1394 2613 indignationem
1445 2532 1907 2610 omnipotentis
1954 2532 2057 2591 dei
2104 2544 2167 2593 et
2214 2532 2549 2592 beatorum
2599 2532 2768 2592 Petri
2814 2540 2877 2591 et
2922 2530 3095 2591 Pauli

389 2645 830 2723 apostolorum
899 2647 1033 2705 eius
1077 2664 1144 2705 se
1192 2647 1437 2705 noverit
1499 2647 1915 2705 incursurum.
1978 2644 2221 2706 Datum
2268 2645 2443 2724 apud
2492 2644 2734 2707 Urbem
2785 2643 3093 2704 Veterem

389 2756 566 2819 XIV.
612 2756 921 2818 kalendas
965 2760 1230 2838 augusti,
1277 2757 1684 2837 pontificatus
1732 2759 1929 2819 nostri
1976 2777 2147 2817 anno
2194 2760 2421 2836 primo,

563 2952 822 3008 Farlati
883 2951 1052 3025 Illyr.
1121 2971 1386 3008 sacrum.
1451 2951 1572 3010 III.
1633 2955 1774 3012 281,
1825 2984 1907 2993 —
1970 2952 2215 3008 Wenzel
2264 2951 2403 3009 cod.
2456 2951 2603 3026 depl.
2654 2951 2887 3026 Arpad.
2936 2958 3093 3008 cont.

407 3055 572 3113 VIII.
627 3058 982 3114 396—397.
1029 3091 1113 3100 —-
1159 3055 1444 3112 Postlla-rt
1485 3057 1636 3129 Reg.
1677 3056 1906 3132 pontq‘f.
1957 3074 2050 3112 no.
2103 3057 2334 3112 20.571.

1687 3362 1820 3441 84.

393 3488 596 3564 1272,
642 3487 834 3571 prije
881 3491 943 3554 6.
992 3488 1338 3570 augusta.

395 3679 686 3766 Stjepan
733 3679 924 3764 kralj
966 3679 1258 3765 ugarskz'
1299 3677 1332 3742 ι’
1370 3679 1678 3744 lzrvatskz
1740 3679 1901 3764 daje
1945 3676 2392 3748 Babom‘cfima
2428 3679 2615 3764 grad
2658 3676 2977 3742 Samobor
3022 3699 3098 3740 za

393 3793 662 3878 zasluge
697 3791 730 3855 ι’
754 3799 1003 3856 ots‘tetu
1051 3791 1319 3865 dabam,
1368 3793 1526 3878 koja
1571 3790 1666 3855 im
1714 3797 1818 3854 ote
1849 3812 1897 3853 u
1934 3777 2321 3876 Stajerskoj
2360 3790 2549 3874 kralj
2589 3789 2774 3854 besti
2821 3791 3093 3854 Otokar.

569 3984 934 4064 Stephanus
1001 3985 1103 4046 dei
1171 3987 1372 4067 gratia
1435 3985 1781 4066 Hungarie,
1847 3983 2185 4058 Dalmatie,
2247 3980 2517 4056 Croatie‚
2582 3983 2802 4056 Rame,
2861 3981 3095 4056 Servie‚

392 4096 677 4172 Gallicie‚
725 4098 1132 4172 Lodomerie‚
1177 4097 1506 4172 Cumanie‚
1555 4097 1975 4180 Bulgarieque
2021 4117 2135 4157 rex
2181 4097 2482 4156 omnibus
2529 4093 2757 4158 Christi
2803 4094 3097 4156 fidelibus

394 4223 722 4291 presentes
781 4211 1020 4273 litteras
1081 4213 1454 4290 inspecturis
1512 4211 1786 4272 salutem
1849 4212 1913 4270 in
1975 4211 2265 4270 omnium
2328 4208 2658 4269 salvatore.
2706 4207 2875 4288 Erga
2920 4207 3097 4268 celsi-

397 4325 682 4386 tudinem
745 4326 984 4406 regiam
1043 4323 1414 4386 insudantes
1475 4324 1684 4404 dignis
1743 4324 2035 4404 congruit
2094 4323 2353 4401 premiis
2413 4321 2698 4393 refoveri,
2743 4323 2849 4400 qui
2898 4320 3097 4381 unde-

394 4457 650 4517 cunque
679 4439 966 4513 venerint
997 4437 1209 4498 divina
1240 4439 1440 4518 gratia
1471 4437 1698 4510 vocati,
1727 4436 1942 4496 aulam
1973 4435 2223 4514 poliunt
2255 4435 2615 4506 maiestatis
2649 4445 2713 4494 ut
2747 4433 3097 4494 funiculum

395 4550 855 4612 distributionis
900 4551 1207 4628 recipiant
1251 4552 1416 4610 inter
1461 4549 1590 4620 eOS,
1636 4567 1800 4629 quos
1846 4548 2246 4608 conversatio
2300 4544 2651 4618 laudabilis
2696 4545 2843 4607 fidei
2890 4548 3099 4606 unitas

396 4666 626 4724 nostris
671 4664 887 4724 aulicis
932 4681 1200 4742 corpore
1246 4673 1310 4724 et
1355 4665 1574 4723 animo
1619 4663 1898 4722 sociavit.
1943 4658 2053 4722 Ad
2100 4661 2538 4721 universorum
2584 4661 2771 4740 igitur
2802 4660 3096 4719 notitiam

395 4775 622 4836 harum
689 4777 848 4836 serie
915 4776 1210 4837 volumus
1274 4777 1621 4855 pervenire,
1688 4773 1867 4852 quod
1943 4792 2162 4834 comes
2240 4773 2297 4834 N
2305 4773 2542 4833 icolaus
2610 4772 2693 4832 de
2760 4769 3101 4834 Leueberk

397 4889 597 4951 multa
665 4890 916 4950 servitia
960 4901 1023 4950 et
1070 4888 1314 4950 diversa
1381 4887 1716 4949 karissimo
1784 4889 1947 4965 patri
2016 4897 2237 4946 nostro
2305 4886 2473 4946 clare
2534 4884 2991 4945 recordationis
3036 4895 3101 4944 et

396 5003 584 5064 nobis
629 5003 960 5082 impendit,
1005 5021 1152 5063 cum
1201 5004 1264 5062 in
1312 5001 1524 5081 Styria
1572 5001 1907 5061 fuissemus
1953 5001 2016 5058 in
2063 5000 2310 5060 fervore
2379 4997 2699 5060 fidelitatis
2744 4997 3099 5076 approbate

393 5128 458 5176 et
504 5135 654 5177 cum
701 5116 1005 5176 translato
1066 5118 1204 5195 ipso
1267 5113 1599 5176 karissimo
1660 5123 1841 5193 patre
1887 5122 2109 5172 nostro
2154 5115 2287 5172 iure
2332 5114 2721 5172 successorio
2768 5111 2942 5192 regni
2990 5129 3103 5190 gu-
