3797 5795
1860 409 1946 415 -—
2011 373 2239 436 104-

718 558 891 620 dicto
936 560 1216 639 capitulo
1278 560 1457 622 dabit
1518 581 1719 642 usque
1764 562 1920 623 dum
1969 565 2106 643 ipsa
2153 565 2411 639 uixerit;
2459 578 2607 644 post
2652 585 2839 627 suurn
2884 586 3038 629 uero
3085 568 3411 631 decessum

716 672 954 737 dictam
1003 664 1287 757 bugnam
1333 676 1420 735 ita
1464 678 1626 737 sicut
1670 676 1855 737 fuerit
1901 677 2204 757 adaptata
2251 677 2530 757 capitulo
2583 680 2948 758 supradicto
2991 681 3292 756 dimittet,
3338 684 3413 745 ita

717 784 897 864 quod
940 786 1075 865 ipsa
1120 806 1239 847 nec
1284 787 1509 868 aliquis
1568 808 1685 867 pro
1731 809 1807 851 ea
1853 792 2055 869 possit
2102 808 2220 869 pro
2265 801 2560 869 aptatura
2621 790 2788 853 dicte
2849 792 3064 875 bugne
3127 804 3414 875 tempore
3511 808 3514 820 ·

716 898 933 978 aliquo
1006 898 1244 980 aliquid
1318 902 1575 983 exigere
1651 901 1753 963 uel
1820 905 2208 981 extorqueri.
2288 901 2530 964 Actum
2599 916 2750 966 ante
2815 905 3148 967 ecclesiam
3221 911 3412 968 sancti

718 1010 998 1073 Domnii.
1060 1011 1321 1074 Testes:
1372 1013 1640 1092 Iacobus
1686 1016 2048 1095 Vesperuni
2094 1014 2375 1091 clericuS,
2422 1016 2653 1077 Pinosa
2701 1018 2864 1078 Petri
2911 1030 2972 1078 et
3016 1018 3139 1079 alii.

808 1198 811 1207 Ι
893 1127 1139 1202 (Drugi
1181 1127 1478 1205 rukopis).

890 1238 971 1299 Et
1016 1257 1141 1321 ego
1186 1238 1409 1301 Dobre
1456 1240 1783 1302 Bidricicle
1800 1238 1863 1323 (i)
1913 1244 2316 1303 examinator
2363 1260 2626 1303 manum
2677 1245 2833 1303 misi.

894 1350 976 1411 Et
1022 1370 1145 1433 ego
1191 1352 1402 1414 Lucas
1473 1352 1863 1434 Spalatensis
1924 1356 2270 1416 canonicus
2331 1356 2568 1416 iuratus
2628 1352 2956 1437 (notarius)
3016 1359 3418 1419 comunitatis

717 1463 835 1525 hiis
868 1465 1117 1543 interfui
1149 1476 1213 1525 et
1258 1464 1341 1526 de
1389 1466 1697 1527 mandato
1743 1466 1988 1527 domini
2035 1466 2460 1528 archidiaconi
2509 1477 2571 1529 et
2603 1467 2862 1547 capituli
2893 1480 3152 1550 rogatus
3181 1490 3220 1530 a
3252 1470 3412 1532 dicta

717 1575 1061 1658 Dragehna
1109 1577 1232 1639 hoc
1276 1579 1472 1640 breue
1517 1580 1751 1659 scripsi.

903 1795 1199 1869 Oregc'nal
1240 1816 1280 1854 u
1327 1796 1458 1854 ark.
1508 1796 1755 1874 kaptola
1804 1819 1845 1855 u
1895 1799 2130 1875 Spljctu
2179 1820 2235 1858 a.
2284 1804 2450 1856 1258.
2518 1801 2724 1873 (XVI.
2773 1806 2818 1859 1.
2865 1803 3044 1867 168.).
3091 1835 3178 1843 -—
3223 1803 3422 1860 [Venta

721 1898 1035 1973 nikakvog
1077 1909 1194 1971 not²
1239 1899 1459 1959 znaka.

1983 2246 2176 2325 620.

717 2435 919 2507 1258,
963 2434 1153 2518 prlje
1198 2436 1308 2501 13.
1355 2434 1691 2503 oktobra.

722 2642 896 2705 Bela
961 2643 1149 2728 kralj
1202 2644 1495 2729 ugarskt'
1534 2642 1569 2705 ι’
1604 2644 1928 2709 krvatski
1973 2647 2372 2733 potvrdjuje
2431 2648 2802 2732 darovanje
2863 2648 3196 2734 Stjepana
3251 2650 3427 2713 bana

1659 2744 1853 2822 Semi
1894 2758 1929 2821 ι’
1967 2758 2141 2822 redu
2189 2758 2500 2845 njegovu.

898 2945 1099 3033 [mela
1144 2949 1245 3011 dei
1291 2954 1501 3032 gracia
1549 2952 1894 3033 Hungarie,
1926 2949 2277 3026 Dalmacie,
2313 2950 2593 3027 Croacie,
2626 2955 2848 3028 Rame,
2880 2953 3115 3028 Servie,
3145 2952 3430 3020 Gallicie.

722 3053 1127 3130 Lodomerie,
1174 3053 1615 3136 Cumanieque
1676 3075 1791 3117 rex
1852 3057 2154 3119 omnibus
2215 3075 2480 3136 presens
2542 3060 2847 3139 scriptum
2911 3060 3291 3138 inspecturis
3335 3079 3432 3120 sa-

722 3167 919 3228 lutem
977 3170 1040 3229 in
1086 3171 1374 3230 omnium
1435 3169 1767 3231 salvatore.
1834 3167 2014 3232 Solet
2085 3169 2475 3231 excellencia
2542 3173 2714 3253 regia
2776 3189 3061 3232 annuere
3125 3173 3425 3250 precibus

721 3279 1173 3358 suplicancium
1236 3283 1297 3342 in
1360 3281 1543 3343 licitis
1610 3294 1674 3341 et
1735 3281 2034 3342 honestis
2111 3281 2389 3343 Proinde
2457 3283 2542 3344 ad
2609 3285 3045 3344 universorum
3117 3287 3424 3346 noticiam

721 3390 945 3453 harum
1011 3395 1171 3455 serie
1238 3393 1533 3456 volumus
1601 3397 1948 3474 pervenire,
2016 3394 2197 3475 quod
2257 3394 2622 3473 Stephanus
2682 3396 2888 3457 banus
2957 3394 3300 3459 Sclavenie
3361 3408 3426 3458 et

721 3507 1088 3584 capitaneus
1130 3505 1359 3584 Styrie‚
1402 3507 1671 3568 dilectus
1716 3518 1781 3567 et
1825 3505 2030 3569 fidelis
2075 3516 2309 3582 noster,
2379 3510 2442 3568 in
2508 3518 2724 3570 nostra
2793 3511 3122 3588 presencia
3189 3513 3427 3571 consti-

720 3625 891 3678 tutus
934 3620 1282 3698 proposuit,
1329 3628 1397 3679 ut
1444 3629 1676 3680 terram
1724 3616 2020 3681 Gurbuse
2066 3619 2173 3681 filii
2221 3619 2510 3694 Miconis,
2571 3622 2954 3682 existentem
3002 3623 3064 3682 in
3111 3625 3427 3695 comitatu

718 3727 1071 3792 Zaladiensi
1120 3731 1277 3792 vltra
1321 3729 1620 3805 Dravam,
1666 3751 1791 3810 que
1835 3732 1921 3793 ad
1967 3751 2196 3794 manus
2244 3734 2435 3812 ipsius
2481 3733 2788 3814 Stephani
2847 3735 2998 3796 bani
3060 3735 3266 3796 fuerat
3317 3735 3427 3796 de-

717 3840 950 3918 voluta,
995 3863 1076 3905 eo
1122 3843 1300 3923 quod
1346 3842 1517 3904 idem
1564 3840 1859 3905 Gurbuse
1905 3845 2106 3925 culpis
2152 3848 2279 3907 suis
2325 3847 2730 3928 exigentibus
2774 3845 2972 3908 finivit
3019 3850 3084 3908 in
3129 3848 3423 3928 patibulo

717 3954 911 4016 vitam
960 3975 1160 4030 suam,
1205 3955 1576 4018 contulisset
1621 3955 1853 4019 Sceme
1898 3957 2029 4019 filio
2063 3958 2321 4021 Pouche
2345 3961 2640 4020 servienti
2671 3978 2788 4021 suo
2818 3978 2936 4039 pro
2967 3963 3097 4022 suis
3128 3963 3426 4032 serviciiS‚

712 4062 840 4128 hac
884 4072 1209 4131 interiecta
1254 4069 1652 4144 condicione,
1714 4082 1783 4131 ut
1844 4070 2017 4132 idem
2082 4070 2314 4134 Sceme
2377 4072 2475 4133 vel
2522 4071 2746 4134 fratres
2807 4075 2919 4147 sui,
2981 4083 3091 4135 aut
3153 4074 3427 4136 heredes

709 4177 1021 4258 ipsorum,
1066 4182 1373 4258 quamdiu
1418 4185 1509 4244 eis
1553 4183 1846 4262 placebit,
1895 4185 2099 4263 ipsam
2145 4196 2377 4247 terram
2425 4187 2737 4248 tenebunt
2767 4184 3032 4266 pacifice
3063 4197 3128 4247 et
3177 4189 3428 4267 quiete;

708 4289 765 4346 Si
814 4311 966 4354 vero
1009 4295 1146 4355 sine
1191 4294 1401 4356 liberis
1446 4295 1851 4372 decesserint,
1895 4298 2184 4376 predicta
2231 4311 2393 4360 terra
2439 4298 2523 4360 ad
2569 4300 2968 4379 Stephanum
3017 4301 3279 4374 bannm,
3327 4301 3429 4362 vel

706 4401 802 4462 ad
847 4404 1116 4488 heredes
1161 4409 1354 4487 ipsius
1398 4408 1534 4469 sine
1581 4408 1954 4470 difficultate
2014 4410 2298 4491 qualibet
2360 4412 2764 4487 devolvetur3
2810 4416 2858 4474 si
2929 4433 3080 4474 vero
3145 4413 3426 4475 eandem

707 4521 955 4580 terram
1000 4517 1232 4581 Sceme
1277 4521 1559 4599 prefatus
1606 4522 1702 4583 vel
1750 4521 1971 4583 fratres
2015 4525 2211 4604 ipsius
2256 4525 2534 4586 vendere
2579 4525 2906 4598 voluerint,
2953 4529 3068 4606 ipsi
3102 4527 3278 4589 bano
3325 4527 3428 4588 vel

707 4629 849 4690 suis
894 4631 1234 4694 heredibus
1278 4633 1559 4695 vendere
1605 4635 1993 4696 tenebuntur
2038 4651 2101 4697 et
2149 4655 2280 4698 non
2340 4637 2491 4712 aliis,
2563 4640 2726 4699 iusto
2788 4641 3002 4718 precio
3063 4639 3430 4719 persoluto;

708 4735 1007 4806 donandi
1054 4765 1165 4806 seu
1209 4746 1463 4829 legandi
1510 4750 1574 4808 in
1621 4749 1746 4808 vita
1793 4747 1892 4808 vel
1939 4751 2000 4808 in
2050 4761 2276 4825 morte,
2321 4750 2530 4811 eidem
2578 4749 2812 4813 Sceme
2856 4762 2919 4812 et
2951 4752 3249 4815 fratribus
3277 4755 3429 4827 suis,

710 4867 797 4912 ac
842 4855 1183 4919 heredibus
1226 4861 1511 4938 ipsorum
1572 4871 1893 4940 potestate
1939 4865 2194 4942 penitus
2239 4862 2588 4924 interdicta.
2655 4862 2831 4925 Mete
2893 4865 3182 4926 eiusdem
3243 4878 3431 4934 terre,

716 4963 884 5029 sicut
928 4972 992 5030 in
1039 4969 1254 5032 litteris
1300 4973 1491 5051 ipsius
1551 4969 1911 5056 St[ephani]
1977 4974 2122 5036 bani
2189 4975 2462 5036 vidimus
2517 4978 2844 5050 contineri,
2891 4977 3014 5039 hoc
3060 4978 3284 5041 ordine
3335 4979 3430 5039 di—

720 5080 1113 5165 stinguntur:
1176 5083 1382 5146 Piima
1429 5097 1601 5148 meta
1647 5087 1865 5166 incipit
1911 5107 1950 5147 a
1995 5085 2187 5147 fluvio
2235 5087 2448 5149 Drava
2509 5100 2573 5150 et
2621 5089 2791 5150 vadit
2835 5089 2920 5150 ad
2967 5092 3262 5153 arborem
3311 5113 3432 5173 po-
