3797 5795
1729 338 2237 403 --634-

681 530 892 601 merie,
962 525 1290 601 Cumanie,
1359 528 1779 609 Bulgarieque
1847 549 1963 591 rex
2030 532 2093 590 in
2159 540 2560 609 perpetuum.
2628 526 2952 589 Omnibus
3020 540 3393 607 presentem

679 642 977 721 paginam
1027 642 1400 719 inspecturis
1446 644 1507 701 in
1555 662 1635 703 eo
1683 644 1791 721 qui
1836 642 2093 724 regibus
2138 643 2250 704 dat
2294 643 2583 703 salutem.
2652 640 2925 705 Summa
2968 658 3067 703 est
3112 642 3395 703 deuocio

678 754 849 835 regie
897 755 1256 828 maiestatiS,
1305 774 1431 833 que
1476 774 1594 833 pro
1640 756 1946 837 religione
1977 756 2126 817 facit
2157 756 2580 817 ecclesiastice
2628 756 2952 827 libertatis
3002 754 3165 815 hanc
3206 757 3393 815 enim

678 866 956 926 saluator
1017 877 1234 927 noster
1293 869 1408 927 sibi
1471 887 1775 945 sponsam
1837 869 2044 950 elegit,
2090 888 2217 949 que
2280 888 2365 929 ex
2426 871 2586 929 uiuis
2654 878 3022 929 constructa
3068 868 3393 947 lapidibus

680 978 842 1040 foret
873 979 1306 1040 habitaculum
1353 980 1635 1041 fidelium
1681 981 2057 1056 animarum,
2088 1001 2201 1060 per
2232 982 2397 1042 hanc
2442 999 2624 1062 reges
2668 993 2939 1062 regnant
2970 992 3035 1042 et
3066 983 3393 1060 principes

680 1092 1112 1164 dominantur,
1165 1112 1290 1171 que
1322 1094 1457 1153 sola
1489 1113 1636 1154 eum
1683 1094 1917 1155 fiducia
1962 1094 2082 1155 sub
2127 1096 2486 1176 integritate
2531 1094 2681 1155 fidei
2724 1105 2790 1155 et
2836 1096 3209 1155 innocencia
3258 1096 3391 1154 vite

680 1205 807 1266 deo
853 1208 1122 1266 creatori
1186 1217 1405 1267 nostro
1466 1210 1712 1267 animas
1772 1218 2184 1287 representat,
2232 1207 2527 1286 quitquid
2572 1206 2716 1267 huic
2762 1209 3155 1285 impertitum
3200 1206 3391 1267 fuerit

680 1319 780 1379 vel
839 1319 1153 1399 largitum,
1213 1322 1275 1379 in
1339 1323 1688 1380 eternitatis
1749 1321 2011 1399 speculo
2070 1320 2346 1401 gloriose
2406 1320 2847 1381 retribucionis
2910 1322 3160 1399 premio
3206 1338 3389 1379 com-

679 1442 997 1510 pensatur.
1049 1432 1320 1492 Proinde
1380 1432 1650 1493 deuotas
1717 1452 1937 1511 preces
1998 1444 2061 1493 et
2124 1434 2501 1494 instanciam
2552 1433 2923 1493 venerabilis
2968 1436 3167 1511 patris
3208 1432 3387 1511 Thy-

681 1543 921 1605 mothei
969 1546 1252 1624 episcopi
1313 1545 1749 1627 Zagrabiensis
1810 1546 2076 1607 ecclesie
2137 1546 2349 1607 dilecti
2397 1558 2460 1607 et
2508 1546 2713 1607 fidelis
2758 1548 2958 1606 nostri
3004 1564 3082 1606 ac
3128 1544 3387 1623 capituli

679 1658 966 1718 eiusdem
1029 1660 1383 1736 recepimus
1447 1661 1905 1729 continentem,
1967 1674 2035 1719 ut
2096 1659 2493 1740 priuilegium
2565 1657 2828 1720 Andree
2889 1659 3055 1739 regis
3114 1659 3388 1731 illustriS,

679 1773 779 1831 aui
849 1773 1064 1845 nostri,
1125 1772 1244 1832 sub
1307 1772 1480 1832 bulla
1546 1791 1738 1833 aurea
1805 1772 2097 1833 habitum
2158 1782 2220 1832 et
2283 1773 2623 1832 obtentum
2685 1772 3035 1832 accedente
3082 1771 3165 1831 ad
3212 1770 3386 1831 idem

676 1885 1008 1966 priuilegio
1054 1884 1567 1945 confirmacionis
1613 1885 1855 1945 domini
1908 1886 2059 1946 Bele
2104 1888 2268 1967 regis
2312 1886 2693 1945 serenissimi
2746 1887 2942 1963 patris
2972 1886 3172 1945 nostri
3218 1884 3386 1944 clare

679 2000 1005 2071 memorie,
1065 2016 1254 2077 super
1313 2000 1662 2059 emunitate
1726 1998 2031 2059 libertatis
2092 1998 2530 2080 Zagrabiensis
2575 1997 2842 2058 ecclesie
2886 2008 2951 2057 et
2998 1996 3387 2077 populorum

679 2112 1102 2188 spectantium
1136 2109 1219 2170 ad
1251 2110 1526 2171 eandem
1557 2114 1621 2171 in
1655 2121 1870 2171 nostra
1902 2122 1967 2172 et
1998 2111 2309 2171 baronum
2344 2121 2711 2171 nostrorum
2740 2112 3071 2191 presencia
3104 2111 3385 2170 seriatim

675 2223 960 2283 exhibita
1006 2236 1068 2284 et
1115 2224 1392 2302 perlecta
1453 2227 1516 2283 in
1576 2226 1828 2305 signum
1891 2226 2100 2306 gracie
2160 2223 2448 2303 specialis
2509 2223 2918 2305 dignaremur
2970 2241 3161 2284 auree
3206 2222 3379 2283 bulle

677 2346 892 2396 nostre
924 2347 1241 2397 caractere
1273 2340 1686 2397 communire.
1736 2335 2031 2415 Quorum
2064 2336 2325 2417 quidem
2374 2336 2846 2417 priuilegiorum
2893 2346 3079 2397 tenor
3108 2338 3382 2397 insertus

678 2449 816 2509 talis
874 2459 998 2509 est:

847 2562 1115 2641 (Slijedi
1155 2564 1373 2621 listina
1419 2563 1627 2639 kralja
1675 2566 1826 2621 Bele
1869 2566 1954 2621 od
1984 2566 2135 2639 god.
2185 2567 2395 2637 1269.)

854 2674 994 2735 Nos
1069 2678 1282 2754 itaque
1357 2675 1685 2736 illustrium
1764 2678 2247 2757 progenitorum
2326 2687 2691 2737 nostrorum
2770 2695 2993 2757 regum
3062 2675 3393 2755 Hungarie

681 2789 958 2869 vestigiis
1020 2787 1390 2862 inherendO,
1439 2791 1638 2867 ipsam
1702 2789 2196 2870 Zagrabiensem
2258 2789 2591 2849 ecclesiam
2642 2809 2725 2850 ex
2772 2791 3167 2869 benignitate
3214 2787 3393 2847 celsi-

681 2903 917 2962 tudinis
977 2905 1150 2984 regie
1209 2905 1509 2982 prosequi
1573 2905 1917 2981 cupientes,
1964 2905 2297 2981 presertim
2358 2904 2445 2963 ob
2508 2903 2933 2964 deuocionem
2980 2903 3184 2962 sancti
3232 2903 3397 2982 regis

680 3014 980 3087 Ladizlai,
1029 3017 1132 3093 qui
1182 3016 1521 3076 eliminatis
1581 3016 1949 3097 gentilitatis
2009 3017 2327 3077 erroribus
2372 3019 2435 3077 in
2485 3016 2723 3077 ducatu
2776 3014 3119 3078 Sclauonie
3166 3014 3397 3094 Zagra-

681 3129 918 3190 biensis
980 3129 1246 3190 ecclesie
1307 3132 1647 3190 instructor
1708 3132 2142 3190 sanctissimus
2198 3131 2439 3190 exstitit
2486 3139 2548 3190 et
2595 3128 2913 3188 fundator.
2958 3125 3398 3188 Attendentes

686 3241 1130 3303 nichilominus
1197 3245 1314 3320 piis
1381 3243 1919 3304 consideracionis
1988 3243 2191 3304 oculis
2262 3243 2684 3303 deuocionem
2757 3240 3133 3302 venerabilis
3193 3243 3391 3319 patris

683 3355 1074 3433 Thymothei
1122 3359 1402 3435 episcopi
1452 3356 1908 3438 ZagrabiensiS,
1939 3376 2133 3435 opere
2180 3355 2445 3417 mirifico
2492 3366 2557 3416 et
2602 3357 2945 3434 plurimum
2993 3363 3379 3432 sumptuoso

685 3470 860 3546 quasi
909 3468 1278 3529 dissolutam
1316 3471 1378 3530 in
1409 3472 1501 3531 sui
1548 3489 1816 3549 corpore
1847 3490 1884 3530 a
1916 3471 2125 3548 primo
2169 3468 2593 3531 fundamento
2638 3471 2843 3548 ipsam
2891 3467 3385 3548 Zagrabiensem

685 3581 1017 3642 ecclesiam
1079 3594 1545 3662 reparamentO,
1593 3593 1662 3644 ut
1707 3586 1770 3644 in
1817 3602 1898 3644 eo
1943 3585 2387 3644 innocenciam
2450 3584 2595 3658 vite,
2638 3599 2925 3642 amorem
2989 3579 3227 3640 domus
3288 3579 3395 3640 dei

683 3707 748 3756 et
808 3695 1362 3774 dispensacionem
1424 3699 1489 3756 in
1555 3695 1746 3757 rebos
1804 3697 2243 3757 ecclesiasticis
2302 3695 2636 3775 prouidam
2702 3695 2897 3773 ipsius
2956 3692 3227 3753 ecclesie
3270 3692 3391 3752 sibi

684 3808 914 3869 tradite
959 3812 1343 3869 restauracio
1390 3810 1706 3882 fateretur,
1751 3810 1997 3888 prefata
2041 3809 2368 3890 priuilegia
2398 3810 2500 3869 aui
2532 3808 2771 3869 scilicet
2816 3807 3015 3867 nostri
3046 3805 3169 3866 sub
3192 3824 3385 3865 aurea

687 3922 858 3982 bulla
906 3931 970 3982 et
1013 3923 1213 4000 patris
1259 3923 1455 3982 nostri
1523 3923 1984 4001 subsequentiS,
2030 3922 2113 3983 de
2158 3923 2356 3982 verbo
2401 3921 2485 3982 ad
2530 3919 2796 3981 verbum
2844 3922 3095 3992 inserta,
3140 3936 3395 3997 presen-

686 4037 855 4096 tibus
902 4037 964 4096 in
1013 4036 1274 4117 singulis
1334 4035 1610 4096 articulis
1673 4053 1981 4096 concesse
2025 4046 2090 4096 et
2136 4034 2366 4096 tradite
2411 4033 2731 4107 libertatis
2778 4053 2861 4094 ex
2905 4043 3079 4093 certa
3124 4032 3395 4093 sciencia

686 4158 822 4209 rata
868 4159 932 4209 et
977 4159 1156 4230 grata
1203 4149 1531 4222 habenteS,
1578 4168 1662 4209 ex
1707 4149 1903 4229 regali
1967 4148 2411 4209 munificencia
2471 4145 2945 4218 confirmamuS,
2990 4164 3183 4206 auree
3224 4145 3393 4206 bulle

687 4271 903 4322 nostre
949 4272 1336 4322 caracterem
1385 4261 1784 4341 presentibus
1815 4264 1877 4322 in
1912 4272 2199 4322 eternam
2230 4263 2318 4322 rei
2354 4261 2731 4320 memoriam
2780 4259 3051 4338 propriis
3098 4259 3393 4319 manibus

686 4375 1052 4448 inserenteS,
1096 4375 1217 4436 sub
1261 4376 1789 4436 interminacione
1854 4377 2199 4436 maiestatis
2242 4377 2414 4456 regie
2459 4373 2909 4434 interdicentes
2978 4374 3266 4444 omnin0,
3312 4389 3393 4431 ne

687 4469 986 4568 cuiquam
1034 4489 1206 4548 bano
1237 4507 1355 4567 pro
1387 4497 1680 4567 tempore
1727 4489 2093 4562 constituto,
2132 4491 2334 4549 eciam
2368 4487 2451 4548 de
2482 4497 2699 4566 styrpe
2744 4488 2919 4568 regia
2960 4484 3391 4556 descendenti,

688 4601 786 4661 vel
831 4601 1088 4662 cuilibet
1149 4603 1386 4675 comiti,
1431 4620 1544 4662 seu
1606 4601 1813 4676 iudici,
1858 4603 2315 4680 cuiuscumque
2383 4610 2585 4661 status
2630 4599 2729 4660 vel
2774 4598 3100 4680 dignitatis
3144 4599 3391 4670 existat,

689 4713 872 4775 liceat
918 4714 1196 4793 populos
1243 4716 1436 4793 ipsius
1481 4716 1764 4794 episcopi
1805 4725 1868 4775 et
1905 4713 2163 4794 capituli
2209 4713 2646 4795 Zagrabiensis
2693 4715 2757 4772 in
2802 4712 3013 4792 aliqua
3058 4728 3251 4771 causa
3296 4709 3393 4770 vel

691 4826 1006 4888 maleficio
1053 4846 1167 4888 seu
1213 4846 1483 4888 excessu
1528 4828 1816 4907 quolibet
1863 4827 2157 4900 iudicare,
2203 4826 2299 4888 vel
2348 4826 2856 4887 iurisdiccionem
2896 4825 2961 4884 in
2991 4825 3084 4884 eis
3114 4825 3391 4904 aliquam

691 4941 1046 5014 vendicare,
1075 4941 1191 5001 sed
1237 4941 1433 5003 solius
1479 4943 1763 5021 episcopi
1794 4952 1858 5002 et
1891 4941 2259 5002 officialium
2306 4959 2567 5001 suorum
2614 4942 2678 5000 in
2723 4941 3047 5018 premissis
3094 4937 3389 4998 omnibus

689 5053 1058 5115 subiaceant
1118 5056 1436 5132 potestati.
1497 5053 1636 5114 Nec
1697 5054 2032 5116 collectam
2096 5055 2585 5114 marturinamm
2632 5053 2732 5113 vel
2779 5050 3135 5131 quamlibet
3186 5049 3389 5124 aliam,
