3797 5795
1848 380 2261 445 —255..-

1961 673 2156 755 757.

699 886 902 965 1263,
946 887 1053 951 22.
1101 883 1541 976 septembra.
1587 883 1648 949 U
1694 883 2156 954 cittavechii.

872 1075 1102 1137 Urban
1151 1073 1200 1136 J
1209 1074 1279 1136 V.
1323 1081 1502 1159 papa
1544 1074 1939 1161 potvrdjuje
1994 1075 2059 1137 Τ
2049 1073 2326 1159 imotegja
2372 1074 2717 1159 bz'skupom
2764 1074 3240 1161 zagrebad'kim.

879 1267 1176 1330 Urbanus
1220 1268 1559 1345 episcopus
1603 1285 1819 1327 servus
1863 1285 2193 1328 servorum
2225 1267 2326 1328 dei
2361 1268 2594 1329 dilecto
2626 1268 2756 1330 filio
2803 1268 3153 1330 Timotheo
3200 1268 3411 1329 electo

701 1381 1106 1463 Zagrabiensi
1151 1380 1424 1441 salutem
1471 1388 1534 1441 et
1579 1378 2003 1458 apostolicam
2064 1380 2599 1442 benedictionem.
2664 1382 2951 1442 Rationis
2996 1380 3199 1442 oculis
3243 1382 3407 1442 intu-

699 1504 880 1555 entes
923 1492 1272 1554 commoda
1319 1511 1446 1570 que
1474 1492 1848 1553 vacantibus
1892 1492 2173 1554 ecclesiis
2219 1493 2301 1554 de
2332 1492 2563 1554 salubri
2597 1495 2958 1573 provisione
3001 1494 3407 1573 proveniunt,

701 1606 1028 1667 reddimur
1102 1605 1299 1666 corde
1374 1604 1641 1679 solliciti,
1714 1615 1785 1666 ut
1859 1608 2026 1665 circa
2099 1607 2523 1684 provisionem
2603 1606 2963 1667 huiusmodi
3041 1605 3407 1667 faciendam

699 1719 1020 1780 fructuose
1065 1719 1434 1779 attentionis
1480 1717 1758 1779 studium
1809 1718 2133 1780 habeatur.
2169 1717 2340 1780 Sane
2371 1718 2771 1801 Zagrabiensi
2822 1720 3087 1781 ecclesia
3119 1722 3404 1798 episcopi

698 1831 936 1892 solacio
968 1830 1284 1905 destituta,
1316 1830 1584 1892 dilectus
1615 1830 1778 1892 filius
1809 1833 2168 1911 prepositus
2200 1842 2263 1893 et
2308 1832 2657 1911 capitulum
2704 1834 2896 1912 ipsius
2942 1832 3207 1893 ecclesie
3252 1850 3411 1892 con—

699 1947 1027 2005 venientes
1090 1946 1153 2004 in
1209 1962 1428 2020 unum,
1469 1946 1720 2022 spiritus
1773 1947 1973 2005 sancti
2049 1946 2248 2026 gratia
2292 1948 2601 2019 invocata,
2648 1945 2947 2006 dilectum
3006 1945 3205 2007 filium
3266 1944 3415 2008 Ste-

697 2056 980 2135 phanum
1015 2056 1417 2136 capellanum
1443 2066 1750 2132 nostrum,
1797 2068 2100 2136 nepotem
2119 2058 2493 2119 venerabilis
2537 2058 2740 2119 fratris
2788 2060 2983 2119 nostri
3034 2057 3397 2141 (Stephani)

697 2171 980 2248 episcopi
1043 2170 1407 2243 Penestrini,
1467 2170 1863 2249 prepositum
1928 2170 2192 2232 ecclesie
2239 2172 2661 2243 PozoniensiS,
2720 2174 3073 2250 patientem
3119 2175 3184 2233 in
3232 2183 3404 2233 etate

696 2282 1040 2355 defectum,
1087 2285 1149 2343 in
1197 2282 1686 2364 Zagrabiensem
1748 2284 2123 2361 episcopum
2184 2286 2566 2345 unanimiter
2612 2295 2675 2345 et
2720 2284 3125 2346 concorditer
3185 2295 3407 2364 postu-

693 2394 921 2455 larunt.
969 2395 1105 2456 Nos
1149 2406 1367 2455 autem
1412 2405 1775 2473 presentata
1823 2395 2009 2456 nobis
2054 2397 2485 2474 postulatione
2532 2397 2915 2470 huiusmodi,
2972 2400 3407 2476 provisionem

693 2518 762 2567 et
807 2508 1276 2570 ordinationem
1322 2508 1608 2569 eiusdem
1657 2508 2094 2590 Zagrabiensis
2138 2509 2404 2571 ecclesie
2456 2509 2630 2570 dicto
2676 2512 2982 2589 episcopo
3031 2510 3407 2571 Penestrino

693 2620 1002 2682 duximus
1063 2621 1576 2683 committendas,
1626 2622 1706 2682 Et
1753 2622 1898 2683 licet
1948 2624 2011 2681 in
2058 2623 2292 2684 eodem
2340 2620 2671 2702 Stephano
2733 2622 3177 2701 imperfectum
3226 2626 3417 2683 etatis

692 2733 1021 2814 suppleret
1083 2735 1332 2816 generis
1377 2745 1441 2795 et
1490 2754 1744 2795 morum
1806 2735 2121 2809 nobilita5‚
2178 2745 2425 2797 matura
2488 2736 2785 2797 discretio
2832 2746 2895 2795 et
2941 2738 3203 2796 scientia
3252 2736 3419 2796 litte-

692 2847 861 2922 ralis,
904 2858 1123 2910 tamen
1170 2848 1492 2927 predictus
1552 2851 1890 2929 episcopus
1936 2848 2161 2910 nolens
2207 2849 2290 2910 ad
2335 2868 2595 2910 carnem
2641 2861 2706 2911 et
2750 2850 3125 2932 sanguinem
3176 2848 3417 2911 habere

692 2973 1078 3040 respectum,
1123 2962 1204 3023 de
1253 2973 1332 3036 te,
1379 2973 1532 3024 tunc
1593 2962 1991 3023 subdiacono
2038 2972 2101 3022 et
2149 2963 2483 3042 capellano
2545 2973 2783 3036 nostr0‚
2830 2962 3285 3024 archidiacono
3332 2963 3420 3023 de

693 3073 848 3135 Zala
894 3077 956 3135 in
1003 3075 1268 3136 ecclesia
1331 3075 1789 3155 Vesprimiensi
1851 3086 1916 3136 et
1970 3079 2284 3137 canonico
2350 3075 2773 3156 Zagrabiensi,
2837 3075 3122 3154 predicte
3184 3077 3418 3158 Zagra-

691 3186 895 3248 biensi
945 3188 1209 3249 ecclesie
1271 3191 1648 3249 auctoritate
1695 3190 1812 3248 sibi
1858 3209 1896 3249 a
1944 3189 2129 3249 nobis
2175 3191 2237 3250 in
2286 3189 2405 3250 hac
2464 3200 2647 3267 parte
2711 3191 3056 3250 commissa
3115 3189 3416 3268 providit.

691 3298 833 3360 Nos
886 3303 1104 3380 itaque
1163 3301 1248 3361 de
1305 3311 1416 3361 tua
1478 3301 1876 3380 providentia
1932 3311 1997 3362 et
2059 3303 2629 3381 circumspectione
2691 3303 2950 3381 plenam
3015 3305 3077 3363 in
3140 3301 3419 3364 domino

687 3410 994 3473 fiduciam
1063 3414 1443 3489 obtinenteS,
1511 3414 1874 3475 huiusmodi
1943 3418 2392 3493 provisionem,
2454 3434 2652 3495 quam
2714 3416 2927 3478 eidem
2998 3416 3403 3498 Zagrabiensi

686 3527 958 3587 ecclesie
1003 3529 1424 3608 cognovimus
1468 3526 1792 3606 expedire,
1839 3541 2042 3589 ratam
2090 3539 2153 3588 et
2198 3540 2445 3609 gratam
2493 3529 2831 3589 habuimus
2877 3541 2940 3590 et
2987 3548 3131 3590 eam
3176 3539 3405 3590 aucto-

690 3639 879 3700 ritate
938 3640 1293 3718 apostolica
1338 3640 1643 3702 duximus
1706 3640 2235 3714 confirmandam,
2295 3661 2371 3702 ac
2416 3641 2864 3702 nichilominus
2909 3652 2974 3703 te
3018 3642 3101 3703 de
3146 3641 3415 3704 fratrum

691 3764 1058 3814 nostrorum
1106 3753 1372 3814 consilio
1404 3764 1466 3814 et
1499 3755 1849 3833 apostolice
1895 3753 2291 3832 plenitudine
2336 3758 2669 3833 potestatis
2713 3755 2958 3833 prefate
3005 3755 3414 3837 Zagrabiensi

693 3865 961 3926 ecclesie
1021 3866 1404 3944 prefecimus
1465 3869 1528 3927 in
1591 3868 1965 3946 episcopum
2012 3876 2077 3927 et
2123 3845 2467 3946 pastorem,
2528 3867 2711 3928 firma
2783 3878 3100 3948 concepta
3162 3868 3419 3944 fiducia,

694 3977 875 4055 quod
931 3979 1143 4040 eidem
1203 3978 1605 4061 Zagrabiensi
1671 3981 1937 4041 ecclesie
1981 3999 2096 4058 per
2144 3991 2322 4041 tuum
2387 3983 2803 4042 ministerium
2867 3983 3303 4060 prosperitatis
3349 3994 3417 4044 et

693 4089 971 4166 honoriS,
1017 4091 1142 4153 deo
1189 4095 1483 4172 propitio,
1530 4092 1890 4154 desiderata
1937 4097 2317 4171 proveniant
2350 4097 2761 4155 incrementa.
2808 4094 3128 4173 Quocirca
3174 4095 3413 4156 discre-

695 4205 941 4265 tionem
970 4216 1148 4266 tuam
1179 4224 1480 4286 rogamus
1511 4215 1574 4266 et
1606 4204 1937 4266 hortamur
1982 4215 2246 4288 attente,
2296 4206 2695 4280 mandantes
2745 4211 3045 4287 quatinus
3090 4208 3413 4270 humiliter

697 4319 1044 4398 suscipiens
1105 4319 1474 4400 impositum
1523 4339 1560 4380 a
1606 4318 1875 4379 domino
1922 4318 2034 4378 tibi
2084 4337 2265 4392 onu5‚
2326 4320 2613 4398 predicte
2660 4319 3099 4402 Zagrabiensis
3144 4321 3415 4384 ecclesie

699 4431 1032 4492 sollicitam
1063 4451 1281 4493 curam
1313 4449 1513 4512 geraS,
1551 4450 1814 4514 gregem
1846 4432 2247 4494 dominicum
2279 4435 2341 4493 in
2373 4433 2476 4493 illa
2510 4434 2622 4494 tibi
2656 4437 3090 4509 commissum,
3124 4433 3418 4496 doctrina

702 4544 873 4603 verbi
941 4555 1004 4605 et
1073 4547 1284 4623 operis
1342 4544 1785 4618 informando;
1847 4546 1933 4606 ita
1994 4545 2171 4621 quod
2232 4547 2519 4625 predicta
2590 4547 2857 4608 ecclesia
2920 4557 3027 4607 tue
3089 4546 3418 4630 diligentie

699 4655 908 4716 studio
953 4657 1377 4736 spiritualibus
1409 4667 1472 4718 et
1505 4657 1981 4735 temporalibus
2028 4669 2291 4719 auctore
2320 4658 2609 4734 domino,
2655 4659 2943 4738 proficiat
2977 4661 3410 4722 incrementis.

701 4765 941 4830 Datum
999 4769 1173 4849 apud
1240 4768 1479 4832 Urbem
1542 4780 1824 4831 veterem
1877 4771 1956 4832 X.
2004 4770 2127 4832 kal.
2176 4773 2473 4844 octobris,
2530 4772 2939 4851 pontificatus
2987 4776 3185 4834 nostri
3233 4793 3412 4835 anno

705 4883 913 4941 tertio,

877 4995 946 5056 In
993 4996 1228 5056 eodem
1283 4996 1482 5057 modo
1528 4999 1855 5076 preposito
1912 5007 1975 5058 et
2032 4998 2314 5077 capitulo
2378 4997 2800 5078 Zagrabiensi.
2867 5001 3154 5060 Rationis
3217 5000 3421 5060 oculis

703 5118 811 5167 ete.
863 5120 932 5166 ut
974 5113 1038 5168 in
1089 5111 1239 5180 alia,
1287 5111 1492 5169 verbis
1552 5120 1958 5186 competenter
2022 5113 2298 5180 ntutatz'5‚
2377 5131 2569 5188 usque
2636 5111 2931 5190 providit.
3001 5110 3137 5172 Nos
3203 5113 3423 5192 itaque
