3797 5795
1818 373 2230 436 „354—

667 559 933 640 Chepan
979 570 1042 620 et
1094 559 1407 642 Georgius
1453 580 1599 622 cum
1650 566 2144 645 consanguineis
2189 583 2430 638 eorum,
2473 564 2710 625 scilicet
2743 565 2939 626 Paulo
2969 563 3099 624 filio
3123 563 3383 627 Sebusk

665 693 783 752 pro
826 693 897 734 se
942 685 1005 735 et
1052 673 1344 735 fratribus
1389 678 1516 736 suis
1564 675 1779 736 Endre
1826 675 1956 736 filio
2005 676 2355 755 Mychaelis
2398 695 2516 755 pro
2563 674 2844 758 Georgio
2911 675 3039 739 filio
3099 677 3370 739 Gorona

666 803 729 846 et
776 787 1067 866 predicto
1117 787 1287 848 Iwan
1335 787 1463 848 filio
1512 787 1845 870 Drugan(l)
1894 809 2014 868 pro
2069 809 2136 850 se
2181 801 2246 852 et
2291 791 2482 854 fratre
2523 809 2638 855 suo
2689 790 2983 863 Μαι-ϋηο,
3028 793 3154 867 qui,
3199 793 3366 851 sicut

666 900 1069 978 prehabitum
1117 912 1229 974 est,
1279 901 1550 962 confessi
1597 914 1760 974 sunt,
1810 902 1988 982 quod
2034 915 2244 982 patres
2290 922 2514 965 eorum
2560 917 2624 964 et
2683 913 2820 964 tota
2865 905 3204 984 generacio
3257 903 3378 964 du-

669 1013 825 1073 dum
875 1025 938 1074 et
986 1016 1099 1092 ipsi
1148 1013 1231 1074 ad
1278 1013 1572 1075 ultimum
1620 1034 1812 1094 super
1858 1025 2091 1076 terram
2140 1015 2714 1079 Cheresneuicham
2771 1027 3176 1094 prenotatam
3241 1036 3375 1077 ma-

668 1129 933 1207 gistrum
980 1125 1314 1187 Andream
1362 1138 1426 1186 et
1473 1126 1811 1188 dominum
1856 1132 2252 1208 prepositum
2299 1129 2558 1190 fratrem
2604 1131 2738 1190 eius
2781 1129 3138 1208 predictum
3200 1148 3374 1191 rece-

666 1252 894 1316 perunt
941 1241 1003 1299 in
1051 1251 1396 1318 perpetuos
1442 1251 1929 1301 commetaneos
1975 1251 2038 1302 et
2084 1244 2364 1312 uicinos;
2412 1241 2582 1302 Iwan
2613 1261 2767 1304 uero
2797 1242 3118 1321 predictus
3149 1262 3270 1321 pro
3299 1261 3372 1302 se

667 1363 731 1411 et
779 1350 967 1412 fratre
1012 1371 1130 1412 suo
1194 1362 1535 1430 prenotato
1597 1354 1926 1415 consessus
1985 1365 2099 1428 est,
2161 1355 2338 1433 quod
2399 1357 2533 1434 ipse
2578 1355 2972 1434 particulam,
3030 1373 3225 1435 quam
3287 1355 3375 1416 de

666 1477 832 1524 terra
879 1462 1387 1527 Cheresneuicha
1435 1485 1471 1526 a
1518 1466 1809 1545 predicto
1858 1469 2161 1548 magistro
2205 1466 2470 1530 Andrea
2516 1478 2581 1528 et
2625 1467 2816 1528 fratre
2875 1471 3010 1530 eius
3071 1471 3370 1540 euicerat‚

666 1577 844 1637 dedit
893 1576 1203 1656 Chepano
1250 1588 1313 1638 et
1360 1577 1645 1660 Georgio
1694 1582 1757 1640 in
1805 1582 2188 1642 concambio
2234 1591 2399 1643 terre
2466 1600 2690 1643 eorum
2761 1581 3060 1643 Palichna
3123 1599 3370 1642 nuncu—

666 1702 831 1769 pate.
887 1689 1015 1768 Qui
1063 1688 1378 1772 Georgius
1410 1704 1472 1752 et
1510 1691 1854 1772 Cliepanus
1902 1696 2106 1773 ipsam
2155 1695 2529 1774 particulam
2562 1698 2855 1770 euictam‚
2900 1698 3057 1756 sicut
3103 1713 3361 1774 asump-

665 1813 894 1876 serant,
951 1803 1366 1865 reddiderunt
1425 1825 1511 1866 ex
1558 1825 1875 1867 consensu
1925 1811 2214 1868 omnium
2261 1809 2692 1887 predictorum
2739 1811 3362 1890 consanguineorum

666 1916 1005 1994 sepedictis
1052 1920 1355 1998 magistro
1400 1916 1667 1980 Andree
1712 1930 1775 1980 et
1822 1919 1992 1981 fratri
2039 1923 2174 1982 eius
2217 1921 2336 1982 sub
2399 1922 2642 1984 eisdem
2707 1925 2910 1996 metiS‚
2953 1921 3074 1982 sub
3137 1922 3370 2000 quibus

664 2039 813 2090 ante
860 2032 1253 2091 euiccionem
1302 2031 1655 2093 habuerant
1700 2033 1966 2111 pacifice
2011 2045 2075 2095 et
2121 2035 2253 2096 iure
2298 2045 2610 2114 perpetuo
2655 2034 3129 2114 possidendam,
3199 2034 3360 2094 obli-

662 2154 887 2222 gantes
932 2161 1018 2214 se,
1067 2142 1244 2222 quod
1292 2145 1339 2203 si
1390 2147 1530 2222 quis
1576 2144 1678 2206 uel
1723 2148 1773 2206 si
1822 2149 1929 2227 qui
1978 2146 2062 2208 de
2105 2166 2341 2229 genere
2384 2146 2658 2209 Dirsiuoi
2691 2147 2774 2208 de
2817 2147 3100 2226 predicta
3165 2150 3357 2225 parti-

662 2254 805 2316 cula
864 2253 1128 2316 Andree
1196 2258 1413 2316 comiti
1477 2257 1725 2318 reddita
1786 2270 2121 2320 mouerent
2182 2263 2586 2341 questionem
2647 2271 2711 2321 et
2771 2262 3132 2321 euincerent
3196 2263 3364 2320 euic-

662 2369 862 2444 cionis
908 2370 1349 2443 uexacionem,
1396 2370 1591 2431 iidem
1639 2370 1952 2454 Georgius
1998 2384 2060 2434 et
2128 2371 2469 2453 Chepanus
2529 2393 2676 2435 cum
2739 2385 2902 2435 terra
2963 2391 3188 2434 eorum
3247 2373 3350 2433 uel

664 2481 935 2558 pecunia
982 2479 1245 2542 Andree
1292 2483 1509 2543 comiti
1560 2483 1871 2546 redimere
1918 2485 2199 2547 debeant
2243 2500 2306 2547 et
2376 2488 2621 2548 saluare
2679 2487 3150 2565 possessionem
3211 2505 3354 2564 par-

664 2593 855 2654 ticule
900 2593 1187 2672 predicte
1232 2606 1294 2655 et
1342 2598 1402 2655 in
1452 2597 1679 2657 eadem
1730 2597 2144 2677 indempnem
2192 2601 2399 2679 ipsum
2449 2599 2780 2662 Andream
2811 2601 3114 2660 comitem
3149 2598 3360 2659 modis

664 2706 963 2767 omnibus
1009 2725 1421 2781 conseruare;
1470 2709 1675 2770 dictus
1720 2721 1935 2772 autem
1986 2709 2282 2773 Andreas
2327 2731 2546 2774 comes
2593 2731 2819 2773 omnes
2849 2713 3086 2773 litteras
3117 2710 3362 2771 domini

664 2819 827 2901 regis
874 2829 937 2878 et
984 2821 1425 2899 capitulorum,
1472 2840 1632 2901 quas
1678 2823 1956 2885 habebat
1987 2843 2177 2904 super
2208 2824 2717 2904 possessionibus
2755 2824 3036 2887 Simonis
3081 2824 3358 2886 reddidit

663 2933 1024 3007 cassanda5‚
1070 2936 1506 2996 renunciando
1569 2940 1743 2997 omni
1807 2938 1921 2999 iuri
1982 2948 2044 2999 et
2107 2940 2373 3014 accioni,
2434 2939 2610 3017 quod
2657 2940 2758 3000 uel
2823 2958 3014 3018 quam
3078 2938 3358 2999 habebat

664 3045 767 3105 uel
809 3045 1044 3106 habere
1088 3057 1339 3125 poterat
1386 3067 1575 3127 super
1620 3052 2129 3129 possessionibus
2187 3052 2468 3114 Simonis
2527 3053 2845 3113 antedicti.
2905 3052 2975 3112 In
3037 3056 3214 3113 cuius
3271 3054 3358 3112 rei

664 3160 1100 3220 testimonium
1150 3173 1477 3239 presentes
1541 3163 1624 3223 ad
1687 3165 2062 3225 instanciam
2122 3168 2406 3243 parcium
2469 3165 2854 3226 contulimus
2913 3165 3094 3247 sigilli
3155 3168 3357 3225 nostri

665 3273 1015 3333 munimine
1062 3274 1406 3335 roboratas,
1455 3274 1696 3336 Datum
1743 3278 1805 3337 in
1854 3288 2084 3338 octaua
2131 3277 2486 3357 Epiphanie
2533 3278 2775 3339 domini
2837 3297 3009 3339 anno
3066 3277 3358 3339 eiusdem

664 3382 1035 3447 MCCLXV
1046 3385 1119 3445 1⁰.

845 3577 1142 3651 Ortginal
1182 3598 1220 3635 u
1268 3578 1492 3637 arkivu
1518 3582 1751 3656 jugosl.
1803 3580 1986 3639 akad.
2051 3602 2088 3639 u
2152 3582 2435 3655 Zagrebu
2457 3604 2477 3638 .·
2539 3584 2895 3659 Diplomata
2943 3602 3000 3639 a.
3055 3585 3226 3640 1266.
3271 3616 3358 3623 —

672 3681 729 3737 U
760 3692 1023 3757 prorezu
1070 3703 1257 3740 vrvca
1306 3686 1390 3740 od
1429 3684 1611 3760 bg'jele
1654 3687 1827 3742 svile.
1908 3688 2102 3743 pedat
2143 3695 2336 3763 otpao.

1917 3976 2109 4057 849.

659 4140 859 4217 1266,
907 4141 1011 4204 21.
1056 4140 1398 4221 januam.
1448 4142 1506 4207 U
1550 4142 1865 4226 Peruqii.

664 4330 991 4391 lx'lement
1034 4330 1079 4391 J
1094 4330 1163 4392 V.
1210 4338 1387 4415 papa
1448 4332 1679 4416 kragju
1727 4332 1907 4404 Beli,
1971 4334 2143 4396 neka
2204 4340 2318 4397 vec}
2354 4334 2644 4417 jednom
2705 4333 2950 4419 prt'zna
3025 4336 3089 4397 T
3083 4335 3356 4420 z‘moteja

1054 4443 1399 4528 bz'skupom
1447 4444 1918 4530 zagrebac‘kz'm,
1967 4447 2245 4530 premda
2273 4446 2356 4531 je
2401 4448 2490 4509 od
2533 4445 2738 4510 nz'ska
2784 4448 2970 4510 roda.

834 4633 1134 4698 Clemens
1180 4638 1519 4715 episcopus
1574 4655 1789 4697 servus
1852 4656 2178 4697 servorum
2244 4638 2344 4698 dei
2392 4637 2726 4699 karissimo
2788 4640 2849 4699 in
2915 4636 3165 4701 Christo
3225 4638 3354 4700 filio

658 4747 809 4807 Bele
855 4750 983 4828 regi
1039 4748 1314 4829 Ungarie
1362 4750 1576 4809 illustri
1626 4749 1896 4809 salutem
1945 4760 2009 4810 et
2055 4750 2476 4828 apostolicam
2523 4751 3060 4812 benedictionem.
3117 4752 3352 4811 Rerum

655 4862 945 4921 omnium
994 4862 1297 4940 providus
1344 4861 1672 4923 ordinator
1726 4880 1954 4923 omnes
2001 4862 2292 4924 homines
2339 4864 2479 4945 lege
2525 4864 2982 4945 propagandos
3026 4866 3352 4924 communi

651 4993 737 5034 ex
786 4974 1099 5035 similibus
1147 4977 1319 5035 nasci
1372 4974 1738 5044 seminibuS‚
1785 4976 2020 5036 eodem
2067 4977 2208 5037 celo
2254 4979 2508 5058 contegi
2555 4976 2870 5056 similique
2925 4976 3202 5059 gaudere
3233 4979 3354 5056 spi-

652 5088 872 5148 raculo
921 5088 1137 5163 voluit,
1184 5088 1393 5148 nudos
1440 5089 1503 5148 in
1553 5088 1865 5149 mundum
1914 5090 2173 5171 ingredi,
2220 5090 2429 5150 nudos
2475 5091 2690 5171 egredi
2745 5093 2877 5169 pari
2941 5092 3185 5152 ratione
3245 5091 3353 5151 de-
