3797 5795
1525 472 1608 479 -
1662 436 1792 507 583
1853 474 1934 481 —-

551 622 760 699 (Drug
769 625 797 682 i
841 624 1136 703 rukopis).

548 751 688 833 Ego
735 752 1022 815 Lucarus
1065 752 1328 817 Andree
1375 756 1536 817 filius
1581 769 1840 839 rogatus
1886 760 2269 820 examinaui.

550 864 691 945 Ego
737 883 892 926 uero
937 866 1240 929 dominus
1299 869 1510 931 Lucas
1575 874 1921 932 canonicus
1968 882 2032 933 et
2077 874 2314 932 iuratus
2362 875 2645 935 notarius
2688 874 3079 953 Spalatensis

373 976 494 1037 hiis
539 978 789 1039 interfui
833 989 899 1039 et
942 980 1210 1042 audiens
1249 1000 1285 1043 a
1313 982 1602 1061 predicto
1637 983 1858 1045 Leone
1890 985 2219 1046 uoluntate
2251 987 2572 1064 vtriusque
2602 988 2813 1065 partiS,
2860 989 3077 1066 scripsi

373 1100 440 1149 et
488 1091 799 1152 roboraui.

552 1224 846 1297 (Szg-num
893 1226 1172 1293 notarii).

567 1414 862 1489 Orzginal
901 1436 942 1473 u
989 1416 1210 1475 arkivu
1241 1417 1489 1494 kaptola
1522 1439 1562 1475 u
1598 1420 1832 1496 Spljetu
1865 1440 1924 1477 a.
1968 1424 2033 1475 12
2044 1426 2121 1477 71.
2178 1422 2426 1479 Listina
2475 1428 2687 1481 tros‘na
2719 1424 2745 1479 i
2773 1427 3076 1482 os'tec‘ena.

1661 1780 1799 1862 34.

378 1917 571 1998 1271,
617 1920 724 1984 20.
767 1920 1108 2002 januam.
1156 1919 1215 1985 U
1262 1918 1573 2003 spljetu.

565 2108 926 2172 Samos-tan
974 2132 1070 2172 sv.
1121 2108 1508 2173 Benedt'kta
1557 2112 1714 2195 daje
1760 2112 1927 2176 neke
1970 2112 2151 2197 svoje
2196 2112 2427 2198 zemlje
2476 2136 2569 2177 na
2616 2114 2903 2179 trec‘z'nu.

554 2301 624 2361 In
671 2303 934 2363 nomine
1003 2301 1246 2362 domini
1318 2306 1515 2363 nostri
1579 2302 1726 2382 Jesu
1797 2302 2027 2367 Christi
2095 2324 2301 2366 amen.
2378 2306 2575 2368 Anno
2646 2328 2683 2367 a
2752 2310 3081 2370 natiuitate

375 2414 664 2474 eiusdem
712 2414 1052 2476 millesimo
1121 2416 1564 2477 ducentesimo
1632 2419 2106 2499 septuagesimo
2177 2421 2401 2496 primo,
2462 2420 2809 2481 indictione
2857 2433 3083 2499 quarta

377 2528 646 2599 decima,
677 2526 936 2606 Spaleti‚
983 2528 1087 2589 die
1120 2531 1355 2603 martiS,
1390 2528 1776 2591 duodecima
1822 2540 2101 2592 exeunte
2135 2533 2411 2603 ianuarii,
2458 2543 2765 2615 regnante
2812 2533 3079 2596 domino

375 2651 596 2700 nostro
641 2639 973 2719 Stephano
1019 2644 1422 2703 serenissimo
1471 2660 1618 2724 rege
1652 2642 1998 2725 Hungarie,
2046 2645 2442 2723 temporibus
2489 2645 2728 2706 domini
2772 2646 3081 2726 Johannis

371 2753 744 2839 venerabilis
812 2754 1268 2834 archiepiscopi
1317 2754 1725 2834 SpalatensiS,
1778 2755 2192 2818 dominorum
2262 2757 2455 2841 Dragi
2502 2756 2827 2837 Stephani,
2873 2759 3077 2821 Dobri

374 2864 644 2956 Duscize
676 2877 740 2928 et
771 2862 1010 2946 Duymi
1045 2866 1335 2930 Michacii
1385 2869 1680 2930 iudicum.
1733 2868 2062 2932 Chranece
2096 2870 2364 2932 Muxine
2395 2870 2707 2934 conduxit
2739 2883 2804 2933 et
2835 2874 3080 2953 accepit

375 2979 462 3040 ad
532 2978 954 3042 laborandum
1003 2994 1067 3041 et
1113 2981 1564 3060 pestinandum
1635 2983 1718 3042 ab
1787 2983 2063 3044 Yuanne
2108 2983 2351 3044 sindico
2398 2995 2461 3046 et
2506 2987 2729 3045 nuntio
2776 2987 3077 3070 spirituali

373 3088 790 3176 mo[naste]rii
825 3096 1024 3155 sancti
1069 3094 1413 3168 Benedicti,
1445 3094 1640 3156 dante
1671 3107 1865 3174 atque
1897 3096 2150 3157 locante
2198 3115 2344 3157 cum
2390 3116 2620 3158 asensu
2652 3107 2715 3159 et
2745 3099 3079 3160 uoluntate

373 3205 639 3266 domine
687 3203 972 3269 Chatene
1019 3207 1337 3268 abbatisse
1383 3210 1750 3268 monasterii
1796 3210 2159 3287 supradicti,
2205 3209 2554 3288 quamdam
2604 3222 2837 3272 terram
2886 3214 3083 3291 ipsius

375 3320 744 3379 monasterii
789 3322 1066 3398 positam
1113 3320 1196 3381 ad
1243 3321 1472 3381 salinas
1518 3322 1696 3381 iuxta
1741 3332 1974 3381 terram
2025 3319 2352 3382 Gausinne
2399 3321 2669 3388 Duscize
2700 3335 2763 3384 et
2795 3324 2917 3384 alia
2948 3326 3083 3386 eius

378 3432 595 3505 latera,
664 3451 856 3508 quam
927 3442 1160 3493 terram
1229 3437 1363 3512 ipse
1433 3428 1889 3516 Ch[r]aneze(!)
1946 3445 2147 3495 totam
2218 3454 2459 3515 apsque
2505 3436 2723 3498 diuino
2771 3437 2873 3499 uel
2916 3440 3082 3499 iusto

375 3544 844 3623 impedimento
890 3543 1286 3618 infirmitatis,
1318 3545 1610 3607 uidelicet
1657 3565 1881 3628 guerre
1914 3549 2015 3609 uel
2048 3548 2232 3610 samis
2277 3548 2546 3611 fideliter
2576 3553 2895 3629 pastinare
2926 3569 3078 3612 con-

375 3661 553 3718 uenit
599 3658 746 3718 hinc
790 3657 873 3719 ad
904 3652 1152 3738 septem
1197 3677 1403 3720 annos
1432 3661 1735 3738 proximo
1766 3671 2105 3735 uenturos;
2136 3673 2200 3722 et
2234 3663 2280 3722 si
2316 3681 2448 3723 non
2494 3664 2854 3741 pastinaret,
2902 3662 3079 3743 quod

375 3781 588 3831 totum
635 3771 788 3831 illud
819 3772 996 3852 quod
1042 3773 1420 3850 pastinasset
1465 3771 1734 3851 pridem,
1779 3773 2059 3847 deberet,
2090 3785 2155 3835 et
2204 3775 2467 3837 deberet
2514 3776 2709 3837 libere
2756 3788 2819 3837 et
2865 3779 3081 3853 quiete

377 3885 441 3942 in
489 3883 663 3944 dicto
724 3886 1114 3946 monasterio
1160 3903 1508 3946 remanere.
1570 3885 1702 3949 Sed
1747 3889 1796 3948 si
1844 3906 1977 3948 non
2024 3898 2229 3949 totum
2280 3890 2676 3967 pastinasset,
2723 3901 2790 3951 ut
2836 3890 3080 3951 dictum

377 4007 476 4056 est
521 4007 584 4056 et
630 4007 974 4075 postquam
1045 4001 1282 4077 ceperit
1349 4001 1689 4077 pastinare,
1757 4010 1963 4061 totum
2012 4000 2077 4061 id
2124 4001 2304 4080 quod
2348 4004 2736 4081 pastinatum
2784 4003 2969 4064 fuerit
3014 4013 3080 4064 et

377 4107 590 4170 donec
657 4111 815 4170 vites
881 4110 1112 4172 fuerint
1179 4111 1548 4187 laborande,
1615 4131 1724 4174 eas
1790 4131 1963 4174 anno
2032 4113 2318 4192 quolibet
2380 4125 2442 4175 et
2488 4115 2739 4176 decenti
2787 4124 3079 4195 tempore

378 4222 624 4300 absque
671 4222 890 4284 diuino
921 4224 1023 4284 uel
1053 4225 1217 4285 iusto
1264 4224 1730 4303 impedimento
1763 4225 2160 4300 infirmitatiS,
2205 4226 2440 4288 scilicet
2486 4245 2710 4309 guerre
2756 4227 2859 4289 uel
2896 4227 3081 4290 famis

378 4335 546 4396 bene
591 4344 656 4396 et
703 4333 970 4396 fideliter
1014 4337 1224 4398 colere
1271 4339 1561 4415 promisit
1606 4349 1670 4398 et
1716 4337 2005 4400 laborare
2051 4339 2133 4400 ad
2181 4358 2365 4401 usum
2414 4351 2476 4401 et
2524 4341 2765 4402 bonam
2813 4360 3080 4403 consue-

379 4447 669 4509 tudinem
715 4450 984 4509 ciuitatis
1015 4448 1271 4528 Spaleti,
1319 4449 1613 4511 uidelicet
1645 4450 1841 4512 semel
1875 4453 1936 4511 in
1969 4471 2141 4512 anno
2188 4464 2412 4532 potare
2444 4465 2507 4514 et
2540 4455 2783 4516 uicibus
2823 4454 3075 4544 duabus

378 4579 610 4640 capare
655 4571 718 4621 et
765 4561 847 4622 de
891 4564 1191 4623 omnibus
1253 4563 1575 4637 fructibus,
1637 4582 1800 4642 quos
1846 4565 1907 4624 in
1957 4564 2125 4626 dicta
2179 4577 2343 4626 terra
2390 4578 2452 4627 et
2500 4569 2560 4626 in
2607 4569 2841 4628 uitibus
2887 4578 3081 4648 atque

377 4673 710 4734 arboribus
777 4693 937 4754 quas
981 4678 1044 4734 in
1092 4695 1171 4736 eo
1219 4677 1624 4754 pastinaverit
1693 4687 1824 4736 tam
1895 4680 2023 4739 uini
2072 4689 2134 4740 et
2182 4678 2415 4740 ficuum
2487 4698 2681 4758 quam
2750 4681 3082 4766 cuiuslibet

376 4787 632 4848 alterius
661 4789 910 4869 generis
940 4787 1280 4870 fructuum,
1313 4807 1476 4868 quos
1507 4789 1807 4850 dominus
1837 4792 1894 4850 ei
1927 4790 2193 4866 dederit,
2225 4795 2466 4874 integre
2506 4803 2797 4870 quartam
2829 4805 3079 4873 partem

375 4900 641 4960 domine
704 4897 989 4963 Chatene
1048 4901 1410 4980 supradicte
1471 4902 1792 4963 abbatisse
1852 4906 2115 4984 eiusque
2181 4906 2651 4966 successoribus
2725 4906 2892 4967 bene
2968 4926 3081 4986 pa-

375 5022 582 5074 ratam
650 5013 825 5092 apud
894 5013 1128 5075 dictam
1187 5015 1456 5076 uineam
1525 5013 1678 5075 dare
1738 5017 2030 5094 promisit
2077 5028 2141 5078 et
2186 5021 2552 5100 assingnare
2568 5016 2633 5100 (l)
2682 5029 2746 5080 et
2791 5020 2907 5080 sibi
2954 5030 3083 5081 tres

374 5136 590 5204 partes
656 5126 1114 5187 tantummodo
1160 5126 1243 5187 de
1289 5138 1484 5187 utere.
1555 5127 1637 5188 Et
1684 5127 1803 5188 hec
1849 5131 2065 5189 omnia
2114 5141 2177 5190 et
2223 5131 2468 5212 singula
2536 5132 2899 5210 supradicta
2946 5136 3080 5212 ipse
