3797 5795
1588 424 1647 431 —
1728 389 1997 453 489—

442 595 704 656 quorum
752 576 999 658 singule
1045 580 1329 657 quinque
1372 597 1573 658 pense
1622 598 1907 640 marcam
1954 590 2108 641 tunc
2149 583 2455 659 temporis
2501 581 2839 655 faciebant,
2872 600 3031 657 quas
3079 602 3147 642 se

442 689 733 750 dixerunt
766 690 853 749 ab
884 689 1117 751 eodem
1164 690 1447 770 plenarie
1490 695 1821 771 recepisse.
1866 690 2228 754 Astiterunt
2273 695 2478 754 eciam
2509 696 2940 755 commetanei
2984 705 3148 756 terre

444 801 711 874 uendite,
757 802 995 863 scilicet
1042 802 1293 875 Micula,
1340 803 1547 866 Micus
1592 815 1656 865 et
1704 804 2070 884 Stephanus
2127 806 2232 867 filii
2283 806 2530 867 Nicolai
2577 817 2639 867 et
2686 810 3144 889 consanguinei

443 914 863 989 uenditorum,
920 914 1158 976 scilicet
1220 914 1488 993 Cherne‚
1549 936 1753 996 nepos
1816 917 2116 991 Bulezod‚
2186 918 2372 992 IwriS‚
2441 916 2774 1000 GeorgiuS,
2843 918 3144 993 Gozcina,

442 1025 727 1087 Iwanech
777 1038 839 1088 et
884 1026 1217 1110 Drugoyk,
1265 1030 1373 1108 qui
1420 1029 1873 1091 uendicionem
1935 1031 2171 1091 factam
2234 1050 2551 1093 consensu
2597 1051 2713 1092 suo
2761 1034 3145 1094 unanimiter

444 1138 816 1200 ratificantes
862 1140 1315 1219 approbarunt.
1364 1140 1558 1205 Cuius
1604 1153 1768 1204 terre
1813 1146 2018 1222 prima
2065 1155 2257 1218 meta,
2281 1146 2440 1205 sicut
2486 1155 2700 1223 partes
2748 1146 2936 1206 nobis
2981 1157 3145 1207 retu-

448 1252 659 1325 lerunt,
705 1254 923 1331 incipit
968 1256 1033 1313 in
1080 1254 1307 1315 arbore
1370 1255 1549 1316 narsa
1611 1257 1789 1317 iuxta
1852 1258 2056 1335 ripam
2103 1255 2275 1317 fluuii
2323 1257 2641 1337 Zepniche
2687 1268 2751 1318 et
2799 1260 2858 1318 in
2908 1257 3142 1319 eodem

450 1363 634 1425 fluuio
704 1364 1023 1444 Zepniche
1090 1367 1267 1428 uadit
1333 1371 1619 1447 superius
1686 1380 1748 1429 et
1816 1372 2146 1449 perueniet
2213 1372 2276 1430 in
2348 1371 2579 1444 locum,
2627 1371 2731 1431 ubi
2781 1371 2912 1432 duo
2973 1370 3142 1432 fluuii

446 1477 755 1557 Zepniche
801 1478 1039 1539 cadunt
1086 1482 1149 1539 in
1196 1499 1393 1541 vnum
1427 1493 1489 1541 et
1522 1480 1606 1541 ibi
1640 1484 1773 1542 exit
1814 1502 2033 1543 uersus
2079 1484 2389 1543 orientem
2435 1483 2519 1544 ad
2569 1494 2805 1545 metam
2855 1494 3146 1557 terream,

444 1609 567 1668 que
608 1603 699 1652 est
745 1590 867 1652 sub
912 1604 1155 1667 monte,
1199 1593 1285 1653 ab
1330 1593 1480 1654 inde
1527 1595 1815 1655 ascendit
1860 1595 2101 1656 directe
2147 1595 2230 1657 ad
2279 1606 2568 1657 montem
2601 1607 2666 1656 et
2696 1598 3025 1675 perueniet
3059 1597 3143 1657 ad

450 1702 635 1764 finem
682 1707 865 1765 uinee
914 1704 1235 1779 Branizlai‚
1289 1706 1647 1788 iobagionis
1692 1708 1856 1768 Petri
1906 1710 2198 1782 cantoriS,
2246 1709 2395 1769 inde
2441 1710 2524 1769 ad
2572 1719 2810 1770 metam
2855 1719 3144 1779 terream,

442 1815 609 1877 illinc
650 1816 925 1879 declinat
971 1818 1054 1879 ad
1102 1830 1350 1897 partem
1400 1819 1883 1881 meridionalem
1917 1830 1980 1881 et
2011 1840 2124 1899 per
2161 1824 2678 1899 promontorium
2724 1822 3142 1901 procedendo

438 1928 760 1991 descendit
806 1931 892 1992 ad
940 1942 1177 1993 metam
1228 1943 1499 1993 terream
1547 1945 1609 1993 et
1658 1934 1740 1993 ibi
1791 1937 2012 1994 transit
2060 1936 2250 2009 uiam,
2295 1954 2423 2014 que
2454 1934 2628 1995 ducit
2675 1935 2756 1996 ad
2803 1933 3138 1996 ecclesiam

438 2046 637 2104 sancti
686 2045 849 2105 Petri
896 2064 1011 2124 per
1055 2046 1384 2107 modicum
1431 2048 1717 2124 spacium
1767 2046 1849 2107 ad
1898 2057 2137 2107 metam
2187 2057 2476 2121 terream,
2499 2047 2647 2108 hinc
2691 2048 3014 2109 reducitur
3058 2048 3142 2109 ad

436 2158 709 2236 priorem
753 2168 994 2219 metam
1045 2168 1107 2219 et
1155 2160 1239 2219 ibi
1287 2161 1677 2219 terminatur.
1740 2159 1982 2221 Datum
2031 2160 2338 2240 Zagrabie
2369 2160 2522 2221 feria
2567 2162 2789 2236 quinta
2835 2163 3134 2239 proxima

434 2280 589 2348 post
632 2270 1019 2333 dominicam
1064 2272 1314 2345 Letare,
1362 2290 1535 2332 anno
1583 2272 1829 2332 domini
1878 2270 2300 2335 MCCLXIX.

618 2464 799 2520 Liber
828 2465 1117 2541 privileg.
1169 2467 1424 2541 episcop.
1471 2465 1738 2539 Zagrab.
1786 2466 1898 2521 list
1943 2470 2030 2523 41.

626 2568 869 2625 Tkalc'ic‘
909 2570 1179 2625 Allonum.
1231 2570 1489 2646 episcop.
1560 2568 1827 2643 Zagrab.
1877 2570 1928 2627 l.
1979 2572 2299 2624 140—141.
2351 2602 2438 2610 —
2500 2570 2744 2627 IVenzel
2793 2570 2936 2628 Coei.
2986 2570 3140 2645 dipl.

432 2674 669 2749 Arpad.
716 2683 869 2732 cont.
921 2674 1029 2731 XI.
1082 2676 1429 2731 593—-594.
1475 2706 1560 2713 —
1609 2672 1985 2748 Kukuljevic'
2025 2675 2173 2746 Re‘g.
2222 2693 2316 2732 κο.
2377 2676 2517 2729 973.

1682 2965 1877 3044 956.

435 3121 631 3203 1269,
678 3121 783 3187 13.
831 3124 1092 3189 marta.

436 3313 609 3375 Bela
666 3313 900 3398 lzerceg
955 3311 1271 3376 hrvatskz'
1327 3311 1575 3397 daruje
1632 3333 1867 3378 svomu
1937 3333 2060 3375 ocu
2123 3311 2357 3396 kralju
2406 3309 2574 3374 Beli
2629 3312 2873 3392 zemlju
2943 3312 3140 3375 Vruz.

614 3505 761 3566 Bela
808 3504 909 3566 dei
954 3507 1163 3587 gracia
1204 3495 1343 3566 dux
1388 3508 1594 3567 tocius
1640 3504 1996 3579 Sclavonie,
2043 3505 2374 3566 Dalmacie
2426 3515 2489 3564 et
2527 3502 2794 3567 Croacie
2845 3505 3148 3566 universis

444 3615 666 3680 Christi
727 3617 1019 3680 fidelibus
1078 3636 1342 3696 presens
1401 3619 1707 3697 scriptum
1790 3621 2170 3697 inspecturis
2229 3618 2497 3678 salutem
2549 3619 2608 3678 in
2659 3637 2810 3678 vero
2878 3618 3150 3678 salutari.

444 3727 555 3790 Ad
612 3732 1043 3792 universorum
1106 3733 1406 3791 noticiam
1470 3741 1693 3792 tenore
1753 3733 2150 3810 presencium
2216 3731 2510 3791 volumus
2570 3733 2926 3809 pervenire,
2971 3731 3149 3810 quod

454 3861 591 3914 nos
630 3845 913 3905 volentes
958 3862 1290 3904 occurrere
1336 3843 1645 3905 voluntati
1678 3844 1924 3905 domini
1957 3843 2106 3906 Bele
2138 3845 2302 3925 regis
2350 3846 2544 3923 patris
2577 3846 2772 3904 nostri
2819 3842 3147 3918 karissimi,

444 3957 684 4016 sincero
730 3975 878 4017 cum
923 3956 1160 4016 assectu
1216 3955 1545 4035 quandam
1593 3957 1805 4017 villam
1856 3967 2137 4018 nostram
2187 3959 2375 4018 sitam
2421 3959 2599 4018 iuxta
2645 3955 2888 4030 Goron‚
2955 3957 3148 4019 Wruz

450 4081 873 4149 nuncupatam
922 4080 1143 4130 nostro
1192 4069 1447 4130 ducatui
1496 4071 1926 4148 pertinentem
1959 4070 2043 4130 ad
2075 4072 2464 4149 peticionem
2511 4070 2663 4130 dicti
2697 4069 2942 4130 domini
2983 4072 3148 4151 regis

450 4183 638 4259 patris
669 4185 863 4243 nostri
898 4181 1208 4243 karissimi
1250 4182 1458 4243 eidem
1493 4183 1789 4244 dedimus
1820 4195 1883 4244 et
1916 4183 2303 4244 contulimus
2349 4201 2495 4243 cum
2546 4185 2722 4243 terris
2753 4195 2816 4242 et
2848 4183 3149 4243 omnibus

450 4293 810 4357 utilitatibus
870 4299 1013 4371 suiS,
1060 4299 1218 4357 sicut
1266 4314 1386 4356 nos
1447 4295 1867 4374 possedimus
1914 4307 1984 4356 ut
2031 4295 2202 4356 idem
2251 4296 2552 4356 dominus
2597 4313 2712 4355 rex
2759 4293 3146 4368 karissimuS,

450 4420 625 4488 pater
684 4419 903 4470 noster
946 4409 1029 4470 de
1076 4408 1305 4470 cadem
1353 4408 1497 4470 villa
1544 4411 1754 4470 {acere
1801 4418 1865 4470 et
1913 4408 2207 4471 ordinare
2254 4411 2456 4488 possit
2519 4411 2695 4468 iuxta
2741 4427 2852 4468 sue
2899 4407 3147 4467 libitum

450 4521 799 4584 voluntatis
850 4523 921 4583 In
968 4525 1145 4584 cuius
1192 4525 1279 4582 rei
1326 4522 1739 4583 stabilitatem
1801 4532 2130 4602 presentes
2191 4521 2576 4582 contulimus
2640 4520 2906 4598 duplicis
2966 4520 3147 4600 sigilli

450 4638 637 4696 nostri
687 4639 1040 4697 munimine
1086 4637 1437 4696 roboratas
1484 4635 1725 4696 Datum
1773 4655 1887 4715 per
1936 4654 2164 4696 manus
2208 4635 2584 4695 venerabilis
2630 4635 2824 4712 patris
2871 4631 3148 4693 Ladislai

450 4749 720 4828 episcopi
770 4749 1178 4828 Tyniniensis
1226 4749 1369 4810 aule
1427 4760 1645 4810 nostre
1690 4747 2045 4809 cancellarii
2095 4749 2304 4808 dilecti
2355 4757 2417 4807 et
2466 4746 2671 4809 fidelis
2718 4747 2932 4818 nostri,
2979 4764 3151 4805 anno

449 4860 761 4923 dominice
792 4863 1254 4923 incarnacionis
1286 4861 1623 4922 millesimo
1658 4859 1784 4924 CC.
1820 4861 1954 4922 LX.
1990 4880 2184 4936 non0‚
2218 4862 2418 4921 tercio
2452 4861 2592 4922 idus
2625 4861 2850 4930 martii,
2882 4857 3150 4918 ducatus

450 4985 659 5036 autem
706 4977 903 5035 nostri
952 4994 1125 5035 anno
1172 4975 1397 5053 prim0.

619 5099 692 5155 F.
740 5099 965 5157 Knauz
1011 5099 1419 5156 silenumenta
1468 5099 1721 5155 ecclesie
1772 5100 2225 5172 Strzgom‘ensis
2271 5100 2322 5155 l.
2377 5102 2517 5157 562.
2566 5118 2658 5155 n0.
2717 5102 2849 5155 724.
