3797 5795
1846 320 2117 383 —246
2184 356 2253 365 -

685 519 936 587 partem
983 511 1044 569 in
1092 511 1232 589 ipso
1277 510 1481 571 riuulo
1525 509 1741 571 eundo
1787 522 1882 572 est
1927 521 2094 573 terra
2140 512 2333 590 ipsius
2380 510 2545 571 Petri
2589 510 2841 570 comitis
2870 520 2935 571 et
2966 509 3051 570 ad
3084 509 3400 571 sinistram

686 632 939 699 partem
985 632 1080 683 est
1126 633 1291 684 terra
1338 623 1724 703 populorum
1773 627 1991 695 castri;
2052 635 2116 685 et
2162 623 2245 685 de
2290 624 2501 703 capite
2564 624 2759 702 ipsius
2804 623 2989 684 riuuli
3034 621 3234 683 tendit
3282 642 3403 701 per

686 753 886 795 unum
961 754 1264 815 campum
1326 748 1389 798 et
1457 738 1636 799 uadit
1703 738 1786 799 ad
1861 740 2391 817 septemtrionem
2462 756 2651 816 super
2719 735 3048 815 quendam
3122 734 3400 797 riuulum

685 846 876 909 Secet
921 848 1127 927 potok
1191 860 1490 911 uocatum
1557 864 1620 911 et
1681 871 1795 930 per
1857 853 2066 931 ipsum
2112 852 2385 914 riuulum
2431 850 2639 911 tendit
2684 868 2903 910 uersus
2948 846 3401 929 orientalem(l)

683 971 748 1021 et
811 962 1099 1039 peruenit
1145 962 1230 1023 ad
1275 982 1510 1043 aquam
1575 962 1762 1042 Lyka
1823 973 1885 1025 et
1950 984 2065 1043 per
2128 966 2330 1043 ipsam
2379 982 2617 1042 aquam
2663 961 2849 1041 Lyka
2896 963 3069 1022 venit
3112 964 3403 1040 superius

683 1085 748 1135 et
813 1075 900 1134 ibi
947 1075 1029 1136 ad
1077 1076 1370 1137 dextram
1447 1086 1696 1156 partem
1773 1088 2062 1138 remanet
2137 1089 2305 1138 terra
2380 1078 2575 1155 ipsius
2638 1076 2801 1136 Petri
2870 1076 3122 1135 comitis
3182 1084 3249 1135 et
3310 1074 3398 1134 ad

683 1188 1003 1249 sinistram
1078 1200 1224 1250 sunt
1301 1192 1728 1251 commetanei
1805 1190 2028 1269 populi
2098 1190 2179 1250 de
2258 1188 2501 1263 Busan;
2579 1198 2641 1249 et
2702 1207 2817 1267 per
2877 1187 3080 1267 ipsam
3157 1204 3397 1265 aquam

683 1298 916 1382 Lika(l)
965 1305 1230 1363 ueniens
1275 1305 1561 1383 superius
1607 1305 1898 1382 peruenit
1962 1302 2047 1364 ad
2108 1314 2343 1364 terram
2406 1302 2569 1364 Petri
2634 1302 2887 1363 comitis
2948 1300 3395 1362 hereditariam

682 1412 993 1496 Gachelig
1039 1426 1337 1477 uocatam
1401 1427 1466 1476 et
1525 1415 1675 1476 inde
1739 1418 1913 1477 uenit
1973 1416 2057 1477 ad
2119 1435 2319 1478 unum
2382 1415 2594 1477 locum
2658 1416 2767 1475 ubi
2828 1425 2924 1475 est
2972 1414 3283 1476 fossatum
3332 1424 3398 1474 et

677 1526 786 1587 ubi
821 1527 1135 1590 sedebant
1181 1529 1401 1608 populi
1459 1530 1726 1607 antiquo
1783 1539 2107 1609 tempore;
2153 1540 2216 1591 et
2264 1527 2413 1589 inde
2460 1528 2637 1589 uadit
2680 1529 2970 1607 superius
3022 1527 3104 1587 ad
3159 1545 3397 1607 aquam

680 1640 901 1722 Kazeg
945 1652 1009 1702 et
1055 1644 1267 1702 ueniet
1313 1641 1396 1701 ad
1452 1640 1786 1703 ecclesiam
1847 1644 2047 1703 sancti
2107 1641 2413 1722 Johannis
2484 1651 2892 1721 prenotatam
2936 1650 2999 1701 et
3046 1642 3136 1701 sic
3180 1642 3397 1701 termi—

678 1764 881 1815 natur.
944 1754 1236 1815 Preterea
1283 1764 1454 1815 meta
1501 1764 1664 1815 terre
1709 1754 2005 1832 Scycheu
2066 1756 2283 1833 incipit
2346 1753 2737 1815 transeundo
2782 1772 2897 1833 per
2942 1771 3179 1832 aquam
3230 1750 3394 1813 Lika

677 1886 867 1946 super
915 1886 1110 1928 unum
1159 1866 1433 1927 riuulum
1465 1869 1573 1946 qui
1605 1866 1835 1928 dicitur
1878 1868 2115 1929 riuulus
2160 1869 2360 1929 sancti
2411 1868 2575 1927 Petri
2606 1878 2669 1928 et
2699 1866 2850 1927 inde
2882 1866 3059 1927 uadit
3104 1868 3397 1945 superius

676 1980 761 2041 ad
805 1982 1331 2058 septemtrionem
1380 1998 1570 2059 supra
1600 1999 1791 2041 vnam
1841 1980 2211 2041 columnam
2244 1980 2614 2041 reclinando
2646 1980 2730 2042 ad
2759 1990 3013 2059 partem
3052 1982 3391 2051 sinistram,

678 2112 804 2172 que
869 2093 1170 2154 columna
1246 2093 1545 2154 discernit
1613 2112 1832 2155 uersus
1900 2095 2275 2156 orientalem
2344 2094 2427 2155 ad
2486 2096 2805 2155 sinistram
2876 2103 3129 2171 partem
3202 2092 3391 2153 Petro

672 2208 892 2267 comiti
938 2218 1168 2267 terram
1216 2205 1512 2284 Scycheu
1557 2216 1620 2267 et
1665 2206 1750 2267 ad
1795 2207 2093 2267 dextram
2140 2207 2436 2269 Samsoni
2484 2210 2788 2286 episcopo
2838 2218 3071 2267 terram
3122 2206 3393 2267 ecclesie

675 2322 871 2380 sancti
911 2320 1104 2393 Petri;
1150 2331 1213 2380 et
1260 2319 1343 2379 de
1390 2321 1525 2399 ipsa
1556 2319 1856 2381 columna
1888 2320 2065 2381 uadit
2098 2318 2231 2401 (ad)
2276 2322 2481 2381 riuum
2516 2322 2621 2398 qui
2658 2322 2827 2380 riuus
2858 2319 3029 2380 cadit
3061 2321 3292 2380 iterato
3320 2320 3386 2398 (l)

677 2432 761 2494 ad
791 2452 1025 2513 aquam
1046 2432 1208 2494 Lika
1241 2433 1324 2493 ad
1357 2435 1634 2512 priorem
1670 2433 1880 2495 locum
1915 2433 2128 2513 ibique
2160 2436 2549 2493 terminatur.
2582 2432 2690 2494 Ad
2716 2434 2835 2493 hec
2868 2444 3038 2495 meta
3070 2432 3383 2512 particule

677 2557 839 2607 terre
885 2545 1218 2608 Grebenar
1264 2548 1481 2626 incipit
1525 2567 1562 2607 a
1609 2558 1786 2626 parte
1833 2546 2121 2607 orientali
2168 2567 2205 2606 a
2252 2547 2401 2607 uilla
2444 2546 2643 2625 Byssa
2688 2565 2814 2625 que
2852 2560 2947 2607 est
2994 2546 3139 2607 villa
3187 2548 3387 2625 ipsius

680 2660 840 2720 Petri
904 2661 1154 2720 comitis
1199 2672 1264 2720 et
1312 2660 1460 2720 inde
1519 2659 1724 2721 tendit
1770 2659 1852 2719 ad
1901 2659 2134 2720 cliuum
2198 2659 2528 2720 cuiusdam
2601 2662 2855 2733 montis,
2902 2661 3009 2739 qui
3060 2678 3250 2719 mons
3296 2657 3381 2719 ad

677 2784 922 2850 partem
971 2772 1266 2833 dextram
1329 2773 1499 2833 cedit
1563 2773 1750 2833 Petro
1812 2775 2029 2834 comiti
2078 2785 2141 2833 et
2188 2773 2270 2833 ad
2317 2774 2634 2834 sinistram
2691 2772 3139 2855 iobagionibus
3200 2775 3389 2833 castri

676 2885 759 2945 de
805 2884 1397 2968 Budem(er)ichigi;
1460 2885 1611 2947 inde
1654 2888 1828 2948 uenit
1874 2905 2093 2948 uersus
2140 2885 2543 2948 occidentem
2590 2906 2777 2966 super
2824 2905 3027 2947 unum
3094 2896 3385 2947 montem

676 2998 916 3060 directe
949 3019 1138 3078 super
1171 2999 1380 3060 villam
1415 2997 1836 3080 Grebynap(!)
1863 3011 1927 3061 et
1959 2999 2040 3063 ibi
2075 3000 2313 3061 directe
2345 3021 2456 3079 per
2488 3000 2748 3061 dorsum
2782 2999 3117 3061 cuiusdam
3152 3001 3390 3060 montis

673 3113 890 3174 eundo
951 3115 1241 3192 peruenit
1284 3112 1369 3172 ad
1415 3123 1682 3192 pontem
1745 3113 2109 3194 Lygongna
2154 3125 2217 3174 et
2263 3113 2412 3174 inde
2474 3115 2647 3174 uenit
2708 3113 2791 3173 ad
2838 3115 3388 3192 septemtrionem,

671 3229 965 3303 peruenit
1009 3244 1198 3304 super
1231 3244 1427 3286 unum
1474 3227 1775 3304 partitum
1823 3227 2103 3306 lapidem
2150 3238 2214 3287 et
2258 3226 2408 3286 inde
2452 3229 2742 3305 peruenit
2787 3226 2870 3288 ad
2918 3226 3136 3287 uillam
3184 3226 3385 3304 Byssa

670 3348 1096 3414 prenotatam.
1146 3338 1306 3399 Item
1337 3348 1510 3399 meta
1541 3339 1846 3418 particule
1877 3349 2042 3400 terre
2074 3339 2418 3420 Bratnano)
2453 3342 2671 3419 incipit
2702 3341 2784 3400 ab
2816 3338 3156 3400 occidente
3194 3358 3387 3418 super

669 3468 870 3511 vnum
897 3463 1186 3511 montem
1218 3450 1414 3512 altum
1452 3453 1559 3529 qui
1589 3461 1686 3512 est
1716 3453 1880 3512 inter
1905 3452 2184 3514 Bratnan
2210 3465 2274 3513 et
2300 3449 2621 3534 Scerepeg
2653 3463 2718 3514 et
2748 3452 2896 3513 inde
2929 3453 3135 3514 tendit
3166 3471 3387 3514 uersus

669 3564 1006 3624 meridiem
1053 3581 1242 3642 supra
1288 3583 1487 3624 unum
1535 3575 1823 3626 montem
1871 3567 1982 3646 qui
2028 3577 2123 3627 est
2155 3585 2344 3644 supra
2390 3566 2667 3645 populos
2715 3563 3273 3648 Budem(er)ichigi
3320 3577 3383 3626 et

666 3690 786 3749 per
831 3679 1037 3756 ipsum
1087 3687 1374 3737 montem
1423 3680 1630 3738 veniet
1678 3680 1903 3739 iterato
1948 3678 2032 3739 ad
2065 3681 2344 3758 priorem
2377 3679 2588 3739 locum
2621 3678 2835 3758 ibique
2874 3681 3263 3740 terminatur.
3312 3678 3383 3739 In

667 3789 851 3849 cuius
895 3793 980 3850 rei
1030 3792 1465 3851 testimonium
1497 3801 1561 3851 et
1593 3803 1969 3870 perpetuam
2016 3790 2383 3852 firmitatem
2431 3803 2758 3870 presentes
2802 3791 3043 3853 litteras
3086 3791 3384 3852 dedimus

669 3898 992 3981 dupplicis
1051 3902 1229 3985 sigilli
1280 3906 1472 3964 nostri
1523 3906 1874 3965 munimine
1930 3907 2376 3966 communitas
2437 3905 2677 3966 Datum
2724 3923 2838 3984 per
2899 3923 3127 3965 manus
3171 3904 3383 3965 dilecti

669 4023 738 4073 et
787 4015 992 4076 fidelis
1037 4018 1234 4077 nostri
1283 4019 1560 4098 magistri
1609 4017 1884 4079 Farcasii
1932 4017 2113 4078 electi
2164 4018 2601 4100 Zagrabiensis
2647 4017 2940 4079 habentis
2986 4017 3385 4078 administra-

668 4127 927 4188 cionem
973 4131 1037 4189 in
1083 4129 1348 4190 ecclesia
1395 4128 1679 4204 Albensi,
1725 4131 1868 4192 aule
1916 4140 2131 4191 nostre
2170 4131 2689 4204 vicecancellarii,
2734 4150 2906 4192 anno
2954 4131 3195 4191 domini
3246 4131 3383 4190 mil-

671 4238 897 4302 lesimo
945 4242 1387 4303 ducentesimo
1434 4246 1838 4324 sexagesimo
1883 4247 2100 4318 terci0‚
2163 4254 2391 4322 quarto
2456 4243 2762 4304 kalendas
2832 4244 3143 4314 februarii,
3202 4245 3381 4326 regni

671 4365 888 4415 autem
937 4359 1130 4416 nostri
1179 4375 1354 4416 anno
1401 4359 1700 4417 vicesimo
1748 4368 2000 4418 octau0.

857 4513 1158 4596 Original
1205 4515 1394 4591 pisan
1454 4516 1588 4574 vrlo
1651 4516 1894 4592 lijepom
1964 4515 2394 4582 minu-skulam,
2460 4536 2499 4572 u
2555 4515 2644 4572 kr.
2875 4518 3001 4572 drz‘.
3068 4516 3291 4573 arkivu
3340 4537 3382 4573 u

673 4618 984 4675 Budimu:
1033 4617 1166 4688 DL,
1221 4621 1406 4676 3847
1414 4625 1465 4677 6.
1525 4620 1718 4692 (bivs‘i
1743 4619 2047 4697 frankop.
2099 4619 2231 4678 ark.
2279 4639 2319 4678 u
2366 4621 2657 4696 Perpettu
2704 4621 2791 4678 br.
2847 4619 2933 4696 3.)
2981 4654 3065 4662 —
3128 4616 3273 4680 Vidi
3312 4641 3383 4678 se

668 4735 831 4797 trag,
885 4720 1044 4805 gafje
1069 4726 1145 4799 je
1190 4745 1224 4782 0
1269 4727 1446 4782 vrvci
1483 4726 1640 4782 visio
1677 4730 1874 4800 pedat.
1955 4759 2028 4767 —-
2092 4723 2200 4782 Na
2260 4725 2443 4802 hrptu
2495 4725 2853 4801 glagoljska
2916 4725 3177 4802 biljes‘ka
3228 4737 3379 4804 pre·-

669 4830 949 4887 brisana.

859 4933 1126 5006 lJcstm'k
1172 4933 1393 4992 arkiva
1457 4935 1590 4994 Vll.
1631 4937 1683 4990 3.
1721 4937 1906 4990 138-
1927 4937 2052 4991 1311.
2094 4945 2174 5011 po
2208 4937 2517 5011 pry'epz'stc
2566 4957 2605 4992 u
2652 4936 2878 4994 arkivu
2924 4937 3115 4994 kneza
3162 4939 3377 4994 Ester-

660 5038 916 5119 ha'zy-ja
965 5059 1004 5096 u
1053 5024 1408 5114 Zeljeznom.
1461 5073 1544 5122 —·
1591 5038 1969 5113 Kukuljevic'
2010 5040 2158 5112 Reg.
2208 5059 2301 5096 no.
2356 5043 2495 5095 836.
