3797 5795
22 823 24 832 -
22 765 24 772 .
21 269 30 736 ..-.-÷-.„.—i—-——-
22 159 24 236 ---.
22 127 24 140 -

1883 383 1967 392 .-
2022 347 2249 412 50.-

715 540 829 597 rati
877 538 961 598 ab
1005 539 1270 617 antiquo
1315 537 1580 617 pacifice
1641 539 1971 618 possideri,
2030 559 2222 619 super
2269 560 2413 618 qua,
2472 551 2665 620 prout
2708 561 2745 601 a
2794 542 2980 602 nobis
3033 541 3414 602 mandatum

713 650 1036 725 habuerat,
1067 671 1266 712 novas
1298 663 1500 713 metas
1544 653 1692 714 fecit
1722 653 1953 714 elevari
1982 655 2161 716 iuxta
2205 664 2465 716 veteres.
2513 651 2706 718 Cuius
2735 656 2941 715 eciam
2974 665 3163 726 mete,
3208 665 3399 732 prout

715 767 1014 846 magister
1081 763 1264 829 Chal<
1330 767 1448 827 sub
1516 768 1718 849 sigillo
1782 765 2189 831 Chazmensis
2257 767 2511 847 capituli
2582 768 2767 828 nobis
2812 770 3214 846 presentavit,
3282 767 3405 827 hoc

713 877 936 938 ordine
980 878 1467 960 distinguuntur.
1515 880 1722 942 Prima
1769 892 1941 942 meta
1986 883 2203 960 incipit
2248 883 2427 942 iuxta
2473 881 2713 942 flumen
2759 879 3109 943 Grezinche
3140 881 3203 942 in
3238 891 3411 942 meta

713 998 914 1050 terrea
957 1002 1019 1051 et
1066 992 1188 1052 itur
1235 1012 1449 1054 versus
1495 997 1804 1056 orientem
1851 995 1919 1055 in
1964 997 2061 1054 via
2107 995 2192 1055 ad
2257 1006 2495 1056 metam
2558 1005 2859 1068 terream;
2921 994 3069 1054 inde
3132 993 3409 1055 declinat

713 1123 927 1164 versus
971 1104 1338 1182 aquilonem
1385 1106 1466 1166 ad
1513 1107 1704 1167 aliam
1751 1109 1918 1168 viam
1968 1127 2093 1186 que
2140 1107 2315 1168 vadit
2358 1108 2442 1169 ad
2478 1118 2768 1168 montem
2809 1104 3007 1188 Garig
3051 1107 3136 1167 ad
3172 1117 3409 1168 metam

712 1235 837 1295 que
883 1228 978 1278 est
1023 1219 1142 1278 sub
1187 1219 1414 1279 arbore
1462 1218 1651 1280 bikfa.
1717 1219 1876 1282 Item
1923 1240 2007 1281 ex
2054 1221 2170 1281 hae
2215 1223 2313 1280 via
2362 1222 2494 1282 exit
2543 1239 2759 1281 versus
2814 1219 3217 1281 occidentem
3266 1238 3407 1299 pro-

711 1329 1005 1410 grediens
1052 1333 1230 1392 iuxta
1274 1332 1494 1392 silvam
1543 1345 1605 1393 et
1653 1337 1897 1395 venitur
1944 1333 2027 1394 ad
2076 1344 2318 1395 metam
2366 1353 2491 1413 que
2530 1343 2624 1394 est
2674 1334 2795 1394 sub
2840 1334 3071 1394 arbore
3118 1333 3402 1392 horoztsa

713 1456 775 1503 et
823 1443 973 1504 inde
1035 1445 1310 1506 declinat
1371 1445 1454 1505 ad
1517 1445 1792 1506 eandem
1855 1449 2023 1507 viam
2084 1446 2169 1507 ad
2232 1459 2471 1507 metam
2533 1447 2653 1507 sub
2714 1446 2942 1506 arbore
3004 1445 3176 1506 tulsa.
3256 1445 3408 1505 Inde

712 1556 1112 1618 descendens
1157 1557 1329 1618 vadit
1376 1561 1438 1618 in
1487 1558 1755 1619 rivulum
1816 1563 1924 1639 qui
1974 1568 2236 1621 vocatur
2283 1559 2587 1640 Zumuga‚
2647 1560 2789 1638 quis
2846 1559 3081 1619 rivulus
3141 1557 3400 1618 descen—

711 1669 872 1730 dens
916 1673 1107 1731 intrat
1154 1671 1236 1731 ad
1282 1671 1522 1733 flumen
1569 1672 1975 1735 Grescenche
2034 1684 2097 1733 et
2144 1675 2207 1732 in
2253 1673 2389 1752 ripa
2434 1672 2720 1734 eiusdem
2767 1671 3043 1732 fluminis
3089 1682 3185 1731 est
3238 1681 3402 1731 meta

711 1793 932 1843 terrea.
981 1783 1140 1844 Item
1190 1803 1305 1864 per
1350 1784 1610 1846 fluvium
1659 1785 2027 1848 Grezenche
2080 1787 2253 1846 vadit
2316 1788 2601 1865 superius
2662 1785 2743 1846 ad
2806 1783 3207 1863 aquilonem;
3265 1783 3409 1842 inde

711 1899 846 1956 exit
891 1899 954 1956 in
1001 1897 1232 1970 vallem
1299 1918 1514 1960 versus
1573 1899 1977 1960 occidentem
2040 1899 2123 1960 ad
2194 1910 2433 1960 metam
2504 1911 2774 1959 terream
2836 1909 2899 1957 et
2960 1916 3074 1975 per
3138 1895 3407 1956 eandem

711 2009 940 2069 vallem
987 2012 1110 2071 itur
1155 2011 1238 2071 ad
1285 2012 1503 2072 silvam
1575 2031 1803 2086 unam;
1866 2012 2015 2073 inde
2080 2012 2367 2073 ascendit
2415 2012 2499 2072 ad
2562 2023 2870 2084 montem,
2915 2010 3022 2070 ubi
3084 2021 3179 2069 est
3245 2023 3411 2068 meta

711 2123 830 2182 sub
875 2124 1104 2184 arbore
1150 2125 1344 2184 hassa.
1398 2125 1554 2186 Inde
1600 2126 1933 2187 descendit
1979 2126 2061 2186 ad
2113 2125 2341 2186 vallem
2388 2125 2471 2186 ad
2520 2144 2821 2207 magnam
2882 2127 3048 2184 viam
3114 2142 3238 2201 que
3286 2123 3405 2183 dis-

710 2240 911 2297 cernit
960 2248 1190 2298 terram
1252 2239 1335 2299 de
1382 2238 1727 2300 Monozlov
1787 2251 1850 2300 et
1917 2240 2039 2300 hac
2098 2239 2375 2300 declinat
2436 2257 2653 2299 versus
2708 2238 3037 2298 meridiem
3084 2237 3168 2297 ad
3215 2251 3401 2315 caput

713 2349 883 2410 dicte
927 2350 1104 2410 vallis
1150 2352 1364 2431 ibique
1411 2362 1505 2412 est
1553 2361 1722 2412 meta
1768 2353 1886 2412 sub
1932 2352 2159 2413 arbore
2204 2350 2393 2412 bikfa.
2457 2351 2614 2412 Inde
2659 2350 2990 2411 descendit
3046 2353 3107 2410 in
3157 2349 3402 2412 vallem.

714 2462 1006 2523 dividens
1051 2475 1284 2524 terram
1332 2483 1480 2525 cum
1528 2466 1782 2544 populis
1827 2467 2011 2526 castri
2058 2467 2305 2525 venitur
2350 2463 2431 2524 ad
2480 2465 2726 2524 fontem
2774 2474 2835 2523 et
2883 2463 2966 2524 ad
3016 2473 3251 2524 metam
3290 2482 3413 2540 que

714 2587 809 2635 est
855 2576 973 2636 sub
1019 2576 1248 2636 arbore
1307 2578 1632 2638 curtuelsa.
1695 2577 1799 2639 Ex
1846 2578 1966 2638 hac
2011 2578 2299 2638 ascendit
2344 2596 2458 2656 per
2504 2577 2765 2637 arbores
2812 2579 3283 2658 crucesignatas
3328 2575 3409 2635 ad

715 2699 1006 2749 montem
1053 2699 1116 2748 et
1163 2690 1247 2749 ibi
1295 2701 1388 2750 est
1456 2703 1626 2751 meta
1691 2692 1811 2751 sub
1871 2691 2101 2751 arbore
2160 2690 2463 2750 horostfa.
2536 2689 2693 2749 Inde
2760 2689 3176 2770 progrediens
3236 2687 3407 2748 vadit

712 2800 795 2860 ad
845 2815 1081 2862 metam
1133 2813 1424 2878 terream,
1471 2824 1553 2864 ex
1601 2803 1721 2864 hac
1765 2804 1849 2864 ad
1896 2807 2065 2864 viam
2131 2822 2255 2882 que
2318 2802 2493 2864 ducit
2555 2802 2637 2863 ad
2698 2803 2995 2862 arborem
3059 2803 3237 2863 hassa
3297 2803 3413 2862 sub

713 2934 837 2993 qua
885 2927 980 2977 est
1029 2928 1217 2981 meta.
1267 2917 1424 2979 Inde
1470 2918 1748 2979 declinat
1794 2918 1876 2978 ad
1924 2919 2113 2979 aliam
2163 2920 2327 2977 viam
2374 2936 2589 2978 versus
2651 2918 2961 2978 orientem
3027 2915 3109 2976 ad
3175 2926 3410 2976 metam

712 3047 837 3107 que
898 3040 994 3089 est
1053 3031 1172 3090 sub
1234 3032 1460 3091 arbore
1522 3031 1820 3098 horostsa,
1867 3030 2158 3091 dividens
2216 3041 2447 3091 terram
2511 3048 2656 3091 cum
2722 3032 3023 3110 magistro
3070 3030 3413 3108 Tyburci0‚

712 3141 1043 3203 descendit
1091 3144 1154 3203 in
1203 3145 1432 3205 vallem
1480 3144 1564 3204 ad
1610 3145 1879 3205 rivulum
1930 3143 2312 3209 Grezenche,
2375 3147 2479 3222 qui
2544 3143 2747 3203 tendit
2793 3142 2878 3203 ad
2922 3143 3218 3203 arborem
3268 3142 3413 3201 che-

711 3254 977 3329 resnafa,
1022 3256 1142 3317 sub
1188 3276 1314 3335 qua
1361 3267 1454 3317 est
1504 3268 1676 3317 meta
1723 3268 1785 3317 et
1832 3257 1983 3318 inde
2029 3256 2111 3317 ad
2157 3256 2452 3316 arborem
2502 3256 2697 3337 gyofa
2742 3256 2863 3316 sub
2911 3274 3039 3334 qua
3094 3267 3190 3315 est
3224 3266 3413 3325 meta,

712 3368 862 3429 inde
907 3368 1077 3429 cadit
1139 3369 1220 3429 ad
1267 3372 1542 3449 priorem
1583 3384 1850 3443 metam,
1898 3370 2003 3430 ubi
2068 3370 2181 3429 fuit
2228 3372 2479 3447 incepta
2542 3370 2757 3448 ibique
2814 3371 3207 3430 terminatur.
3277 3367 3414 3427 Nos

712 3483 898 3563 igitur
945 3482 1008 3541 id
1059 3482 1235 3560 quod
1281 3485 1408 3543 iam
1455 3503 1566 3562 per
1612 3484 1856 3543 dictum
1907 3485 2279 3564 magistrum
2315 3480 2491 3544 Chae
2536 3482 2801 3559 provide
2848 3482 3085 3542 factum
3134 3492 3249 3555 est,
3295 3482 3408 3559 ipsi

709 3594 1038 3673 Tyburcio
1121 3596 1423 3655 duximus
1490 3608 1802 3674 perpetuo
1849 3595 2380 3656 confirmandum.
2444 3593 2527 3655 Ut
2598 3596 2784 3675 igitur
2850 3596 3157 3673 premissa
3218 3594 3411 3654 robur

712 3709 1042 3786 optineant
1089 3720 1398 3787 perpetue
1444 3707 1774 3780 firmitatiS,
1831 3720 2159 3787 presentes
2204 3707 2441 3767 litteras
2502 3706 2797 3767 dedimus
2856 3707 3172 3785 dupplicis
3230 3706 3407 3788 sigilli

713 3824 908 3881 nostri
955 3823 1308 3882 munimine
1355 3821 1703 3881 roboratas
1751 3820 1989 3882 Datum
2024 3841 2137 3900 per
2170 3838 2397 3880 manus
2429 3822 2708 3900 magistri
2740 3819 3079 3901 Smaragdi
3110 3818 3411 3881 Albensis

711 3936 1032 4013 prepositi,
1076 3935 1220 3995 aule
1283 3948 1496 3996 nostre
1563 3934 2075 4007 vicecancellarii,
2144 3933 2356 3995 dilecti
2404 3945 2467 3995 et
2514 3933 2717 3994 fidelis
2786 3936 3001 4007 nostri,
3062 3952 3234 3993 anno
3296 3932 3407 3993 do-

714 4047 864 4106 mini
934 4047 1270 4108 millesimo
1334 4048 1776 4108 ducentesimo
1853 4050 2385 4128 quinquagesimo
2453 4050 2747 4125 septimO,
2816 4049 3041 4125 quinto
3103 4044 3408 4106 kalendas

709 4160 937 4239 apriliS,
998 4162 1174 4241 regni
1219 4172 1434 4220 autem
1485 4163 1679 4220 nostri
1729 4162 2033 4221 vicesimo
2079 4160 2383 4221 secundO.

885 4355 973 4411 Po
1009 4354 1316 4429 prejepz'su
1363 4354 1613 4431 kaptola
1659 4353 2105 4427 ffazmanskoga
2151 4356 2231 4409 od
2266 4372 2333 4426 g.
2390 4354 2545 4411 1351.
2582 4355 2678 4410 28.
2723 4352 2949 4427 aprila,
2986 4356 3162 4427 pos'to
3200 4371 3290 4425 ga
3334 4370 3404 4407 za

710 4468 766 4515 τι)
811 4459 1066 4514 zamolio
1113 4458 1208 4514 bio
1265 4485 1287 4507 >
1303 4458 1630 4524 Johannes
1671 4459 1864 4533 filius
1910 4459 2166 4515 Nicolai
2234 4458 2475 4531 liga-ini
2537 4455 2760 4513 nobilis
2818 4458 2895 4513 de·
2967 4456 3372 4514 &ersa-nebu
3390 4502 3401 4513 .

711 4598 793 4603 —
827 4563 1124 4636 Original
1165 4584 1202 4621 u
1251 4562 1473 4621 arkivu
1513 4566 1780 4640 grofova
1829 4564 2081 4643 [ἱνᾶὀϊζν
2129 4582 2167 4618 u
2223 4563 2540 4635 Glogovcu.
2596 4596 2677 4602 ---
2741 4561 2880 4618 Cod.
2932 4562 3078 4638 dipl.
3126 4562 3393 4637 patria-r.

725 4666 855 4726 Vll.
911 4670 1066 4721 67-
1083 4670 1179 4723 69.
1231 4688 1324 4725 no.
1381 4670 1476 4725 53.
1513 4702 1595 4707 ——
1644 4667 2019 4740 Kukuljevt'c'
2061 4668 2205 4739 Reg.
2258 4665 2346 4723 br.
2406 4667 2537 4723 73²2.
