3797 5795
1522 423 1593 428 -—
1659 385 1772 448 131
1850 422 1913 428 —

530 578 675 658 Ego
723 577 993 638 Michael
1041 592 1261 639 sancte
1309 578 1508 639 Marie
1555 579 1811 637 maioris
1855 579 2121 639 clericus
2166 589 2228 639 et
2268 579 2459 659 Jadre
2500 584 2783 641 notarius
2814 584 3069 644 interfui

349 700 630 771 rogatus,
674 704 743 750 ut
788 690 999 750 audiui
1071 690 1236 751 hanc
1303 702 1545 751 cartam
1616 692 1852 769 scripsi,
1921 692 2215 753 roboraui
2264 704 2325 753 et
2373 696 2557 773 signo
2616 706 2928 755 consueto
2994 698 3071 755 si-

347 805 562 885 gnaui.

527 954 924 1028 (Alonogram
973 960 1128 1025 not.)

547 1146 845 1220 Original
897 1166 937 1201 u
990 1147 1252 1219 gabe-me.
1305 1146 1526 1205 arkiwe
1591 1167 1629 1203 n
1693 1148 1905 1203 Zadru
1970 1150 2137 1219 (odio
2200 1158 2557 1205 samostana
2603 1169 2691 1207 sru-
2736 1150 3065 1207 Krs‘ae‘varm

353 1251 616 1325 capsula
663 1252 874 1310 Xl'll.
925 1271 1076 1309 mas,
1123 1253 1194 1307 B.
1253 1272 1347 1307 no.
1409 1256 1487 1306 17.
1557 1284 1630 1294 -—
1699 1252 1804 1308 Λά
1867 1252 2049 1327 hrptu
2112 1272 2479 1309 surremena
2542 1254 2803 1328 biljcs‘ka
2824 1276 2843 1309 .·
2926 1256 3061 1312 »De-

353 1357 542 1412 2·e'tee·a
581 1357 788 1431 posita
837 1358 902 1412 in
951 1357 1326 1429 Peterscmew
1344 1398 1356 1409 .

1613 1691 1802 1770 640.

353 1898 549 1979 1259,
597 1898 702 1963 25.
744 1898 950 1979 juna.
996 1898 1056 1965 U
1100 1898 1406 1983 Anauni.

353 2106 798 2167 Aleksandar
843 2105 884 2166 l
899 2104 970 2167 V.
999 2114 1181 2190 papa
1221 2106 1447 2189 javlj‘a
1491 2106 2060 2169 malobrm‘am'nm
2094 2128 2138 2169 u
2172 2108 2433 2177 Zadru,
2470 2110 2557 2171 da
2589 2108 3059 2171 koluclrt'cama

705 2239 800 2280 sv.
851 2217 1108 2281 Nz'kole
1145 2218 1426 2301 podadu
1477 2218 1678 2281 deliri
1715 2218 2067 2281 sve'c‘em'ka
2114 2242 2189 2281 :a
2234 2220 2467 2283 slufibu
2517 2221 2726 2305 boffy'u.

525 2426 898 2488 Alexander
944 2430 1282 2507 episcopus
1328 2448 1542 2488 servus
1588 2447 1913 2488 servorum
1964 2429 2065 2489 dei
2114 2429 2360 2489 dilectis
2406 2429 2590 2490 filiis.
2641 2479 2652 2490 .
2702 2480 2713 2490 .
2768 2432 3055 2493 ministro

345 2554 458 2603 et.
512 2590 523 2600 .
575 2590 584 2599 .
651 2544 883 2601 vicario
946 2538 1283 2601 Sclavonie
1350 2560 1471 2601 ae.
1522 2589 1532 2599 .
1585 2590 1594 2599 .
1664 2541 2016 2621 guardiano
2079 2541 2317 2602 ordinis
2380 2542 2701 2604 Minorum
2772 2544 3049 2605 ladrensi

347 2655 621 2714 salutern
670 2668 730 2714 et
765 2654 1180 2733 apostolicam
1231 2653 1765 2714 benedictionem.
1813 2652 1981 2732 Quia
2014 2674 2319 2733 personas
2351 2657 2672 2739 religiosas
2704 2678 2782 2717 eo
2831 2661 3051 2719 maiori

347 2770 647 2846 prosequi
697 2768 913 2827 favore
960 2767 1288 2836 debemus,
1351 2786 1481 2845 quo
1546 2765 1854 2827 devotiori
1918 2768 2169 2845 placere
2230 2768 2491 2829 student
2538 2769 2805 2830 domino
2852 2771 3053 2831 famu-

350 2881 501 2956 latu,
551 2882 820 2942 libenter
865 2881 968 2942 illa
1015 2881 1131 2940 sibi
1177 2892 1440 2960 paterna
1489 2879 1911 2941 sollicitudine
1967 2901 2397 2960 procuramus,
2444 2902 2556 2960 per
2603 2903 2727 2962 que
2775 2885 3049 2962 ipsarum

347 2994 569 3076 religio
602 2994 919 3056 laudabile
950 2997 1267 3073 suscipere
1301 2993 1522 3061 valeat,
1573 3005 1834 3054 auctore
1883 2994 2151 3054 domino
2200 2997 2660 3056 incrementum
2712 3007 2773 3056 et
2823 2996 3049 3057 eedem

343 3111 705 3169 animarum
753 3108 1042 3182 salutem,
1086 3125 1204 3187 pro
1251 3127 1376 3186 qua
1427 3107 1646 3167 mundi
1680 3109 2030 3166 vanitatem
2064 3110 2317 3185 penitus
2350 3107 2753 3186 reliquerunt,
2800 3109 3053 3170 liberius

341 3233 839 3302 consequantur.
889 3221 1058 3282 Hinc
1105 3234 1216 3294 est,
1263 3221 1438 3299 quod
1487 3239 1654 3287 cum,
1699 3222 1859 3280 sicut
1907 3220 2137 3280 dilecte
2184 3222 2243 3279 in
2296 3219 2546 3282 Christo
2593 3220 2761 3280 filie.
2815 3270 2825 3280 .
2878 3271 2887 3281 .
2941 3223 3052 3282 ab-

343 3337 582 3396 batissa
651 3347 712 3395 et
783 3345 1137 3395 conventus
1207 3333 1578 3394 monialium
1649 3331 2029 3392 inclusarum
2108 3336 2473 3392 monasterii
2540 3337 2736 3394 sancti
2804 3335 3048 3396 Nicolai

348 3449 658 3510 [adrensis
705 3447 942 3509 ordinis
987 3449 1188 3507 sancti
1235 3446 1551 3518 Damiani,
1595 3445 1680 3506 ad
1727 3464 2061 3505 romanam
2120 3447 2449 3506 ecclesiam
2501 3446 2674 3507 nullo
2724 3449 3046 3508 mediante

347 3565 740 3642 pertinentis,
808 3572 1145 3639 exponunt
1212 3578 1358 3620 cum
1431 3561 1798 3632 reverentia,
1866 3559 2044 3634 quod
2114 3559 2431 3637 aliquibus
2500 3561 2793 3620 fratribus
2864 3565 3047 3622 vestri

338 3675 585 3735 ordinis
634 3673 974 3755 indigeant,
1023 3675 1130 3752 qui
1175 3675 1264 3733 eis
1311 3672 1524 3732 divina
1585 3671 1794 3732 officia
1857 3673 2185 3733 celebrent
2244 3683 2307 3732 et
2363 3673 2710 3734 exhibeant
2757 3675 3049 3735 ecclesia-

337 3791 497 3848 stica
545 3798 961 3855 sacramenta,
1007 3787 1365 3847 discretioni
1419 3797 1622 3845 vestre
1667 3805 1780 3864 per
1825 3786 2175 3864 apostolica
2238 3789 2467 3864 scripta
2518 3789 2579 3846 in
2626 3788 2852 3848 virtute
2898 3788 3048 3848 obe-

339 3901 580 3961 dientie
628 3901 907 3961 districte
953 3899 1366 3979 precipiendo
1415 3898 1814 3966 mandamus,
1876 3909 2191 3973 quatenus
2254 3899 2552 3976 predictis
2618 3899 2937 3960 abbatisse
2984 3912 3044 3961 et

339 4017 685 4074 conventui
735 4025 1009 4092 quatuor
1055 4013 1136 4072 de
1183 4012 1476 4072 fratribus
1523 4014 1704 4071 vestri
1756 4012 1996 4071 ordinis
2027 4011 2326 4090 providos
2372 4023 2433 4072 et
2482 4013 2787 4072 discretos
2836 4024 3039 4073 vestre

337 4129 905 4188 administrationis
950 4145 1068 4204 pro
1115 4125 1512 4186 celebrandis
1551 4125 1777 4184 divinis
1810 4124 2034 4184 officiis
2065 4136 2128 4185 et
2161 4125 2560 4186 exihibendis
2606 4127 3046 4187 ecclesiasticis

337 4242 754 4300 sacramentis
799 4240 1044 4318 absque
1089 4237 1460 4300 difficultate
1507 4237 1786 4318 qualibet
1835 4238 2206 4298 concedatis
2238 4240 2297 4298 in
2334 4240 2607 4317 ipsarum
2658 4243 3044 4300 monasterio

341 4372 810 4432 permansuros,
870 4371 1002 4413 non
1065 4353 1363 4412 obstante
1424 4352 1880 4412 constitutione
1946 4354 2128 4411 vestri
2194 4351 2431 4412 ordinis
2476 4363 2584 4412 aut
2630 4351 2837 4432 aliqua
2879 4353 3046 4413 sedis

338 4466 691 4546 apostolice
737 4466 1129 4546 indulgentia
1175 4476 1292 4525 ete.
1341 4463 1536 4543 Quod
1585 4466 1632 4524 si
1682 4483 1810 4524 non
1860 4483 2088 4524 omnes
2134 4465 2250 4524 hiis
2296 4463 2694 4542 exequendis
2740 4467 3041 4524 interesse

333 4581 608 4660 possitiS‚
653 4579 877 4661 singuli
924 4581 1112 4638 vestri
1145 4589 1264 4638 etc,
1295 4577 1534 4639 Datum
1575 4575 1871 4658 Anagnie
1907 4577 2047 4638 VII.
2096 4575 2401 4636 kalendas
2449 4577 2591 4648 iulii,
2637 4577 3043 4655 pontificatus

335 4696 534 4753 nostri
583 4711 754 4752 anno
800 4694 1044 4772 quinto.

521 4913 784 4971 Theiner
829 4913 996 4970 Mon.
1051 4911 1217 4968 Slaz'.
1269 4911 1425 4966 Mer.
1479 4911 1525 4967 l.
1571 4909 1660 4966 όν.
1717 4916 1827 4964 IIS.
1893 4917 1999 4964 str.
2055 4911 2147 4966 87.
2198 4909 2263 4964 l:
2310 4929 2431 4980 reg.
2490 4928 2591 4964 an.
2654 4909 2715 4965 Γ.
2766 4919 2853 4983 cp.
2908 4911 3039 4965 261.

315 5019 446 5095 fol.
501 5021 640 5072 234.
693 5051 774 5058 -—
837 5015 1082 5072 Wenzcl
1129 5012 1273 5072 (od.
1341 5015 1574 5090 Arpad.
1646 5015 1787 5070 Xll.
1844 5019 1977 5072 διώ,
2032 5045 2098 5052 —--
2160 5011 2442 5068 Potthast
2488 5013 2636 5082 Reg.
2674 5014 2903 5090 pontf'f.
2955 5012 3037 5068 Il.

333 5122 423 5177 br.
483 5124 713 5178 17.6:?8.

2921 5263 2955 5298 *
