3797 5795
1891 642 2084 721 763.

628 788 832 865 1263,
879 786 1069 870 prije
1123 789 1222 853 13.
1273 786 1608 854 oktobra·

627 978 802 1041 Bela
862 977 1053 1061 kralj
1108 976 1402 1063 ugarskz‘
1441 976 1475 1040 i
1512 978 1831 1042 krvatski
1883 980 2135 1063 daruje
2194 977 2605 1057 Domim'ku,
2652 978 3041 1063 peltarm'k’u
3104 978 3335 1063 kragja

630 1088 961 1175 Stykpana
993 1089 1334 1176 mladjega
1363 1091 1635 1175 posjede
1673 1090 2017 1177 pokojnog
2046 1090 2297 1178 [polita
2349 1090 2500 1175 koji
2517 1092 2602 1176 je
2648 1112 2843 1155 umro
2890 1092 2994 1154 bez
3040 1091 3247 1175 djece,
3297 1114 3341 1153 a

1405 1204 1654 1288 daruje
1699 1225 1814 1266 mu
1864 1203 1897 1265 ι’
1933 1204 2178 1288 possed
2229 1205 2294 1266 T
2285 1205 2549 1267 ulman.

804 1394 955 1455 Bela
987 1395 1088 1456 dei
1121 1396 1332 1475 gracia
1385 1394 1727 1477 Hungarie,
1774 1396 2125 1469 Dalmacie,
2172 1394 2457 1471 Croacie,
2504 1396 2725 1470 Rame,
2772 1394 3009 1471 Seruie,
3056 1394 3342 1469 Gallicie,

631 1506 1036 1580 Lodomerie,
1099 1505 1542 1586 Cumanieque
1587 1528 1702 1570 rex
1748 1511 2054 1571 vniuersis
2101 1506 2331 1573 Christi
2376 1507 2671 1569 fidelibus
2729 1519 3057 1588 presentes
3100 1509 3343 1569 litteras

631 1621 1002 1699 inspecturis
1047 1620 1316 1681 salutem
1366 1623 1430 1681 in
1475 1641 1554 1683 eo
1602 1624 1710 1701 qui
1755 1622 2011 1704 regibus
2071 1623 2181 1683 dat
2242 1622 2531 1683 salutem.
2578 1620 2687 1683 Ad
2740 1624 3179 1682 vniuersorum
3226 1640 3343 1681 no-

631 1735 845 1793 ticiam
893 1746 1128 1794 ‘tenore
1192 1735 1592 1813 presencium
1642 1734 1941 1795 uolumus
2002 1737 2349 1814 peruenire,
2396 1733 2574 1813 quod
2620 1753 2766 1794 cum
2818 1753 2931 1795 rex
2976 1732 3346 1813 Stephanus

631 1843 996 1907 karissimus
1041 1847 1204 1909 filius
1251 1859 1466 1908 noster
1513 1858 1666 1908 nato
1711 1848 1827 1908 sibi
1875 1849 2323 1929 primogenitO,
2370 1848 2534 1908 duce
2580 1846 2878 1907 uidelicet
2904 1846 3227 1919 Ladizlao,
3258 1846 3347 1907 ad

631 1960 1152 2020 annunciandum
1214 1960 1516 2041 gaudium
1583 1960 1962 2021 destinasset
2008 1960 2093 2021 ad
2140 1979 2261 2021 nos
2306 1959 2719 2021 Dominicum
2769 1961 3143 2041 magistrum
3206 1962 3350 2039 pin-

634 2089 969 2132 cernarum
1041 2091 1302 2133 suorum
1365 2075 1668 2133 comitem
1734 2074 1817 2133 de
1878 2074 2159 2148 Zemlen,
2222 2073 2525 2133 dilectum
2589 2084 2653 2133 et
2714 2072 2969 2134 fidelem
3031 2083 3346 2133 nostrum.

634 2184 771 2245 Nos
831 2183 1091 2263 profuso
1147 2185 1382 2267 gaudio
1428 2185 1793 2248 exultantes
1839 2186 2202 2247 huiusmodi
2252 2206 2337 2246 ex
2398 2185 2611 2246 officio
2674 2188 2948 2265 suscepti
3018 2186 3345 2267 regiminis

632 2305 927 2358 tenemur
971 2300 1545 2359 annunciacionem
1591 2298 1804 2380 gaudii
1851 2299 2133 2360 iamdicti
2204 2318 2438 2381 magna
2482 2310 2545 2359 et
2592 2300 3085 2378 supereminenti
3134 2317 3346 2359 remu-

639 2413 976 2471 neracione
1023 2431 1107 2471 ex
1154 2411 1420 2472 ilaritate
1458 2423 1523 2473 et
1555 2412 1930 2473 liberalitate
1977 2416 2148 2495 regie
2194 2414 2542 2473 maiestatis
2586 2411 2891 2486 refouere,
2936 2410 3353 2471 consideratis

639 2520 1049 2584 fidelitatibus
1094 2537 1156 2583 et
1205 2526 1538 2585 meritoriis
1584 2526 1909 2605 obsequiis
1956 2526 2246 2587 eiusdem
2294 2527 2574 2607 magistri
2621 2524 2945 2586 Dominici
2989 2543 3116 2603 que
3165 2523 3353 2583 nobis

610 2644 702 2727 ‘et
751 2634 833 2695 de
882 2648 1103 2697 nostro
1165 2637 1569 2717 beneplacito
1630 2642 1758 2720 regi
1823 2638 2156 2717 Stephano
2198 2637 2553 2699 karissimo
2598 2637 2726 2698 filio
2773 2648 2993 2698 nostro
3038 2638 3103 2696 in
3148 2654 3351 2718 regno

641 2757 707 2809 et
754 2750 816 2808 in
865 2749 1128 2810 diuersis
1191 2752 1722 2829 expedicionibus
1783 2753 2016 2812 nostris
2084 2751 2355 2812 fideliter
2400 2762 2463 2811 et
2508 2750 2909 2811 laudabiliter
2954 2747 3193 2809 studuit
3237 2766 3353 2809 ex-

641 2858 875 2923 hibere.
909 2862 1220 2924 Volentes
1267 2864 1476 2926 eidem
1524 2865 1845 2947 condigna
1893 2867 2521 2944 recompensacione,
2551 2875 2691 2925 tum
2736 2874 2997 2943 propter
3041 2864 3349 2924 annunci-

637 2975 935 3036 acionem
995 2976 1206 3058 gaudii
1253 2981 1528 3056 pretaxti
1547 2977 1612 3060 (1)
1658 2979 1743 3040 de
1788 2999 1918 3059 qua
1962 2978 2309 3058 plurimum
2355 2977 2607 3051 fuimus,
2652 2987 2720 3037 ut
2752 2975 2981 3048 decuit,
3028 2975 3344 3057 gratulati,

640 3095 778 3146 tum
827 3091 1029 3149 eciam
1076 3101 1340 3169 propter
1400 3091 1785 3172 obsequiosa
1847 3093 2070 3152 merita
2128 3092 2339 3170 ipsiuS,
2384 3111 2469 3151 ex
2514 3090 2791 3172 benigna
2836 3088 3213 3149 liberalitate
3258 3107 3357 3146 re-

639 3201 979 3276 spondere,
1025 3212 1230 3263 totam
1277 3207 1744 3282 possessionem
1819 3203 2023 3282 Ipoliti
2097 3205 2347 3282 nepotis
2408 3202 2643 3264 Mohor
2688 3203 2823 3263 sine
2869 3200 3103 3262 herede
3166 3201 3353 3260 dece-

641 3311 854 3374 dentis
884 3316 965 3374 ad
999 3334 1227 3376 manus
1273 3317 1475 3396 regias
1521 3317 1892 3377 deuolutam
1927 3335 2073 3378 cum
2108 3317 2407 3376 omnibus
2453 3315 2823 3377 vtilitatibus
2852 3325 2917 3374 et
2947 3314 3355 3394 pertinenciis

641 3427 770 3486 suis
818 3428 1147 3507 sepedicto
1213 3431 1515 3509 magistro
1577 3429 1923 3490 Dominico
1970 3440 2034 3489 et
2080 3448 2193 3507 per
2240 3447 2386 3489 eum
2451 3431 2577 3489 suis
2632 3427 2971 3488 heredibus
3016 3447 3101 3488 ex
3149 3428 3323 3486 muni

642 3536 908 3601 ficencia
967 3544 1138 3622 regia
1202 3543 1601 3616 donauimuS,
1662 3544 2067 3616 contulimuS,
2112 3541 2407 3603 dedimus
2453 3552 2517 3602 et
2570 3540 2948 3601 tradidimus
2994 3542 3055 3600 in
3102 3559 3356 3619 posses-

641 3651 890 3713 sionem
939 3666 1314 3733 perpetuam
1361 3665 1424 3716 et
1471 3658 1927 3734 proprietatem
1996 3655 2321 3728 illibatam,
2388 3655 2473 3714 ad
2516 3654 2793 3714 eandem
2843 3671 3102 3732 quoque
3146 3661 3353 3713 totam

641 3769 1115 3840 possessionem
1182 3767 1388 3847 Ipoliti
1450 3771 1786 3829 memorati
1850 3787 1976 3846 que
2036 3768 2122 3829 ad
2185 3787 2411 3828 manus
2474 3778 2723 3828 nostras
2787 3767 2988 3826 fuerat
3048 3765 3357 3826 deuoluta

645 3883 1020 3960 magistrum
1084 3880 1499 3942 Dominicum
1560 3882 1953 3942 antedictum
2018 3901 2133 3960 per
2193 3880 2529 3942 Ehelleum
2575 3881 2656 3939 de
2702 3877 2963 3940 Gumba
3026 3878 3356 3938 hominem
3428 3917 3431 3920 -

643 4003 955 4063 nostrum,
1003 3994 1323 4055 mediante
1385 3997 1751 4055 testimonio
1797 3995 2051 4073 capituli
2102 3993 2801 4073 Quinqueecclesiensis
2849 3993 3115 4052 fecimus
3160 3993 3357 4050 intro-

639 4101 808 4165 duci.
857 4104 1031 4166 Mete
1097 4119 1330 4178 autem,
1375 4119 1563 4186 prout
1613 4109 1676 4167 in
1725 4108 1941 4168 litteris
2008 4094 2295 4167 eiusdem
2362 4105 2617 4184 capituli
2688 4104 2964 4166 uidimus
3031 4105 3345 4164 contineri

641 4214 894 4280 illarum
941 4230 1269 4293 terrarum,
1316 4220 1440 4281 hoc
1485 4220 1707 4280 ordine
1754 4220 2209 4301 distinguntur:
2262 4221 2469 4281 Prima
2517 4229 2687 4279 meta
2720 4219 2939 4296 incipit
2981 4218 3064 4276 ab
3111 4218 3359 4276 oriente

640 4327 730 4389 de
792 4333 1021 4392 arbore
1082 4332 1332 4394 fraxino
1393 4353 1519 4413 que
1579 4333 1893 4415 wlgariter
1957 4332 2189 4393 keurus
2250 4343 2653 4410 nuncupatur
2706 4348 2894 4392 cruce
2956 4330 3202 4410 signata
3249 4329 3357 4389 ubi

641 4447 1023 4532 terminatur
1068 4456 1230 4506 terra
1281 4445 1538 4520 Ponith;
1585 4446 1734 4506 inde
1781 4446 2100 4526 egreditur
2130 4465 2243 4524 per
2278 4443 2539 4518 Wlkou,
2584 4444 2761 4504 uadit
2794 4447 2856 4505 in
2892 4442 3359 4525 longitudinem

642 4557 936 4618 tenendo
983 4569 1222 4618 metam
1271 4578 1416 4619 cum
1465 4558 1607 4619 villa
1657 4558 1963 4633 Herman,
1995 4559 2229 4620 deinde
2260 4559 2437 4619 uadit
2466 4558 2551 4618 ad
2582 4556 2878 4619 Asuantv
2912 4569 2975 4617 et
3005 4556 3091 4617 ibi
3138 4557 3363 4634 incipit

644 4674 867 4731 tenere
929 4683 1168 4732 metam
1230 4691 1378 4733 cum
1427 4670 1760 4734 Crucifei·is
1805 4672 1887 4733 de
1935 4671 2157 4733 Dubza
2204 4682 2267 4732 et
2314 4691 2429 4750 per
2474 4671 2750 4732 eundem
2801 4669 3063 4732 fluuium
3114 4667 3363 4730 Wlkou

648 4782 830 4842 uadit
889 4803 1109 4844 uersus
1171 4787 1500 4857 orientem,
1560 4795 1786 4864 postea
1833 4789 2056 4846 exiens
2103 4786 2184 4845 de
2234 4783 2493 4857 Wlkou,
2540 4785 2714 4845 uadit
2762 4783 2845 4844 ad
2893 4783 3215 4860 quandam
3264 4803 3363 4842 ar-

649 4889 876 4956 borem
943 4897 1096 4958 ilicis
1157 4917 1342 4958 cruce
1403 4900 1715 4979 signatam
1779 4899 1863 4957 ab
1925 4901 2209 4976 antiqu0,
2255 4898 2405 4958 inde
2452 4899 2628 4958 uadit
2673 4897 2757 4957 ad
2804 4897 2993 4958 aliam
3062 4897 3361 4956 arborem

653 5005 806 5068 ilicis
852 5028 1037 5070 cruce
1083 5013 1416 5092 signatam,
1463 5011 1610 5070 inde
1657 5011 1976 5092 egreditur
2008 5021 2069 5071 et
2104 5010 2279 5071 uadit
2312 5031 2424 5089 per
2457 5029 2651 5088 parua
2698 5028 2961 5069 nemora
2996 5010 3077 5070 ad
3110 5019 3361 5088 partem
