3797 5795
1588 361 1944 424 -453—

1637 651 1826 732 918.

372 782 575 846 1267.

372 972 546 1034 Bela
592 971 782 1056 kragj
822 971 1113 1056 ugarskz'
1137 969 1171 1032 i
1194 971 1510 1034 hrvatskz'
1549 970 1795 1034 dariva
1845 979 2098 1036 mes‘tru
2161 973 2221 1034 T
2213 971 2356 1034 omi
2382 972 2414 1035 ι’
2439 973 2634 1036 brata
2685 995 2798 1035 mu
2850 975 3072 1038 [vanu

1220 1083 1463 1167 zemlju
1520 1085 1774 1149 Komor
1820 1106 1864 1146 u
1915 1085 2241 1170 Zagory'u.

544 1275 825 1338 Demum
887 1278 1168 1356 prefatus
1230 1277 1611 1338 Benedictus
1670 1275 1833 1338 filius
1896 1277 2066 1337 Pauli
2133 1278 2370 1338 litteras
2430 1278 2584 1339 olim
2631 1278 2874 1339 domini
2925 1280 3073 1341 Bele

362 1390 529 1469 regis
590 1393 795 1468 quarti
856 1390 1275 1471 priuilegialcs
1335 1391 1615 1470 dupplici
1678 1391 1881 1471 sigillo
1929 1410 2046 1450 suo
2095 1390 2372 1464 vallatas,
2419 1410 2590 1451 anno
2636 1391 2880 1452 domini
2935 1393 3068 1454 mil-

368 1501 593 1564 lesimo
668 1503 1107 1564 ducentesimo
1183 1505 1586 1584 sexagesimo
1662 1506 1957 1582 septimO,
2033 1506 2206 1584 regni
2284 1515 2500 1564 autem
2577 1506 2668 1574 sui
2747 1507 3068 1566 tricesimo

367 1616 581 1694 primo
664 1627 1009 1690 emanatas
1103 1635 1319 1677 coram
1390 1618 1633 1677 eisdem
1704 1628 1852 1677 octo
1921 1617 2140 1694 probis
2205 1629 2266 1678 et
2354 1617 2673 1678 nobilibus
2743 1620 2885 1678 viris
2953 1639 3064 1680 ex-

365 1728 687 1802 hibuisset,
734 1730 1145 1803 declaranteS,
1192 1730 1366 1808 quod
1428 1729 1709 1808 prefatus
1768 1730 2070 1790 dominus
2135 1731 2282 1791 Bela
2344 1749 2476 1802 rex,
2521 1730 2934 1792 considerans
2979 1732 3070 1792 di-

362 1840 601 1902 lectum
632 1853 695 1902 et
726 1841 983 1903 fidelem
1030 1861 1215 1903 suum
1265 1846 1636 1924 magistrum
1684 1843 2008 1904 'l‘homam
2041 1844 2182 1904 aule
2215 1861 2326 1903 sue
2360 1844 2674 1903 notarium
2725 1845 3066 1922 specialem

362 1965 427 2012 et
492 1953 851 2033 Johannem
919 1955 1176 2016 fratrem
1244 1955 1529 2016 eiusdem
1602 1957 1660 2016 in
1734 1955 1934 2015 domo
2004 1975 2115 2016 sua
2184 1955 2490 2016 educatos
2536 1968 2596 2016 et
2645 1976 2682 2016 a
2728 1960 3070 2018 iuuentutis

360 2069 644 2144 ipsorum
705 2068 1066 2146 primordiis
1127 2069 1565 2147 locupletatOS,
1628 2069 1960 2128 virtutibus
2018 2082 2080 2127 et
2144 2067 2435 2129 fidelibus
2499 2069 2752 2142 meritiS,
2801 2089 2930 2130 non
2979 2072 3067 2130 in-

362 2181 589 2240 merito
635 2184 916 2260 ipsorum
965 2183 1139 2242 iustis
1184 2183 1509 2243 desideriis
1541 2193 1602 2242 et
1638 2183 2060 2260 peticionibus
2093 2181 2312 2242 volens
2357 2182 2646 2242 fauorem
2693 2183 3064 2243 beniuolum

360 2294 683 2372 impertiri.
718 2292 877 2356 Cum
930 2298 1143 2374 itaque
1189 2295 1379 2356 iidem
1430 2297 1730 2376 magister
1760 2293 2048 2354 Thomas
2079 2307 2141 2354 et
2166 2293 2492 2373 Johannes
2538 2295 2728 2354 frater
2777 2296 3066 2356 eiusdem

362 2406 689 2483 quandam
750 2419 983 2468 terram
1046 2410 1229 2469 castri
1290 2411 1382 2469 sui
1452 2408 1922 2469 NVarosdiensis
1989 2408 2240 2468 Komor
2308 2421 2602 2468 vocatam
2670 2410 2730 2468 in
2802 2409 3066 2490 Zagoria

358 2521 761 2592 existentem,
808 2524 993 2581 certis
1038 2523 1223 2582 metis
1268 2521 1353 2581 ab
1399 2523 1698 2581 omnibus
1744 2522 1877 2581 aliis
1924 2523 2102 2580 terris
2149 2521 2436 2581 eiusdem
2483 2524 2666 2581 castri
2702 2532 3062 2600 separatam

358 2642 423 2692 et
471 2631 851 2706 distinctam,
898 2634 980 2694 ab
1040 2637 1180 2712 ipso
1242 2634 1509 2694 domino
1574 2633 1723 2694 Bela
1786 2653 1934 2715 rege
1996 2635 2112 2694 sibi
2175 2633 2306 2693 dari
2364 2636 2755 2712 petiuissent,
2801 2638 3064 2714 ipseque

351 2745 657 2805 dominus
722 2745 872 2807 Bela
934 2767 1051 2808 rex
1110 2747 1450 2808 attendens
1510 2747 1775 2807 eosdem
1824 2751 1883 2806 in
1935 2766 2156 2807 eorum
2221 2749 2396 2808 iustis
2457 2747 2781 2808 desideriis
2845 2749 3062 2809 fauore

353 2860 520 2939 regis
580 2860 1080 2941 prosequendOS,
1127 2860 1360 2921 dilecto
1408 2873 1471 2921 et
1518 2860 1687 2922 fideli
1750 2879 1865 2921 suo
1931 2862 2234 2941 magistro
2291 2858 2564 2939 Johanni
2628 2862 2842 2921 comiti
2918 2861 3068 2922 Wa-

358 2972 663 3034 rosdiensi
712 2974 991 3035 dedisset
1036 2976 1098 3034 in
1146 2978 1479 3053 preceptis,
1514 2986 1575 3034 vt
1626 2976 1758 3053 ipse
1806 2974 2043 3033 dictam
2093 2986 2326 3034 terram
2374 2976 2712 3051 inspiceret
2761 2987 2824 3035 et
2873 2976 3069 3053 ipsius

350 3086 727 3164 qualitatem
768 3098 829 3147 et
862 3090 1285 3163 quantitatem
1319 3088 1433 3147 sibi
1468 3086 1637 3147 fideli
1686 3088 2119 3147 insinuacione
2165 3087 2532 3147 declararet.
2579 3086 2877 3148 Tandem
2925 3090 3063 3166 ipse

355 3198 505 3259 Bela
551 3219 667 3259 rex
709 3220 823 3278 per
870 3202 1077 3278 ipsum
1141 3203 1513 3281 magistrum
1573 3198 1932 3279 Johannem
1999 3218 2189 3279 super
2248 3203 2602 3278 quantitate
2650 3211 2712 3259 et
2761 3200 3066 3278 qualitate

352 3311 525 3372 dicte
585 3321 749 3372 terre
811 3312 1030 3373 suisset
1092 3312 1483 3385 informatus
1530 3312 1706 3392 quod
1770 3315 1904 3391 ipsa
1967 3324 2132 3373 terra
2192 3314 2269 3373 sit
2332 3312 2652 3373 sufficiens
2697 3312 3062 3392 quindecim

354 3426 577 3485 aratris
622 3438 687 3485 et
732 3425 909 3505 quod
956 3428 1156 3500 vince,
1202 3427 1357 3486 silue
1404 3440 1467 3485 et
1513 3439 1765 3504 pratum
1814 3428 1939 3485 sint
1987 3429 2047 3485 in
2097 3408 2360 3499 eadem;
2425 3426 2657 3505 quibus
2703 3429 2792 3487 sic
2840 3426 3067 3486 habitis

356 3540 743 3616 peticionem
790 3540 983 3618 ipsius
1030 3540 1307 3621 magistri
1355 3538 1609 3600 Thome
1634 3548 1697 3598 et
1722 3537 2031 3619 Johannis
2079 3539 2282 3599 fratris
2328 3539 2614 3599 eiusdem
2663 3541 2895 3599 iustam
2930 3538 3066 3599 sore

359 3670 734 3731 agnoscenS,
781 3652 1018 3713 dictam
1067 3664 1299 3713 terram
1347 3671 1542 3732 quam
1590 3654 1931 3730 pecierant,
1977 3672 2060 3711 ex
2094 3662 2264 3711 certa
2296 3672 2408 3712 sua
2441 3655 2711 3713 sciencia
2759 3654 2840 3711 ab
2888 3656 3062 3712 omni

354 3782 554 3824 onere
599 3774 661 3825 et
709 3765 1149 3826 iurisdiccione
1218 3767 1468 3825 comitis
1514 3784 1631 3843 pro
1680 3777 1974 3843 tempore
2021 3768 2345 3825 constituti
2395 3777 2788 3843 exemptam,
2836 3766 2952 3825 sibi
3000 3776 3063 3825 et

358 3876 653 3939 fratribus
697 3882 840 3953 suiS,
880 3879 1156 3958 Johanni
1202 3878 1454 3951 scilicet,
1502 3876 1870 3952 CristoforO,
1921 3878 2117 3939 Paulo
2165 3890 2227 3939 et
2274 3878 2624 3956 StephanO,
2656 3897 2731 3939 ac
2780 3879 3060 3957 ipsorum

354 3990 711 4062 heredibus,
757 3993 875 4052 sub
922 3992 1165 4053 eisdem
1213 3993 1397 4052 metis
1442 3994 1718 4071 antiquis
1764 4004 1827 4053 et
1872 3993 2172 4063 terminis
2206 3992 2436 4070 quibus
2484 3992 2726 4052 dictum
2775 4003 3054 4051 castrum

357 4106 661 4165 tenuisset
721 4116 783 4165 et
844 4105 1250 4184 possedisset,
1293 4104 1590 4179 dedisset,
1636 4105 2007 4166 contulisset
2069 4115 2381 4183 perpetuo
2443 4115 2506 4164 et
2567 4102 3062 4164 irreuocabiliter

354 4217 831 4294 possidendam,
876 4219 959 4279 ad
1006 4222 1327 4299 ipsiusque
1387 4230 1551 4279 terre
1613 4220 2082 4297 possessionem
2153 4217 2552 4295 corporalem
2601 4218 2883 4295 prefatos
2931 4234 3062 4277 ma-

350 4330 620 4409 gistrum
664 4328 989 4390 Thomam
1036 4342 1099 4391 et
1141 4331 1362 4392 fratres
1392 4352 1541 4392 suos
1572 4350 1685 4411 per
1709 4332 2072 4411 Johannem
2121 4332 2493 4412 magistrum
2539 4330 3058 4391 thauernicorum

356 4441 508 4501 Bele
539 4442 718 4503 ducis
749 4445 953 4504 tocius
984 4443 1322 4506 Sclauonie
1368 4447 1665 4505 carissimi
1710 4444 1815 4505 filii
1850 4445 2047 4504 nostri
2081 4456 2144 4503 et
2176 4446 2479 4503 comitem
2533 4442 3058 4503 Warosdiensem

354 4554 608 4614 fecisset
656 4556 989 4617 introduci.

530 4666 751 4745 (Dalje
795 4672 1009 4746 slijedi
1051 4671 1269 4729 listina
1314 4672 1731 4747 chlzingera
1778 4674 1863 4729 od
1892 4674 2036 4746 god.
2087 4674 2278 4737 1431.)

528 4862 593 4919 [ε
637 4862 909 4921 sudbene
976 4865 1186 4921 listine
1258 4864 1555 4940 Stjepana
1612 4862 2025 4936 chlu'ngera
2089 4866 2165 4919 de
2228 4862 2506 4933 Bathyne
2559 4862 2644 4919 od
2681 4862 2816 4935 god.
2867 4862 3056 4927 1431„

346 4967 659 5024 sadriane
692 4988 731 5025 u
762 4968 967 5025 listina·
1008 4969 1232 5045 Matije
1262 4969 1535 5027 Palocha
1568 4970 1651 5025 od
1676 4970 1789 5025 iste
1812 4968 2062 5041 godine,
2098 4988 2137 5025 u
2169 4968 2373 5024 liste'ni
2410 4967 2615 5041 kralja
2651 4966 3056 5039 Sigismunda

344 5072 439 5129 od
468 5073 611 5147 god.
662 5076 832 5130 1435.
881 5076 977 5129 24.
1009 5076 1197 5149 juna.
1252 5107 1328 5115 —
1380 5073 1603 5149 Kopija
1650 5092 1756 5129 ove
1792 5076 2038 5149 potonje·
2100 5074 2184 5129 od
2236 5072 2374 5146 god.
2426 5074 2594 5126 1802.
2644 5070 3056 5146 ovjerovljena
