3797 5795
1567 390 1976 455 —149—

415 596 598 663 patre
626 603 746 643 suo
771 583 1056 645 ablatum
1092 564 1388 644 indebite·
1406 584 1728 645 asserebat
1759 594 1822 644 et
1854 585 1972 643 sibi
2006 584 2329 645 mediante
2376 570 2590 643 nostra
2631 585 2841 665 gracia
2887 584 3122 644 restitui

415 696 798 775 postulabat.
848 696 1096 759 Verum
1160 700 1306 776 quia
1352 697 1629 760 donacio
1675 696 1850 757 dicto
1911 679 2127 759 comiti
2178 696 2469 757 Michaeli
2542 696 2709 756 sacta
2755 698 2894 757 sine
2936 714 3125 757 causa

411 810 782 871 racionabili
827 819 982 871 tunc
1029 830 1142 890 per
1188 810 1524 872 dominum
1585 829 1803 892 regem
1851 830 1981 871 non
2032 811 2145 871 fuit
2192 796 2509 885 reuocata,
2555 830 2674 871 nos
2718 810 3125 871 attendentes

413 922 676 983 seruicia
722 922 874 983 dicti
921 920 1102 987 Cheh
1150 942 1276 1001 que
1323 925 1386 983 in
1434 942 1633 1004 regno
1680 934 1744 983 et
1789 932 1970 984 extra
2019 942 2287 1003 regnum
2319 925 2382 984 in
2416 910 2849 1003 legacionibus
2894 924 3124 983 nostris

411 1033 684 1096 fideliter
730 1034 1091 1097 deferendis
1136 1035 1442 1109 exhibuit,
1505 1018 1736 1096 terram
1802 1035 2123 1096 Dobouch
2186 1038 2569 1097 existentem
2616 1038 2679 1096 in
2744 1037 2993 1118 Posoga
3034 1021 3122 1097 ad

413 1157 664 1209 nostras
731 1167 959 1209 manus
1019 1132 1366 1210 inmediate
1427 1158 1844 1227 spectantem,
1900 1168 2025 1229 que
2084 1159 2229 1227 post
2293 1148 2685 1210 donaciones
2744 1168 2831 1209 ex
2890 1150 3120 1209 eadem

412 1241 624 1322 factas⁹
679 1260 761 1321 ad
825 1280 942 1322 nos
1003 1263 1214 1323 extitit
1275 1283 1312 1322 a
1381 1265 1508 1323 suis
1568 1263 2041 1340 possessoribus
2102 1262 2313 1341 sepius
2380 1261 2685 1321 deuoluta
2754 1280 2901 1322 eum
2965 1262 3123 1323 silua

413 1372 745 1435 Zoaberke
791 1385 1158 1454 nuncupata
1203 1376 1265 1435 in
1312 1395 1388 1435 ea
1434 1377 1806 1454 quantitate,
1873 1386 2063 1455 prout
2112 1374 2383 1435 latitudo
2444 1375 2728 1435 eiusdem
2778 1384 2941 1435 terre
2988 1374 3120 1435 Do-

411 1486 626 1547 bouch
671 1488 1056 1561 extenditur,
1109 1489 1172 1549 in
1226 1472 1776 1567 permutacion'em
1811 1506 1926 1547 seu
1978 1488 2429 1549 concambium
2481 1486 2651 1548 dicte
2698 1498 2861 1547 terre
2896 1488 3119 1547 Lobor

409 1611 473 1659 et
519 1603 702 1661 castri
752 1600 924 1662 dicto
959 1584 1138 1663 Cheh
1184 1611 1248 1661 et
1293 1603 1420 1662 suis
1467 1600 1823 1676 heredibuS,
1854 1604 1903 1661 si
1938 1620 2101 1677 quos
2149 1601 2383 1662 habere
2430 1603 2677 1680 poterit,
2724 1599 3114 1661 contulimus

410 1722 722 1791 perpetuo
749 1713 1221 1792 possidendam.
1258 1715 1548 1775 Preterea
1581 1732 1728 1774 cum
1761 1716 1925 1775 inter
1954 1716 2160 1792 ipsum
2197 1712 2375 1777 Cheh
2408 1724 2470 1773 et
2505 1713 2785 1775 Elisabet
2832 1714 3115 1775 relictam

409 1807 718 1886 Demetrii
767 1810 1140 1887 familiarem
1189 1829 1427 1887 sociam
1479 1829 1696 1887 uxoris
1743 1827 1987 1887 domini
2029 1826 2336 1906 johannis
2381 1828 2635 1908 cognati
2684 1829 2879 1888 nostri
2927 1826 3120 1889 karis-

407 1940 552 1999 simi
585 1938 770 1999 nobis
801 1939 1222 2001 efficientibus
1254 1941 1345 2000 sic
1375 1943 1854 2001 matrimonium
1902 1940 2310 2014 celebratum,
2344 1958 2427 1999 ex
2462 1940 2834 2001 liberalitate
2863 1944 3118 2020 propria

409 2051 574 2113 hanc
619 2052 924 2113 duximus
968 2054 1246 2133 graciam
1310 2052 1688 2123 faciendam,
1756 2052 1935 2132 quod
1982 2056 2030 2113 si
2079 2054 2287 2131 ipsum
2351 2051 2531 2115 Cheh
2585 2054 2829 2131 absque
2876 2053 3115 2114 solacio

407 2164 714 2226 heredum
765 2167 936 2244 prius
983 2184 1180 2244 quam
1227 2166 1462 2226 dictam
1535 2184 1806 2226 uxorem
1854 2184 2036 2227 suam
2087 2166 2247 2225 mori
2294 2168 2644 2247 contingat,
2689 2175 2929 2227 extunc
2974 2167 3111 2244 ipsa

409 2296 676 2338 consors
721 2280 857 2339 eius
903 2279 1138 2339 dictam
1176 2295 1406 2339 terram
1441 2278 1762 2339 Dobouch
1795 2297 1943 2339 cum
1976 2278 2349 2339 utilitatibus
2381 2282 2507 2338 suis
2538 2278 2863 2357 possideat
2895 2278 3112 2356 quoad

405 2392 581 2464 uiuit,
624 2402 771 2470 post
819 2392 1064 2452 obitum
1129 2412 1281 2452 vero
1342 2391 1628 2452 eiusdem
1692 2392 1776 2451 ad
1836 2394 2328 2473 generacionem
2376 2392 2527 2451 dicti
2578 2391 2757 2455 Cheh
2806 2402 3113 2468 tanquam

405 2504 686 2582 ipsorum
739 2504 1262 2565 hereditariorum
1308 2504 1502 2583 pleno
1549 2506 1682 2564 iure
1713 2490 2091 2565 deuolvatur
2121 2516 2433 2583 perpetuo
2479 2505 2889 2584 possidenda.
2940 2505 3115 2567 Mete

407 2626 624 2677 autem
671 2618 958 2678 eiusdem
1006 2617 1324 2679 Dobouch
1373 2630 1437 2678 et
1483 2616 1657 2692 silue,
1703 2627 1894 2697 prout
1940 2636 2053 2695 per
2120 2618 2355 2678 litteras
2420 2618 2686 2697 Philippi
2733 2620 2985 2679 comitis
3030 2619 3113 2679 de

409 2730 676 2811 Posoga,
701 2732 876 2791 cuius
908 2733 1306 2810 inquisicioni
1339 2733 1883 2804 commiseramus⁹
1910 2731 2097 2790 nobis
2126 2733 2425 2805 constitit,
2444 2732 2649 2791 taliter
2672 2732 3112 2812 distinguntur.

409 2843 618 2904 Prima
666 2856 836 2906 meta
901 2844 1117 2926 incipit
1185 2845 1268 2906 ab
1331 2846 1574 2906 oriente
1636 2846 1697 2905 in
1745 2844 1959 2906 radice
2012 2844 2341 2907 cuiusdam
2394 2847 2627 2906 montis
2676 2844 2959 2924 lapidosi,
3006 2846 3111 2906 ubi

407 2959 881 3038 coniunguntur
941 2957 1248 3037 Oroycha
1295 2969 1359 3019 et
1419 2958 1756 3037 Lypouch‚
1817 2958 1966 3019 inde
2027 2959 2346 3039 egreditur
2410 2977 2626 3019 uersus
2674 2959 3002 3018 meridiem
3051 2961 3113 3020 in

409 3071 693 3148 quodam
763 3071 956 3132 berch
1027 3072 1419 3132 transeundo
1487 3092 1600 3151 per
1668 3071 1931 3134 fluuium
2005 3072 2293 3150 Lipouch
2340 3070 2424 3131 ad
2470 3083 2779 3143 montem,
2826 3073 2887 3132 in
2936 3073 3113 3133 cuius

411 3185 745 3244 cacumine
790 3195 884 3244 est
931 3197 1101 3246 meta
1148 3197 1371 3254 terrea,
1417 3185 1567 3247 inde
1613 3205 1726 3264 per
1759 3185 2038 3245 eundem
2088 3195 2377 3244 montem
2410 3183 2587 3244 uadit
2618 3185 2701 3244 ad
2736 3185 2969 3259 locum,
2999 3185 3107 3246 'ubi

409 3296 472 3354 in
519 3306 751 3357 terram
817 3309 910 3357 est
972 3297 1139 3358 fixus
1202 3317 1365 3360 unus
1427 3299 1585 3378 lapis
1645 3319 1762 3376 pro
1826 3308 2015 3370 meta,
2077 3298 2224 3358 inde
2289 3297 2565 3357 declinat
2619 3301 2843 3358 iterato
2892 3304 3111 3359 uersus

408 3411 720 3470 orientem
771 3412 834 3470 in
881 3409 1114 3472 uallem
1181 3411 1264 3472 ad
1335 3411 1599 3473 fluuium
1672 3410 2043 3492 Bregorinik
2090 3399 2412 3480 uocatum,
2475 3411 2622 3472 inde
2668 3431 2782 3490 per
2828 3412 3104 3473 eundem

415 3520 678 3583 fluuium
745 3524 920 3584 uadit
979 3543 1200 3586 uersus
1262 3525 1590 3586 meridiem
1655 3543 1856 3604 usque
1903 3536 2139 3584 terram
2196 3524 2399 3584 Bilote
2446 3525 2747 3602 Oroycha
2796 3537 3110 3595 uocatam,

405 3635 554 3695 inde
599 3635 816 3696 eundo
862 3656 976 3715 per
1023 3637 1394 3719 Bregorinik
1427 3637 1601 3699 uadit
1633 3637 1716 3698 ad
1750 3648 2041 3698 montem
2089 3638 2171 3698 ad
2220 3638 2543 3715 quandam
2591 3639 2883 3698 arborem
2932 3641 3109 3701 bere-

405 3747 576 3809 kune
620 3769 808 3810 cruce
853 3753 1190 3832 signatam,
1252 3751 1370 3812 sub
1441 3771 1565 3831 qua
1637 3767 1729 3810 est
1795 3762 1967 3812 meta
2030 3754 2091 3811 in
2165 3771 2275 3811 ore
2337 3751 2665 3811 cuiusdam
2716 3752 2913 3826 uallis,
2960 3754 3109 3814 inde

404 3879 622 3923 uersus
669 3863 1001 3924 meridiem
1072 3864 1155 3924 ad
1225 3865 1518 3925 arborem
1591 3865 1742 3924 ilicis
1811 3882 1998 3924 cruce
2060 3867 2392 3944 signatam,
2439 3865 2557 3924 sub
2607 3883 2731 3942 qua
2780 3877 2873 3925 est
2922 3861 3109 3937 meta,

403 3974 553 4035 inde
598 3978 864 4036 uertitur
907 3977 991 4036 ad
1039 3977 1440 4038 occidentem
1491 3987 1553 4038 et
1600 3979 1770 4039 cadit
1826 3980 1885 4038 in
1934 3976 2141 4058 potok
2186 3977 2361 4037 Zuini
2414 3987 2732 4047 uocatum,
2779 3979 2883 4038 ubi
2932 3998 3107 4039 com-

402 4098 736 4149 metaneus
781 4101 877 4150 est
925 4090 1185 4168 quidam
1221 4089 1386 4152 Dras
1417 4095 1680 4152 nomine
1712 4102 1776 4152 et
1807 4111 2012 4169 prope
2059 4091 2231 4151 illum
2282 4090 2493 4150 locum
2541 4110 2759 4150 uersus
2806 4091 3107 4170 Oroycha

400 4211 495 4260 est
542 4201 807 4276 quidam
839 4203 1018 4264 locus
1049 4214 1304 4282 apertus
1337 4203 1658 4265 Nadoslaz
1689 4215 1955 4264 vocatus
1987 4206 2310 4282 pertinens
2358 4203 2439 4262 ad
2489 4215 2718 4264 terram
2768 4203 3107 4278 Dobouch,

400 4313 548 4374 inde
595 4315 966 4377 reclinando
1037 4317 1322 4377 ascendit
1367 4317 1452 4377 ad
1501 4327 1790 4378 montem
1838 4317 1921 4377 ad
1967 4317 2261 4376 arborem
2322 4317 2627 4396 gertanfa,
2673 4317 2792 4377 sub
2840 4337 2965 4397 qua
3012 4330 3106 4379 est

400 4437 571 4488 meta
617 4441 681 4488 et
729 4447 930 4507 prope
978 4429 1152 4489 illum
1218 4430 1428 4490 locum
1493 4434 1553 4491 in
1617 4433 1905 4510 margine
1958 4430 2113 4490 silue
2161 4440 2305 4488 sunt
2354 4431 2471 4508 tria
2517 4428 2655 4489 loca
2703 4405 2920 4508 aperta
2967 4451 3108 4510 per-

398 4543 675 4602 tinencia
745 4541 828 4602 ad
897 4553 1130 4603 terram
1199 4543 1550 4604 Dobouch:
1633 4541 2161 4625 Bogdasateluke,
2238 4542 2587 4620 Boboycha
2660 4554 2721 4602 et
2792 4523 3107 4604 Vereklaa

399 4656 732 4714 nominata
779 4656 986 4716 uicina
1033 4656 1278 4717 domini
1310 4657 1493 4730 DraS,
1541 4657 1622 4716 de
1656 4657 1940 4736 predicta
1988 4656 2213 4715 arbore
2260 4653 2563 4735 gertansa'
2593 4657 2765 4716 uadit
2813 4657 2897 4717 ad
2944 4659 3108 4716 occi-

399 4766 664 4827 dentem
695 4786 811 4846 per
845 4780 1134 4828 montem
1168 4769 1624 4830 descendendo
1661 4769 1744 4829 ad
1776 4768 1981 4847 potok
2014 4767 2297 4828 Kuhnek
2330 4779 2646 4843 uocatum,
2678 4769 2825 4829 inde
2857 4789 3103 4830 sursum

396 4880 613 4940 eundo
661 4880 981 4960 paulisper
1027 4901 1140 4961 per
1187 4884 1463 4943 eundem
1530 4881 1736 4962 potok
1797 4883 1931 4942 exit
1991 4881 2075 4940 ad
2135 4882 2430 4942 arborem
2492 4881 2794 4962 gestansa,
2842 4883 2949 4942 ubi
3011 4897 3105 4943 est

395 5003 586 5068 meta,
656 4994 806 5054 inde
877 4998 1189 5056 transiens
1256 5016 1368 5075 per
1436 4995 1919 5075 campusculum
1984 4994 2157 5054 uadit
2219 4994 2301 5054 ad
2373 4996 2667 5055 arborem
2718 4995 2875 5056 nirfa
2920 5015 3105 5056 cruce

395 5109 730 5188 signatam,
776 5107 883 5167 ubi
931 5119 1026 5168 est
1077 5119 1246 5169 meta
1293 5109 1375 5168 ad
1425 5108 1626 5188 potok
1681 5107 1913 5168 Zkorin
1962 5116 2282 5179 uocatum,
2329 5107 2477 5167 inde
2522 5127 2635 5185 per
2682 5108 2853 5168 idem
2900 5107 3105 5186 potok
