3797 5795
1963 389 2205 454 —558
2269 424 2351 432 —

790 580 1073 654 meridie,
1119 580 1225 641 ubi
1274 579 1504 641 fluuius
1549 580 1825 659 Pzerych
1872 578 2093 641 defluit
2124 582 2189 641 in
2219 580 2466 641 sontem
2498 579 2690 641 Zelne
2736 589 3035 639 uocatum
3067 590 3131 639 et
3161 581 3226 638 in
3259 577 3496 639 eodem

787 691 983 753 fluuio
1018 693 1295 773 Pzerych
1326 692 1679 754 ascendens
1710 711 1930 755 uersus
1960 696 2484 771 septemtrionem
2531 693 2820 772 peruenit
2853 691 2936 753 ad
2969 710 3164 751 vnum
3195 700 3494 770 pontem,

790 808 894 884 qui
942 816 1039 868 est
1085 826 1276 885 super
1334 806 1615 868 eundem
1675 805 1940 867 fluuium
2004 805 2258 867 Pzerich
2322 806 2536 882 ibique
2598 815 2694 866 est
2755 818 2925 865 meta
2985 816 3206 874 terrea,
3255 802 3498 865 deinde

786 919 1147 997 procedens
1191 921 1477 999 superius
1522 921 1585 981 in
1633 919 1869 981 eodem
1911 918 2106 980 fluuio
2153 920 2326 979 uenit
2371 918 2454 980 ad
2501 936 2694 979 vnam
2741 920 2928 992 uiam,
2973 935 3099 997 que
3143 917 3492 997 pertransit

786 1032 1068 1093 eundem
1135 1031 1400 1093 fluuium
1446 1041 1509 1093 et
1555 1031 1758 1094 tendit
1826 1050 2043 1093 versus
2110 1033 2440 1109 orientem,
2507 1030 2658 1092 inde
2725 1029 3082 1109 procedens
3141 1029 3230 1090 ad
3295 1046 3494 1089 vnum

786 1144 1070 1223 lapidem
1130 1164 1246 1225 per
1304 1147 1473 1206 uiam
1540 1158 1965 1206 memoratam
2025 1146 2198 1205 venit
2256 1144 2341 1205 ad
2402 1144 2562 1205 duas
2621 1144 2882 1205 arbores
2925 1161 3161 1203 nucum
3225 1153 3295 1203 et
3359 1160 3497 1220 per-

787 1259 1099 1318 transiens
1144 1258 1401 1319 easdem
1450 1258 1711 1319 arbores
1754 1256 2043 1319 ascendit
2075 1257 2156 1319 ad
2189 1266 2480 1319 montem
2527 1257 2764 1333 ubique
2808 1258 3080 1337 iungitur
3124 1265 3297 1316 terre
3347 1254 3496 1315 dicti

787 1369 1033 1431 domini
1099 1373 1384 1450 episcopi
1453 1371 1906 1452 ZagrabiensiS,
1951 1369 2036 1431 de
2102 1389 2228 1450 qua
2298 1370 2493 1431 iidem
2559 1370 2933 1451 iobagiones
2999 1371 3182 1429 castri
3255 1378 3330 1428 et
3399 1386 3497 1427 ca-

786 1492 1060 1545 strenses
1106 1493 1594 1562 occupauerant.
1644 1483 1781 1546 Nos
1824 1484 2040 1562 itaque
2086 1482 2327 1544 inducti
2372 1484 2692 1562 premissis
2737 1482 3094 1543 racionibus
3131 1491 3494 1561 pretactam

785 1604 1017 1656 terram
1066 1595 1239 1657 dicto
1287 1595 1554 1657 domino
1596 1598 1902 1676 episcopo
1933 1607 1998 1657 et
2028 1615 2142 1675 per
2171 1615 2322 1657 eum
2353 1598 2480 1657 suis
2509 1595 2976 1657 successoribus
3021 1594 3495 1655 sentencialiter

784 1708 1089 1770 duximus
1134 1708 1593 1770 restituendam
1640 1719 1703 1770 et
1750 1708 2168 1783 reddendam,
2199 1711 2362 1787 parti
2408 1708 2676 1770 aduerse
2721 1727 2912 1788 super
2955 1710 3090 1787 ipsa
3135 1718 3312 1769 terra
3359 1724 3492 1785 per-

783 1832 1047 1901 petuum
1112 1823 1441 1884 silencium
1503 1824 1927 1901 imponentes,
1986 1821 2228 1883 Datum
2290 1822 2612 1903 Zagrabie,
2673 1824 2736 1881 in
2797 1822 2960 1883 festo
3021 1822 3220 1882 sancti
3283 1820 3492 1902 Egidii

784 1935 1181 1996 confessoris,
1226 1934 1427 1997 Anno
1472 1935 1557 1996 ab
1604 1937 2048 1996 incarnacione
2093 1934 2338 1995 domini
2387 1932 2775 1998 MCCLXX.

957 2048 1149 2106 Liber
1178 2050 1469 2125 privileg.
1520 2051 1775 2127 episcop.
1822 2048 2090 2123 Zagrab.
2143 2050 2252 2105 list
2297 2052 2394 2105 40.

966 2152 1219 2211 Tkalc'ic‘
1258 2154 1531 2211 Monum.
1578 2155 1835 2231 episcop.
1905 2152 2171 2227 Zagrab.
2222 2154 2274 2215 I.
2323 2157 2652 2209 154—155.
2701 2184 2786 2195 —
2849 2152 3092 2210 {Venzel
3139 2152 3291 2211 cod.
3341 2151 3484 2228 dipl.

781 2257 1015 2333 Arpad.
1066 2266 1219 2315 cont.
1268 2258 1416 2316 XII.
1471 2260 1736 2314 36—38.
1786 2291 1870 2299 —
1917 2257 2295 2333 Kukuljevic‘
2330 2259 2480 2332 Reg.
2527 2278 2622 2316 no.
2669 2260 2815 2313 1012

2071 2548 2199 2627 15.

782 2688 986 2767 1270,
1030 2689 1097 2753 4.
1144 2686 1591 2771 septembre..
1638 2688 1697 2753 U
1742 2686 2096 2772 Zaqrebu.

788 2823 1066 2908 Joakim
1134 2825 1264 2888 ban
1324 2826 1723 2912 potvrdjuje
1783 2826 2004 2889 osudu
2065 2826 2548 2912 zagrebaffkoga
2607 2833 2876 2911 &upana
2937 2826 3238 2889 Hodusa
3291 2826 3484 2912 glede

1864 2939 2098 3025 zemlje
2143 2939 2396 3004 Pseric‘.

953 3077 1092 3140 Nos
1131 3076 1551 3162 Joach(i)mus
1581 3080 1786 3140 banus
1811 3082 2016 3141 tocius
2045 3079 2402 3142 Sclauonie.
2449 3079 2893 3162 Significamus
2939 3080 3171 3160 quibus
3217 3079 3476 3158 expedit

776 3194 1082 3253 vniuersis
1124 3194 1527 3271 presencium
1573 3212 1688 3271 per
1732 3204 2041 3267 tenorem,
2089 3193 2267 3272 quod
2327 3212 2472 3254 cum
2536 3192 2908 3254 venerabilis
2953 3203 3138 3272 pater
3183 3193 3476 3252 dominus

777 3302 1202 3365 Thimotheus
1264 3307 1606 3385 episcopus
1665 3305 2100 3387 Zagrabiensis
2166 3306 2380 3367 fecerit
2440 3308 2626 3367 nobis
2694 3306 2902 3367 osserri
2949 3323 3326 3385 processum
3371 3323 3474 3365 seu

777 3419 1165 3478 sentenciam
1216 3417 1449 3478 Hodus
1494 3420 1747 3479 comitis
1808 3421 2005 3480 nostri
2053 3420 2489 3501 Zagrabiensis
2549 3418 2761 3480 dilecti
2811 3429 2875 3480 et
2921 3418 3127 3480 fidelis
3173 3419 3382 3490 nobis,
3415 3419 3471 3477 in

776 3529 1062 3590 eiusdem
1130 3530 1349 3592 litteris
1416 3531 1953 3610 comprehensum
2021 3544 2084 3594 et
2151 3531 2482 3606 inclusum,
2548 3531 2836 3593 habitum
2903 3533 3068 3592 inter
3133 3533 3350 3610 ipsum
3393 3548 3470 3589 ex

775 3651 956 3722 parte
987 3662 1131 3717 una,
1159 3641 1408 3705 Abram
1429 3641 1493 3728 (Ι)
1541 3647 1845 3706 comitem
1878 3644 1960 3706 de
1992 3645 2363 3718 Moroucha‚
2409 3645 2782 3726 iobagiones
2811 3644 2998 3704 castri
3028 3655 3094 3704 et
3124 3653 3470 3704 castrenses

776 3753 859 3815 de
905 3753 1282 3835 Glaunycha
1327 3776 1411 3817 ex
1456 3755 1670 3831 altera,
1716 3776 1908 3836 super
1952 3770 2114 3819 terra
2163 3758 2437 3837 Pzerych
2485 3768 2733 3832 uocata,
2785 3776 2974 3836 super
3019 3775 3148 3836 qua
3197 3755 3273 3817 lis
3317 3759 3468 3815 inter

775 3868 948 3946 ipsos
1008 3868 1389 3942 uertebatur,
1448 3878 1693 3948 petenS,
1738 3879 1804 3930 vt
1849 3874 2244 3932 sentenciam
2306 3885 2370 3932 et
2431 3871 2732 3932 iudicium
2793 3869 2941 3930 dicti
2997 3869 3223 3930 iudicis
3286 3868 3470 3929 nostri

774 3982 1006 4040 nostris
1050 3979 1268 4042 litteris
1312 3981 1645 4042 stabilibus
1691 3985 2100 4044 muniremus,
2177 3981 2369 4046 Cuius
2431 3983 2778 4045 litterarum
2837 3994 3024 4044 tenor
3083 3993 3214 4043 est:
3278 3983 3471 4056 (vidi.-

769 4094 1119 4170 prediduc‘u
1164 4096 1383 4153 listina
1428 4098 1515 4153 od
1542 4117 1608 4171 g.
1659 4099 1886 4158 1270.).
1949 4096 2088 4158 Nos
2141 4099 2356 4177 itaque
2413 4096 2820 4158 attendentes
2877 4098 3026 4157 iuris
3070 4095 3370 4156 ordinem
3411 4095 3466 4152 in

775 4204 915 4284 ipso
961 4205 1133 4266 facto
1180 4225 1319 4268 esse
1363 4217 1708 4282 seruatum,
1753 4212 2198 4288 processimu3‚
2230 4229 2342 4271 seu
2387 4213 2780 4271 sentenciam
2826 4209 3046 4270 iudicis
3093 4211 3297 4270 nostri
3341 4225 3467 4286 pre·

774 4317 1087 4378 nominati
1148 4317 1368 4379 litteris
1428 4318 1713 4380 eiusdem
1777 4339 1910 4382 non
1957 4321 2335 4396 cancellatis,
2381 4340 2513 4383 non
2559 4324 2800 4383 uiciatis
2845 4339 2967 4382 nec
3011 4323 3075 4381 in
3122 4321 3338 4401 aliqua
3381 4321 3465 4380 sui

664 4503 669 4508 .
772 4439 955 4506 parte
1016 4428 1341 4492 diminutis
1400 4430 1483 4492 de
1548 4433 1749 4493 uerbo
1795 4433 1879 4494 ad
1927 4435 2196 4495 uerbum
2243 4433 2462 4495 litteris
2505 4437 2735 4496 nostris
2778 4434 3027 4495 insertis
3069 4433 3463 4500 ratificantes

772 4560 1001 4622 ymmo
1068 4552 1275 4604 ratum
1342 4555 1406 4604 et
1473 4544 1729 4606 firmum
1797 4545 2108 4607 habentes
2175 4547 2478 4608 duximus
2539 4545 3071 4608 confirmandum.
3117 4545 3362 4608 Datum
3407 4555 3464 4603 et

770 4665 987 4714 actum
1052 4655 1374 4737 Zagrabie‚
1419 4660 1642 4738 quinta
1701 4658 1872 4732 feria,
1933 4662 2228 4738 proxima
2289 4670 2436 4739 post
2495 4660 2726 4722 festum
2787 4661 2988 4720 sancti
3051 4658 3266 4740 Egidii
3325 4675 3462 4718 con·

770 4765 1040 4828 sessoris,
1088 4765 1285 4829 Anno
1330 4768 1575 4830 domini
1621 4769 1806 4834 MCC
1852 4775 2344 4854 septuagesimo

945 4907 1137 4965 Liber
1165 4909 1458 4985 privileg.
1509 4912 1763 4987 episcop.
1810 4913 2081 4987 Zagrab.
2129 4914 2240 4970 list
2283 4915 2380 4973 40.

954 5011 1205 5070 Tkalc'ic‘
1244 5013 1519 5070 Monum.
1584 5017 1837 5092 episcop.
1905 5017 2170 5092 Zagrab.
2217 5019 2268 5077 I.
2314 5023 2442 5078 155.
2485 5051 2570 5060 --
2633 5018 2876 5076 Wenzel
2927 5017 3072 5076 Cod.
3123 5018 3277 5094 dipl.
3321 5016 3450 5090 Arp.

770 5123 925 5174 cont.
971 5117 1115 5173 XII.
1170 5119 1262 5173 35.
1312 5151 1398 5160 ——
1447 5118 1819 5194 Kukuljevic'
1859 5123 2010 5196 Reg.
2061 5142 2154 5180 no,
2203 5125 2366 5180 1013.
