3797 5795
1831 395 1907 404 —
1975 359 2239 422 358—

675 550 892 629 aliquo
961 559 1252 628 tempore
1322 560 1545 610 contra
1613 549 1780 610 hanc
1847 550 2199 610 securitatis
2274 561 2513 610 cartam
2586 551 2673 609 ire
2742 559 3163 628 temptauero‚
3234 557 3389 606 tunc

676 661 1023 723 emendare
1085 661 1358 722 debeam
1420 681 1568 723 cum
1633 664 1790 722 meis
1851 662 2191 724 heredibus
2238 665 2348 722 tibi
2394 662 2823 742 suprascripto
2883 660 3209 722 Damiano
3255 658 3387 738 ple-

677 777 850 835 bano
899 784 962 835 et
1007 777 1128 834 tuis
1174 775 1512 836 heredibus
1574 785 1638 836 et
1699 776 2169 837 successoribus
2228 774 2522 858 aurum(!)
2587 774 2775 835 libras
2822 777 3107 854 quinque
3153 782 3221 833 et
3268 772 3389 832 hec

679 892 1030 952 securitatis
1075 899 1246 949 carta
1293 890 1354 949 in
1401 908 1514 949 sua
1560 887 1856 948 firmitate
1902 899 2292 966 permaneat.
2354 887 2596 950 Actum
2642 897 2737 948 est
2784 887 2908 948 hoc
2952 898 3013 948 et
3062 885 3385 947 firmatum

680 1021 899 1065 coram
968 1003 1064 1062 his
1133 1004 1375 1062 uocatis
1441 1011 1506 1061 et
1575 1004 1811 1083 rogatis
1878 1002 2161 1076 testibuS,
2208 1001 2445 1062 scilicet
2512 1000 2765 1080 Filippo
2833 1000 2916 1062 de
2978 999 3276 1076 Molcaco
3324 1009 3387 1060 et

685 1116 906 1178 Madio
950 1115 1034 1176 de
1081 1112 1380 1193 Cipriano
1428 1113 1622 1174 Arbis
1667 1127 1730 1175 et
1777 1114 1929 1176 aliis.

856 1231 1102 1304 (Drugi
1145 1227 1441 1304 rukopis).

855 1341 894 1419 †
939 1341 1081 1422 Ego
1128 1339 1404 1402 Vulcina
1451 1339 1532 1400 de
1579 1339 1894 1402 Matafaro
1942 1343 2346 1402 examinator
2394 1359 2657 1401 manum
2706 1358 2915 1402 meam
2966 1340 3126 1399 misi.

856 1456 1132 1531 Rukopis
1173 1455 1290 1511 kao
1337 1473 1378 1510 u
1424 1453 1620 1512 tekstu
1666 1455 1876 1513 listina*
1895 1477 1915 1512 .-

859 1570 1253 1643 (Monogram
1299 1569 1451 1631 not.)
1485 1565 1628 1647 Ego
1660 1568 1959 1629 Viuerius
2003 1566 2219 1629 Alexii
2260 1567 2620 1646 Jaderensis
2666 1567 2946 1627 notarius
2993 1563 3245 1624 interfui
3290 1581 3393 1622 ro-

681 1694 882 1764 gatuS,
929 1691 996 1741 ut
1044 1681 1256 1741 audiui
1305 1679 1540 1757 scripsi,
1588 1682 1884 1742 roboraui
1932 1690 1995 1741 et
2040 1691 2353 1741 consueto
2400 1681 2587 1760 signo
2640 1680 2899 1761 signaui.

866 1874 1164 1948 Original
1204 1893 1244 1929 u
1283 1871 1546 1947 gubern.
1611 1873 1836 1932 arkivu
1883 1894 1923 1930 u
1970 1874 2203 1940 Zadru‚
2266 1873 2404 1928 odio
2464 1879 2825 1929 samostana
2884 1890 2971 1928 sv.
3020 1867 3253 1926 Nikole
3298 1867 3387 1922 br.

681 1982 768 2035 13.
821 2012 904 2020 —
951 1978 1156 2036 Desni
1187 1979 1408 2052 gornji
1451 1997 1612 2052 ugao
1658 1977 1929 2054 manjka.

1944 2267 2141 2349 844.

682 2448 890 2512 1265.

987 2634 1248 2721 Kaptol
1287 2633 1679 2696 Cazmanski
1721 2633 2042 2718 uredjuje
2080 2635 2388 2717 prodane
2434 2631 2664 2715 zemlje
2710 2653 2757 2694 u
2810 2628 3090 2693 Garic‘u.

861 2828 1050 2911 (N)os
1082 2827 1428 2909 capitulum
1465 2825 1872 2890 Chasmensis
1902 2825 2166 2886 ecclesie
2199 2823 2624 2907 significamus
2656 2824 2959 2884 omnibus
2984 2825 3389 2903 presencium

686 2962 798 3021 per
829 2952 1138 3013 tenorem,
1171 2940 1351 3021 quod
1381 2942 1706 3000 constituti
1753 2958 1971 3000 coram
2020 2940 2205 2999 nobis
2242 2939 2658 3018 personaliter
2690 2938 2774 2998 ab
2807 2956 2933 2999 una
2963 2948 3145 3016 parte
3176 2954 3401 2997 comes

687 3054 900 3136 Roho)
955 3055 1040 3114 ab
1082 3054 1280 3114 altera
1329 3072 1478 3113 vero
1528 3052 1786 3113 Mortun
1834 3051 2000 3113 filius
2048 3052 2303 3113 Brezhal
2352 3070 2499 3113 cum
2546 3052 2813 3111 domina
2858 3070 3059 3111 uxore
3105 3069 3219 3111 sua
3266 3048 3393 3109 filia

687 3165 974 3245 Odolyni
1021 3167 1102 3227 de
1149 3165 1530 3239 Kamarcha‚
1577 3168 1683 3243 qui
1733 3164 1995 3226 Mortun
2042 3184 2191 3226 cum
2237 3164 2466 3225 eadem
2512 3183 2717 3225 uxore
2762 3184 2877 3225 sua
2912 3163 3241 3224 confessus
3284 3171 3381 3223 est

686 3298 755 3340 se
799 3278 1158 3339 vendidisse
1205 3290 1436 3339 terram
1481 3297 1663 3339 suam
1709 3278 2151 3339 hereditariam
2183 3281 2247 3337 in
2279 3275 2501 3359 Garyg
2544 3276 2797 3338 Descha
2842 3286 3137 3337 vocatam
3170 3277 3378 3354 ipsum

686 3391 895 3452 solum
957 3394 1456 3473 contingentem,
1501 3410 1648 3452 cum
1710 3391 2011 3451 omnibus
2071 3390 2446 3452 utilitatibus
2491 3400 2555 3450 et
2600 3390 3005 3468 pertinenciis
3048 3387 3134 3448 ad
3180 3390 3379 3466 ipsam

687 3514 752 3565 et
797 3507 861 3565 in
907 3506 1061 3583 ipsa,
1106 3505 1254 3564 item
1305 3522 1452 3563 cum
1501 3523 1624 3565 una
1673 3505 1854 3564 vinea
1900 3507 2020 3565 sita
2065 3506 2127 3564 in
2175 3515 2337 3565 terra
2384 3502 2626 3564 Nazled
2671 3502 2882 3562 eidem
2915 3498 3129 3581 Roho)
3162 3502 3381 3561 comiti

686 3635 806 3695 pro
853 3626 1110 3678 centum
1155 3618 1369 3698 viginti
1419 3628 1483 3677 et
1527 3617 1776 3678 duabus
1828 3620 2057 3678 marcis
2102 3628 2166 3677 et
2211 3636 2325 3695 per
2370 3636 2518 3677 eum
2566 3616 2692 3675 suis
2736 3614 3204 3676 successoribus
3250 3613 3381 3673 iure

687 3741 1000 3808 perpetuo
1046 3730 1521 3808 possidendam,
1567 3749 1726 3809 quas
1772 3742 2029 3791 centum
2080 3732 2294 3811 viginti
2330 3740 2395 3790 et
2426 3729 2585 3790 duas
2630 3747 2877 3789 marcas
2922 3728 3109 3806 plene
3132 3729 3378 3805 accepit

687 3860 907 3903 coram
955 3844 1156 3903 nobis.
1206 3842 1400 3906 Cuius
1446 3854 1607 3903 terre
1656 3854 1843 3917 mete,
1883 3846 2043 3904 sicut
2093 3844 2278 3903 nobis
2326 3844 2625 3924 magister
2657 3843 2879 3903 Petrus
2923 3841 3397 3901 concanonicus

689 3968 908 4016 noster
953 3957 1179 4026 retulit,
1241 3975 1456 4017 coram
1521 3956 1821 4017 omnibus
1882 3958 2101 4016 vicinis
2146 3966 2212 4017 et
2257 3957 2695 4017 conmetaneis
2762 3954 3027 4033 pacifice
3074 3968 3136 4014 et
3182 3956 3397 4034 quiete

685 4080 917 4143 erecte,
979 4068 1136 4129 tales
1196 4078 1374 4129 sunt:
1442 4070 1649 4129 Prima
1696 4080 1866 4130 meta
1915 4070 2131 4148 incipit
2178 4072 2239 4129 in
2290 4088 2419 4130 uno
2463 4069 2665 4130 rivulo
2712 4062 2973 4145 Babych
3022 4069 3283 4127 nomine
3329 4069 3393 4125 in

687 4178 854 4255 loeo,
901 4182 1005 4242 ubi
1054 4182 1188 4241 exit
1233 4182 1316 4242 de
1363 4201 1443 4242 eo
1489 4185 1553 4241 in
1601 4192 1770 4243 meta
1819 4183 1903 4244 ad
1950 4202 2143 4243 unam
2191 4184 2443 4257 vallem,
2474 4201 2587 4261 per
2617 4200 2812 4261 quam
2861 4184 3062 4261 vergit
3108 4182 3393 4259 superius

686 4310 906 4354 versus
969 4294 1302 4355 meridiem
1362 4314 1566 4372 usque
1627 4295 1710 4355 ad
1772 4295 1967 4356 berch
2027 4296 2111 4355 ad
2174 4306 2413 4357 metam
2462 4310 2733 4355 terream
2779 4294 2899 4354 sub
2943 4295 3175 4354 arbore
3220 4294 3395 4354 tulfa.

689 4403 850 4467 Inde
910 4408 992 4469 de
1052 4408 1246 4469 berch
1315 4411 1492 4468 iuxta
1563 4411 1814 4469 vineam
1884 4408 2216 4469 descendit
2280 4410 2341 4469 in
2389 4408 2575 4469 aliam
2646 4407 2877 4469 vallem
2940 4418 3004 4467 et
3066 4426 3179 4486 per
3224 4407 3393 4467 illam

687 4520 908 4579 eundo
955 4521 1210 4581 inferius
1239 4523 1374 4581 exit
1404 4520 1488 4581 ad
1520 4521 1849 4600 quandam
1896 4521 2146 4593 vallem,
2194 4522 2297 4581 ubi
2348 4533 2443 4582 est
2486 4534 2657 4581 meta
2690 4532 2753 4581 et
2786 4540 2899 4599 per
2930 4540 3074 4581 eam
3108 4520 3391 4581 ascendit

691 4630 754 4689 in
801 4631 996 4694 berch
1054 4633 1138 4693 ad
1185 4652 1488 4715 magnam
1551 4637 1716 4694 viam
1781 4636 2141 4695 venientem
2193 4634 2275 4695 de
2321 4632 2543 4715 Garyg
2585 4633 2669 4695 ad
2718 4644 2957 4695 metam
3004 4636 3123 4694 sub
3169 4633 3393 4694 arbore

690 4745 956 4806 viminis
1006 4746 1163 4808 Inde
1223 4746 1508 4807 tenendo
1577 4758 1818 4807 metam
1880 4766 2027 4808 cum
2090 4760 2255 4809 terra
2315 4750 2500 4808 castri
2548 4746 2721 4807 vadit
2766 4747 3023 4807 inferius
3070 4766 3181 4825 per
3226 4747 3392 4805 viam

690 4867 756 4917 et
817 4861 946 4920 exit
1009 4860 1090 4921 de
1153 4880 1228 4920 ea
1291 4860 1374 4920 ad
1435 4870 1678 4920 metam
1741 4861 1860 4921 sub
1936 4863 2162 4921 arbore
2237 4860 2565 4921 cheresnsa
2640 4879 2831 4939 supra
2910 4860 3232 4939 quandam
3308 4861 3391 4917 vi-

692 4988 899 5032 neam.
946 4973 1104 5034 Inde
1152 4974 1568 5055 progrediens
1613 4974 1784 5034 cadit
1825 4975 1887 5033 in
1920 4992 2115 5034 unam
2166 4975 2393 5035 vallem
2438 4976 2693 5046 siccam,
2738 4992 2865 5054 que
2910 4973 3188 5034 similiter
3220 4971 3391 5032 cadit

695 5088 758 5145 in
805 5086 1072 5147 rivulum
1117 5086 1371 5148 Desche
1414 5088 1631 5165 ibique
1676 5098 2005 5165 separatur
2048 5106 2087 5145 a
2134 5097 2297 5147 terra
2344 5088 2527 5147 castri
2561 5096 2624 5145 et
2658 5087 2875 5165 incipit
2908 5096 3123 5147 tenere
3156 5098 3392 5145 metam
