3797 5795
1521 413 1602 420 —-
1665 378 1938 452 255—

362 581 573 663 Jadre,
602 601 798 644 vnum
831 601 1016 644 suum
1050 583 1215 645 latus
1247 602 1463 646 uersus
1508 601 1769 666 grecum
1816 583 2029 646 firmat
2075 587 2138 646 in
2184 583 2516 646 Demetrio
2562 584 2694 646 filio
2739 585 2892 646 olim
2960 583 3084 650 Co-

368 698 516 758 ressi
580 696 663 757 de
721 695 1007 775 predicta
1062 695 1267 776 Jadra,
1327 695 1521 758 alium
1589 715 1774 758 suum
1838 696 2002 758 latus
2061 716 2281 758 uersus
2338 695 2711 780 magistrum
2759 698 2972 760 firmat
3019 702 3081 760 in

368 808 710 878 Damiano‚
759 808 1091 890 quondam
1137 807 1267 870 filio
1314 808 1559 870 domini
1607 808 1815 892 Cerne
1860 809 1946 870 de
1977 808 2290 873 Carbonis
2337 808 2420 872 de
2450 811 2736 889 predicta
2763 810 2986 891 Jadra;
3019 823 3082 873 et

368 941 597 985 omnes
627 922 781 983 alias
810 941 989 983 meas
1034 933 1231 984 terras
1263 941 1497 984 uacuas
1527 932 1661 982 tam
1708 923 1772 983 in
1812 921 2005 1002 Jadra
2049 924 2308 1002 positaS‚
2352 941 2550 1003 quam
2580 933 2782 1000 extra,
2827 943 3080 986 necnon

367 1046 566 1096 terras
610 1053 846 1096 uacuas
890 1046 955 1096 et
1001 1053 1287 1114 campOS,
1332 1045 1401 1096 ut
1448 1034 1691 1096 dictum
1724 1045 1819 1096 est
1850 1037 2138 1114 superius
2169 1037 2282 1096 tibi
2313 1035 2419 1110 do,
2450 1036 2628 1098 dono
2660 1047 2725 1099 et
2755 1047 3079 1099 transacto

366 1148 609 1210 amodo
653 1167 801 1210 cum
834 1151 1009 1208 omni
1057 1148 1247 1228 plena
1292 1149 1523 1209 uirtute
1569 1158 1633 1208 et
1678 1157 1999 1228 potestate
2045 1148 2420 1230 inquirendi,
2453 1149 2916 1228 interpellandi,
2944 1151 3079 1230 pla-

364 1261 621 1336 citandi,
659 1261 1041 1334 aduocandi‚
1085 1261 1502 1341 preceptandi
1548 1271 1613 1322 et
1668 1261 2004 1322 interdicta
2065 1261 2326 1341 petendi
2373 1273 2436 1324 et
2483 1263 2771 1337 tollendi,
2815 1282 3078 1343 respon-

364 1374 580 1449 dendi,
638 1376 1023 1436 sententiam
1089 1374 1409 1450 audiendi,
1471 1374 1957 1448 intromittendi,
2022 1374 2317 1450 habendi,
2391 1376 2670 1451 tenendi,
2733 1376 3076 1452 vendendi,

365 1488 581 1560 dandi,
626 1487 931 1560 donandi,
975 1487 1385 1566 permittendi
1448 1497 1513 1548 et
1573 1489 1637 1548 in
1698 1497 2082 1567 perpetuum
2144 1487 2532 1567 possidendi,
2597 1489 2700 1550 uel
2769 1490 3076 1569 quicquid

366 1602 478 1663 tibi
525 1602 607 1663 de
653 1602 803 1680 ipsis
848 1599 1126 1679 placebit
1172 1601 1381 1663 tacere
1425 1619 1573 1662 cum
1620 1601 1922 1662 omnibus
1988 1602 2116 1662 suis
2175 1604 2364 1662 cartis
2410 1604 2594 1663 nouis
2639 1611 2702 1664 et
2751 1603 3076 1664 ueteribus

364 1725 430 1776 et
474 1717 753 1794 ipsarum
800 1714 995 1792 pleno
1040 1715 1261 1795 uigore
1307 1725 1371 1774 et
1417 1714 1651 1775 robore
1711 1713 1794 1774 ad
1840 1716 2266 1794 suprascripta
2327 1717 2544 1776 omnia
2609 1716 3075 1795 pertinentibus

363 1839 429 1889 et
475 1847 623 1889 cum
670 1828 971 1888 omnibus
1015 1827 1142 1888 suis
1188 1826 1512 1888 habenciis
1576 1837 1639 1887 et
1700 1829 2108 1907 pertinenciis
2168 1845 2296 1906 que
2356 1838 2488 1888 tam
2553 1828 2778 1890 subtus
2840 1840 3073 1890 terram

362 1960 560 2021 quam
606 1959 794 2019 supra
839 1949 1075 2001 terram
1137 1940 1375 2001 ibidem
1438 1959 1577 2001 esse
1638 1952 2004 2001 noscuntur.
2065 1940 2148 2002 Et
2210 1943 2372 2001 sicut
2433 1941 2517 2002 ab
2581 1942 2948 2004 auctoribus
3009 1953 3074 2004 et

362 2053 879 2134 procuratoribus
926 2055 1082 2114 meis
1128 2053 1413 2132 predicta
1460 2056 1678 2114 omnia
1722 2071 2018 2132 possessa
2063 2054 2318 2115 fuerunt
2364 2064 2427 2115 et
2472 2063 2746 2116 rettenta
2780 2065 2844 2116 et
2889 2076 2930 2116 a
2963 2076 3067 2116 me

365 2171 559 2229 etiam
608 2167 868 2240 donata,
912 2169 999 2228 ita
1060 2166 1170 2226 tibi
1218 2165 1503 2244 predicta
1566 2169 1783 2228 omnia
1829 2166 1936 2241 do,
1983 2166 2158 2227 dono
2206 2177 2269 2228 et
2316 2176 2636 2228 transacto
2684 2179 2748 2228 et
2793 2168 2876 2229 de
2921 2171 3072 2247 ipsis

364 2301 471 2342 me
517 2280 757 2342 amodo
805 2280 942 2342 sore
1002 2279 1210 2341 facere
1269 2282 1331 2340 in
1395 2290 1503 2340 tua
1568 2279 1930 2358 relinquens
1985 2289 2048 2340 et
2109 2279 2418 2340 resuttans
2478 2280 2670 2358 plena
2729 2282 2960 2342 uirtute
3007 2292 3071 2343 et

364 2403 687 2473 potestate
731 2393 815 2454 ad
862 2393 1069 2454 facere
1115 2393 1199 2454 de
1244 2394 1395 2471 ipsis
1455 2392 1758 2472 quicquid
1820 2393 1933 2452 tibi
1997 2392 2305 2473 placuerit
2350 2404 2414 2453 et
2461 2403 2568 2453 tue
2613 2393 2799 2454 suerit
2844 2393 3069 2454 uolun-

364 2509 531 2581 tatiS,
578 2507 687 2568 tibi
722 2508 980 2568 nemine
1027 2505 1523 2567 contradicente.
1574 2505 1724 2566 Mihi
1773 2515 1989 2566 autem
2037 2524 2259 2565 amore
2288 2506 2782 2584 propinquitatis
2813 2507 2876 2566 in
2924 2525 3068 2567 mea

364 2622 648 2681 maxima
720 2621 1098 2680 necessitate
1167 2618 1397 2680 dedisti
1459 2629 1521 2678 et
1583 2618 1836 2678 donasti
1924 2617 2140 2680 saldos
2209 2617 2615 2680 denariorum
2686 2630 3066 2681 uenetorum

360 2753 731 2815 grossorum
778 2733 1217 2814 quadraginta.
1265 2731 1676 2811 Quapropter
1722 2732 1981 2810 plenam
2026 2741 2089 2791 et
2130 2732 2616 2793 irreuocabilem
2660 2733 3062 2794 securitatem

359 2847 527 2908 facio
574 2863 697 2927 ego
745 2846 1065 2925 predictus
1112 2845 1416 2907 Nicolaus
1464 2842 1673 2907 Colim
1720 2863 1868 2905 cum
1916 2846 2074 2906 meis
2118 2842 2460 2906 heredibus
2490 2845 2600 2905 tibi
2635 2847 3063 2925 suprascripto

359 2960 707 3022 Dominico
755 2970 819 3019 et
864 2962 988 3019 tuis
1032 2959 1389 3031 heredibus,
1436 2958 1771 3037 quomodo
1818 2957 1901 3018 de
1961 2957 2260 3035 predictis
2307 2958 2607 3019 omnibus
2669 2977 2924 3037 semper
2969 2978 3064 3019 se-

358 3091 547 3133 curus
595 3091 858 3133 maneas
903 3083 967 3133 et
1012 3074 1280 3150 quietuS,
1329 3074 1475 3150 quia
1523 3070 1713 3131 nichil
1759 3070 1910 3131 inde
1956 3073 2274 3143 remansit,
2319 3070 2493 3131 unde
2540 3082 2602 3131 te
2649 3071 2924 3149 amplius
2969 3092 3062 3131 re-

361 3187 628 3265 quirere,
673 3196 783 3246 aut
828 3184 1215 3264 compellere
1261 3185 1512 3245 ualeam
1558 3204 1673 3263 per
1719 3184 1915 3245 ullum
1964 3186 2306 3265 ingenium.
2379 3184 2754 3244 Notandum
2802 3202 3062 3262 quoque

361 3310 478 3373 est,
524 3298 701 3375 quod
750 3318 855 3359 me
902 3297 1145 3359 dictum
1192 3297 1533 3359 Nicolaum
1580 3295 1785 3359 Colim
1836 3306 2281 3378 cognouerunt
2327 3296 2613 3357 Marinus
2660 3296 2742 3356 de
2789 3296 3067 3357 Posellis.

368 3414 676 3473 comittus
721 3411 935 3493 galere
975 3410 1165 3491 Jadre
1226 3421 1288 3471 et
1352 3411 1541 3473 Vitus
1589 3410 1671 3470 de
1719 3410 2010 3471 Benaldo
2073 3412 2208 3470 eius
2269 3410 2602 3470 nauclerus
2661 3412 2770 3489 qui
2817 3409 3068 3471 fuerunt

358 3536 423 3585 et
470 3535 620 3587 sunt
666 3535 862 3586 testes
908 3523 990 3585 de
1037 3524 1337 3584 omnibus
1384 3523 1737 3596 antedictis,
1790 3522 1967 3603 quod
2015 3524 2063 3581 si
2110 3541 2395 3601 unquam
2458 3534 2684 3583 contra
2743 3522 2910 3585 hanc
2955 3522 3070 3583 do-

360 3641 649 3701 nacionis
717 3648 781 3699 et
826 3639 1177 3698 securitatis
1236 3647 1477 3697 cartam
1540 3639 1628 3697 ire
1688 3646 2111 3715 temptauerO,
2173 3647 2324 3696 tunc
2386 3635 2732 3696 emendare
2794 3634 3064 3696 debeam

358 3770 509 3813 cum
558 3752 717 3812 meis
763 3751 1104 3811 heredibus
1149 3750 1260 3810 tibi
1333 3761 1397 3810 et
1465 3752 1589 3809 tuis
1650 3748 1992 3810 heredibus
2059 3750 2192 3809 auri
2257 3748 2449 3809 libras
2509 3751 2794 3828 quinque
2841 3758 2905 3807 et
2950 3747 3069 3808 hec

356 3864 738 3925 donacionis
798 3876 861 3923 et
921 3864 1272 3923 securitatis
1318 3873 1490 3922 carta
1536 3864 1600 3921 in
1646 3880 1759 3922 sua
1807 3870 2066 3921 maneat
2136 3860 2449 3921 firmitate.
2519 3861 2788 3941 Signum
2850 3876 3068 3938 supra-

354 3979 573 4055 scripti
622 3976 865 4037 Nicolai
913 3974 1123 4039 Colim
1169 3977 1276 4055 qui
1323 3974 1447 4035 hoc
1494 3976 1741 4055 rogauit
1785 3972 1938 4035 fieri.

534 4092 779 4165 (Drugi
820 4090 1121 4167 rukopis.)

530 4201 571 4283 †
616 4202 759 4284 Ego
798 4202 955 4282 Jaco
1003 4248 1503 4263 .........
1551 4210 1767 4261 testor.

482 4336 487 4339 ·
530 4314 569 4397 †
614 4315 757 4397 Ego
805 4314 1015 4379 Cerna
1059 4315 1142 4377 de
1190 4315 1479 4390 Muruica
1524 4323 1739 4375 testor.

534 4429 749 4509 (Sign.
794 4432 949 4501 not.)
995 4428 1137 4509 Ego
1180 4427 1505 4508 Johannes
1551 4425 1895 4505 Beltraymi
1944 4426 2276 4506 presbyter
2308 4436 2372 4486 et
2406 4426 2687 4485 notarius
2734 4424 3056 4502 compleui

352 4554 417 4603 et
464 4542 783 4603 roboraui.

530 4657 639 4718 Na
686 4657 941 4732 leq'yima
961 4678 981 4713 .·
1028 4652 1217 4718 Carte
1265 4654 1636 4735 Bogodana.

540 4874 839 4949 Ortginal
880 4893 921 4930 u
958 4873 1219 4948 gubern.
1269 4871 1493 4929 arkivu
1540 4892 1581 4929 u
1626 4870 1861 4939 Zadru,
1909 4872 2048 4927 odio
2093 4879 2341 4929 samost.
2387 4888 2474 4927 sv.
2520 4868 2764 4926 Nikole.
2816 4868 2906 4925 br.
2962 4871 3057 4924 38.
