3797 5795
1544 455 1622 465 —-
1689 422 1963 486 659-

383 606 514 661 847.
552 610 711 666 1265.
747 609 1069 677 Stephanus
1105 608 1253 662 Uros
1289 624 1392 661 rex
1427 609 1657 663 Serbiae
1699 609 1941 678 Johanni
1991 610 2233 680 Quirino
2290 609 2490 663 comiti
2540 610 2815 679 Ragusae‚
2864 616 2925 662 ut

603 697 804 750 Niconi
840 695 926 749 vel
965 695 1140 749 salem
1179 694 1264 748 vel
1303 696 1601 763 pecuniam
1640 698 1826 750 tradat
1908 736 2903 753 ...............
2999 701 3101 751 362

391 825 512 880 848.
551 826 710 883 1266.
749 826 836 883 13.
875 826 1120 881 ianuarii.
1173 826 1487 895 laurablao.
1548 826 1872 895 Stephanus
1907 834 1965 880 et
2000 828 2283 898 Georgius
2333 828 2405 881 de
2454 844 2660 899 genere
2696 828 2919 897 Driivoj

601 920 830 981 pactum
868 914 942 967 de
977 920 1127 966 terra
1151 899 1511 979 Cresnievica
1545 921 1748 967 vocata
1784 930 1913 968 curn
1950 916 2161 969 comite
2197 916 2427 969 Andrea
2464 916 2633 969 fratre
2668 914 2921 985 magistri

601 999 752 1052 Petri
786 1000 1063 1068 prepositi
1102 985 1426 1053 Cazmensis
1463 1000 1715 1055 fecerunt
1768 1040 2897 1056 .................
2996 1005 3099 1055 363

383 1128 510 1183 849.
549 1130 706 1185 1266.
741 1129 833 1187 21.
871 1130 1114 1185 ianuarii.
1151 1129 1376 1185 Porueil.
1412 1129 1676 1183 Clemens
1712 1131 1802 1183 IV.
1842 1146 1992 1199 papa
2029 1132 2145 1201 regi
2196 1132 2381 1199 Belae,
2430 1139 2493 1184 ut
2539 1130 2917 1199 Timotheum,

597 1216 732 1269 licet
787 1216 1027 1287 ignobili
1075 1216 1208 1269 loco
1268 1223 1435 1269 natus
1485 1218 1572 1283 sit,
1620 1220 1677 1269 in
1713 1218 2051 1285 episcopum
2090 1218 2525 1287 Zagrabiensem
2562 1218 2793 1271 tandem
2831 1233 2922 1271 ac-

599 1310 828 1370 ceptare
865 1302 999 1355 velit
1073 1343 2899 1361 ...........................
2997 1308 3098 1358 364

389 1432 507 1486 850.
549 1434 709 1491 1266.
734 1433 787 1488 3.
823 1433 1104 1488 februarii.
1151 1434 1376 1501 spalati.
1432 1434 1696 1487 Diminca
1731 1450 1878 1487 uxor
1914 1433 2131 1488 Michae
2166 1433 2334 1489 Prodi
2374 1436 2537 1487 matri
2575 1450 2711 1487 suae
2747 1433 2921 1487 Prvae

599 1527 806 1573 terram
844 1522 902 1573 in
941 1520 1218 1576 Gradinik
1255 1522 1422 1573 sitam
1461 1522 1653 1574 vendit
1696 1561 2894 1579 ..................
2994 1525 3095 1575 367

387 1632 509 1687 851.
548 1634 708 1690 1266.
749 1634 829 1687 15.
868 1633 1152 1689 februarii.
1187 1634 1436 1689 iaderae.
1473 1632 1605 1686 Vita
1639 1633 1809 1687 vidua
1851 1634 2047 1687 vineas
2093 1632 2153 1687 in
2190 1634 2385 1687 Monte
2421 1635 2629 1687 Ferreo
2667 1634 2807 1687 sitas
2847 1634 2922 1687 ad

601 1720 1079 1788 redemptionem
1116 1722 1339 1773 animae
1377 1722 1562 1774 mariti
1600 1722 1686 1774 sui
1725 1723 1905 1775 donat
1957 1760 2887 1776 ..............
2987 1724 3089 1774 368

379 1832 508 1886 852.
546 1834 705 1890 1266.
739 1833 792 1887 3.
831 1834 1026 1889 martii.
1087 1832 1294 1887 Coram
1351 1834 1607 1889 Gerardo
1663 1835 2125 1903 vicepreceptore
2172 1833 2379 1887 domus
2424 1833 2659 1887 militiae
2694 1833 2917 1902 Templi

597 1920 934 1972 Leonardus
971 1928 1030 1973 et
1065 1920 1360 1975 Rolandus
1413 1921 1512 1974 filii
1567 1920 1840 1989 Stephani
1897 1937 2029 1973 suas
2082 1926 2259 1973 terras
2321 1921 2539 1974 Horvat
2574 1926 2633 1973 et
2669 1920 2785 1974 Usa
2820 1937 2915 1974 vo-

597 2012 755 2059 catas
791 2022 920 2060 cum
958 2023 1056 2060 eas
1091 2008 1368 2061 redimere
1405 2024 1524 2060 non
1558 2009 1866 2076 potuerint,
1906 2008 2179 2077 magistro
2216 2007 2482 2061 Haholdo
2520 2008 2752 2061 tradunt
2804 2049 2817 2063 .
2874 2048 2887 2061 .
2986 2011 3087 2063 369

383 2117 510 2172 853.
550 2119 708 2175 1266.
746 2119 813 2175 15.
853 2120 1048 2175 11131111.
1086 2121 1308 2176 ΡοηΙ811.
1365 2120 1629 2174 Clemens
1665 2120 1755 2173 IV.
1795 2136 1946 2188 papa
1982 2118 2375 2172 remissionem
2414 2126 2780 2187 peccatorum
2819 2121 2917 2173 dat

599 2206 866 2259 omnibus
913 2207 1010 2275 qui
1061 2206 1306 2260 confessi
1363 2206 1709 2260 dedicationi
1764 2206 2041 2260 ecclesiae
2090 2206 2307 2260 ordinis
2343 2205 2799 2259 Praedicatorum
2831 2206 2919 2275 Ja-

600 2293 888 2346 drensiurn
925 2293 1188 2346 intersint
1272 2332 2891 2349 ........................
2991 2298 3093 2347 370

379 2404 511 2457 854.
551 2405 696 2461 1266.
735 2406 816 2460 15.
855 2406 1048 2460 martii.
1099 2406 1320 2460 Poruall.
1371 2405 1636 2458 Clemens
1673 2406 1763 2458 IV.
1801 2421 1953 2473 papa
1987 2402 2381 2457 remissionem
2419 2411 2785 2472 peccatorum
2824 2405 2923 2458 dat

599 2492 866 2545 omnibus
887 2491 986 2561 qui
1003 2493 1077 2545 ad
1101 2490 1401 2545 ecclesiam
1441 2493 1656 2546 ordinis
1682 2492 2138 2545 Praedicatorum
2157 2491 2447 2560 jadrensis
2472 2492 2915 2545 construendam

596 2579 808 2647 aliquid
845 2580 1256 2633 contribuerint
1341 2618 2893 2635 .......................
2990 2583 3090 2634 371

381 2690 509 2744 855.
550 2692 708 2747 1266.
763 2692 852 2749 20.
895 2693 1090 2748 martii.
1143 2694 1418 2763 Magister
1465 2692 1706 2745 Michael
1754 2691 1903 2744 filius
1956 2691 2241 2745 Simeonis
2286 2691 2481 2744 vendit
2527 2689 2826 2744 Pancratio
2863 2697 2921 2743 et

597 2777 773 2831 Paulo
811 2778 942 2831 filiis
979 2780 1188 2833 Pascae
1221 2788 1454 2833 centum
1507 2781 1711 2833 marcis
1759 2788 1969 2832 terram
2001 2778 2064 2831 in
2102 2776 2269 2832 Garie
2305 2778 2574 2831 donatam
2630 2778 2921 2846 quondam

595 2882 630 2918 a
666 2881 798 2937 rege
833 2866 966 2920 Bela
995 2905 2891 2923 ............................
2988 2869 3093 2919 372

376 2979 508 3033 856.
551 2980 710 3037 1266.
749 2981 848 3037 28.
887 2981 1083 3036 11131111.
1117 2981 1253 3034 Bela
1289 2997 1392 3033 rex
1426 2981 1748 3052 Hungariae
1783 2987 1840 3032 et
1875 2978 2140 3032 Croatiae
2176 2977 2480 3031 restituens
2516 2978 2789 3048 magistro
2812 2979 2919 3031 Mi-

597 3067 777 3120 chaeli
830 3069 1074 3135 pretium
1123 3069 1281 3136 quod
1330 3075 1628 3136 acceperat
1664 3083 1697 3121 a
1733 3066 2031 3120 Pancratio
2085 3073 2157 3118 et·
2196 3065 2371 3119 Paulo
2424 3064 2552 3119 filiis
2598 3065 2772 3118 Pasce
2810 3081 2916 3133 pro

595 3155 826 3208 vendita
862 3156 1106 3223 quadarn
1144 3162 1294 3208 terra
1329 3155 1547 3208 confert
1585 3169 1710 3208 eam
1745 3152 2055 3222 praedictis
2090 3152 2218 3205 filiis
2252 3153 2428 3205 Pasce
2527 3191 2889 3207 ......
2987 3155 3089 3205 373

379 3265 507 3321 857.
547 3268 709 3325 1266.
746 3270 780 3324 Ι.
817 3269 1024 3336 aprilis.
1060 3268 1310 3324 iadorae.
1341 3267 1580 3337 Jurislav
1614 3268 1943 3321 Prvonosev
1978 3283 2011 3320 a
2047 3266 2397 3320 monasterio
2445 3265 2525 3319 St.
2564 3264 2921 3334 Chrysogoni

597 3355 820 3408 vineam
857 3354 917 3408 in
956 3355 1194 3408 Ceredol
1237 3357 1402 3409 sitam
1443 3354 1839 3409 excollendam
1877 3355 2086 3422 accipit
2114 3395 2127 3408 .
2183 3396 2198 3409 .
2256 3393 2268 3406 .
2326 3393 2337 3406 .
2378 3377 2387 3384 ·
2396 3390 2896 3408 ........
2994 3355 3097 3404 374

379 3467 508 3521 858.
546 3468 704 3526 1266.
744 3469 796 3524 7.
831 3469 1040 3536 aprilis·
1075 3468 1330 3524 venetiis.
1384 3469 1703 3522 Commune
1748 3469 2009 3537 Ragusae
2059 3469 2299 3520 Romam
2338 3465 2647 3518 sollemnes
2682 3464 2919 3518 nuntios

597 3554 770 3606 mittit
806 3562 863 3607 et
902 3556 1045 3609 hanc
1085 3556 1162 3608 ob
1199 3572 1318 3608 rem
1357 3555 1612 3608 Venetiis
1649 3555 1950 3622 pecuniam
1988 3555 2159 3606 sumit
2245 3591 2888 3608 ..........
2992 3555 3095 3605 375

377 3667 504 3720 859.
543 3667 703 3723 1266.
740 3667 794 3722 8.
831 3668 1036 3735 api-lue.
1088 3667 1289 3724 Catari.
1349 3669 1672 3735 Episcopus
1709 3665 2039 3720 Catarensis
2096 3663 2281 3718 ordini
2333 3663 2796 3718 Praedicatorum
2832 3679 2923 3717 ec·

593 3753 828 3806 clesiam
865 3753 946 3806 St.
983 3753 1140 3808 Pauli
1179 3754 1474 3807 confirmat
1557 3789 2894 3809 ....................
2991 3752 3091 3802 377

384 3865 506 3919 860.
545 3868 702 3923 1266.
755 3867 836 3922 ii.
874 3867 1080 3934 aprilis.
1141 3867 1454 3935 2391311130.
1514 3865 1722 3920 Coram
1769 3865 2021 3934 capitulo
2071 3863 2345 3918 ecclesiae
2394 3861 2785 3932 Zagrabiensis
2828 3861 2919 3928 Jo-

593 3953 811 4006 hannes
853 3969 1048 4006 comes
1085 3953 1157 4006 de
1193 3955 1432 4007 Modrus
1469 3960 1725 4019 testatur,
1763 3967 1825 4006 se
1861 3952 2056 4005 dotem
2104 3951 2301 4004 uxoris
2337 3965 2474 4003 suae
2511 3964 2543 4000 a
2581 3945 2918 4016 propinquis

595 4041 763 4108 primi
799 4041 924 4094 eius
960 4040 1150 4093 mariti
1187 4040 1482 4109 accepisse
1554 4075 2891 4095 ....................
2990 4037 3091 4087 378

380 4151 504 4206 861.
548 4153 708 4210 1266.
745 4154 829 4210 14.
869 4155 1075 4221 aprilis.
1124 4152 1350 4221 Spalatl.
1403 4155 1632 4223 Dragan
1668 4149 1962 4205 Radorniri
1999 4167 2031 4202 a
2069 4151 2278 4218 Dujmo
2316 4147 2561 4201 Cassaro
2598 4147 2819 4198 vineam
2858 4145 2917 4197 in

598 4239 833 4292 Vlacine
869 4241 1053 4306 sitam,
1095 4239 1470 4292 excolendam
1507 4238 1716 4306 accipit
1763 4273 2893 4294 .................
2990 4235 3091 4285 378

379 4352 503 4406 862.
542 4353 700 4409 1266.
737 4352 820 4408 13.
856 4352 998 4406 1111111.
1058 4351 1324 4404 Clemens
1361 4351 1451 4402 IV.
1489 4366 1637 4418 papa
1673 4351 1780 4402 sub
1817 4347 2236 4417 protectionem
2286 4345 2524 4412 suscipit
2572 4345 2909 4412 episcopum

592 4438 1024 4510 Traguriensem
1063 4446 1120 4490 et
1157 4438 1349 4491 omnia
1383 4452 1486 4488 sua
1519 4435 1644 4488 iura
1679 4442 1736 4488 et
1773 4434 2171 4503 possessiones
2248 4469 2887 4487 ..........
2988 4433 3093 4482 380

383 4552 505 4606 863.
545 4553 706 4609 1266.
743 4554 832 4609 21.
872 4551 1014 4608 1111111.
1062 4549 1320 4618 Trauurll.
1363 4547 1760 4602 columbanus
1806 4545 2113 4615 episcopus
2148 4542 2542 4612 Traguriensis
2580 4549 2637 4594 et
2672 4542 2795 4594 eius
2830 4557 2919 4594 ca-

583 4638 834 4707 pitulum
869 4639 1026 4692 litem
1064 4653 1192 4692 curn
1230 4636 1518 4689 communi
1555 4633 1917 4702 Traguriensi
1954 4634 2026 4685 de
2063 4631 2283 4684 decima
2320 4635 2659 4697 conponunt
2734 4668 2748 4682 .
2804 4669 2817 4681 .
2874 4668 2887 4681 .
2987 4632 3091 4680 382

379 4751 502 4804 864.
541 4753 699 4809 1266.
735 4753 836 4808 22.
875 4751 1018 4806 1111111.
1054 4747 1281 4816 spalatl.
1317 4747 1548 4801 Pactum
1587 4747 1660 4799 de
1695 4743 1937 4813 pecunia
1974 4749 2171 4796 mutuo
2208 4748 2436 4809 sumpta
2524 4782 2537 4794 .
2595 4781 2608 4794 .
2635 4747 2638 4752 ’
2666 4781 2679 4794 .
2736 4781 2749 4794 .
2806 4779 2819 4792 .
2875 4779 2889 4793 .
2987 4743 3107 4832 384-

367 4833 501 4917 865.
541 4865 697 4922 1266.
735 4866 834 4920 22.
876 4864 1019 4919 1111111.
1053 4862 1290 4918 vitei-bn.
1341 4859 1605 4914 Clemens
1639 4857 1730 4910 IV.
1769 4872 1919 4925 papa
1956 4857 2188 4908 mandat
2223 4854 2658 4921 archiepiscopo
2697 4852 2914 4922 Strigo-

591 4951 791 5018 mensi,
845 4959 908 5004 ut
961 4952 1042 5004 ad·
1087 4951 1174 5003 ius
1226 4954 1284 5001 et
1341 4947 1748 5015 proprietatem
1807 4945 2177 5011 episcopatus
2227 4939 2623 5010 Zagrabiensis
2682 4944 2912 4991 revocet

590 5053 794 5090 >omnes
832 5037 1231 5104 possessiones
1267 5043 1326 5088 et
1379 5036 1502 5086 iura
1547 5047 1694 5100 quae
1741 5038 1800 5084 et
1835 5046 1977 5099 quas
2015 5029 2487 5096 praedecessores
2525 5026 2783 5094 episcopi
2821 5023 2917 5077 Ti-

584 5124 809 5178 mothei
846 5123 1210 5176 contulerunt
1248 5120 1544 5175 nonnullis
1580 5118 1802 5172 clericis
1839 5124 1896 5170 et
1931 5115 2092 5170 laicis
2180 5153 2475 5172 .....
2495 5145 2503 5155 -
2529 5150 2892 5168 ......
2990 5113 3095 5166 385
