3797 5795
1857 369 2273 432 —318—

710 573 962 626 terram,
1009 577 1202 638 quam
1253 577 1440 636 supra
1488 571 1739 632 terram,
1785 577 1934 619 cum
2000 559 2303 621 omnibus
2347 561 2465 620 uiis
2510 569 2574 620 et
2620 559 2880 620 callibus
2926 561 3067 633 suiS‚
3110 579 3187 620 ac
3236 563 3417 620 omni

711 691 828 732 suo
891 673 1022 732 iure
1085 681 1149 732 et
1209 689 1357 731 cum
1419 672 1608 750 plena
1672 673 1905 732 uirtute
1968 681 2032 732 et
2091 683 2411 751 potestate
2465 672 2806 746 uendendi,
2850 672 3063 747 dandi,
3108 672 3423 741 donandi,

708 784 1047 846 edificandi
1096 797 1159 845 et
1205 784 1559 844 secundum
1608 785 1784 863 quod
1829 785 2080 864 prefato
2130 787 2519 847 monasterio
2564 784 2647 846 de
2694 785 2865 846 dicto
2913 785 3057 846 loco
3102 785 3420 864 placuerit

707 899 999 973 faciendi,
1061 901 1317 959 nemine
1385 898 1502 958 sibi
1572 898 2068 959 contradicente.
2135 896 2243 959 Ob
2312 917 2507 978 quam
2579 898 2839 978 quidem
2908 897 3260 972 dationem,
3308 897 3425 958 do-

707 1014 1056 1086 nationem,
1123 1011 1560 1072 uenditionem
1634 1014 1767 1072 siue
1835 1015 2333 1073 transactionem
2396 1033 2434 1072 a
2495 1022 2559 1072 te
2622 1011 3064 1093 Bonnesegna‚
3130 1012 3291 1072 olim
3340 1011 3425 1072 de

710 1127 972 1188 Verona
1035 1143 1206 1186 nunc
1265 1125 1623 1184 habitatore
1681 1124 1871 1205 Jadre
1918 1143 1994 1185 ac
2038 1134 2452 1204 procuratore
2524 1125 2884 1185 monasterii
2931 1123 3259 1192 antedicti,
3308 1143 3424 1183 no·

714 1243 887 1300 mine
933 1257 1008 1298 ac
1055 1241 1194 1299 uice
1240 1238 1434 1316 ipsius
1481 1240 1844 1298 monasterii
1893 1239 2250 1316 recepimus
2311 1238 2501 1298 libras
2561 1237 2967 1298 denariorum
3039 1247 3422 1296 venetorum

707 1371 1054 1432 paruorum
1117 1352 1350 1431 viginti.
1402 1350 1596 1412 Vnde
1657 1369 1804 1411 cum
1869 1354 2101 1411 nostris
2162 1351 2501 1412 heredibus
2546 1361 2609 1412 et
2656 1351 3125 1412 successoribus
3170 1350 3422 1410 dictum

708 1466 924 1526 locum
991 1483 1139 1525 cum
1207 1465 1334 1524 suis
1402 1465 1703 1524 omnibus
1772 1465 2268 1525 circumstanciis
2334 1475 2695 1524 memorato
2755 1466 3145 1524 monasterio
3215 1464 3421 1522 sancti

712 1578 983 1656 Nicolay
1029 1577 1112 1636 ab
1159 1579 1334 1636 omni
1384 1576 1644 1636 homine
1675 1575 2175 1656 excalumpniari
2210 1586 2274 1637 et
2305 1575 2640 1637 defensare
2686 1577 2999 1637 debemus
3030 1587 3093 1636 et
3126 1587 3425 1636 tenemur

708 1709 900 1769 super
945 1709 1064 1751 nos
1095 1702 1159 1750 et
1191 1691 1408 1750 omnia
1457 1699 1673 1748 nostra
1718 1689 1893 1748 bona
1942 1688 2156 1749 habita
2201 1700 2265 1750 et
2295 1688 2594 1750 habenda
2624 1691 2690 1749 in
2720 1689 2845 1750 hoc
2890 1689 3125 1749 seculo.
3172 1685 3419 1748 Actum

705 1815 803 1864 est
838 1803 961 1864 hoc
993 1813 1056 1863 et
1087 1801 1409 1863 firmatum
1445 1819 1662 1861 coram
1695 1801 1792 1862 his
1823 1805 2067 1862 uocatis
2098 1813 2162 1862 et
2192 1803 2429 1883 rogatis
2458 1801 2741 1876 testibus
2772 1801 3010 1862 scilicet
3046 1801 3423 1881 Justachino

707 1917 792 1977 de
840 1917 1090 1978 Palacio
1139 1916 1464 1988 Brixiensi‚
1511 1913 1822 1995 Bogdano
1871 1914 1999 1976 filio
2048 1915 2376 1993 quondam
2428 1913 2722 1977 Clamote
2768 1925 2829 1975 et
2876 1913 3029 1974 aliis,

885 2032 1131 2104 (Drugi
1173 2031 1469 2106 rukopis).

885 2143 1025 2224 Ego
1073 2139 1274 2205 Candi
1322 2141 1403 2202 de
1449 2141 1679 2222 Ragno
1725 2142 2128 2202 examinator
2171 2159 2434 2201 manum
2483 2143 2640 2202 misi.

885 2257 1190 2332 (Rukopis
1233 2256 1350 2313 kao
1397 2257 1483 2312 od
1517 2255 1770 2332 podetka
1817 2256 2074 2317 listine).
2091 2291 2103 2302 ·

885 2368 1026 2449 Ego
1073 2368 1264 2430 Vitus
1308 2377 1528 2427 sancte
1559 2365 1760 2427 Marie
1792 2366 2047 2426 maioris
2078 2367 2340 2428 clericus
2371 2377 2435 2427 et
2461 2365 2783 2447 Jadrensis
2829 2370 3108 2428 notarius
3153 2367 3414 2427 interfui

705 2492 984 2562 rogatuS,
1052 2492 1120 2541 ut
1191 2480 1404 2540 audiui
1475 2479 1641 2540 hanc
1714 2491 1955 2540 cartam
2032 2480 2269 2558 scripsi,
2342 2479 2641 2541 roboraui
2710 2491 2775 2540 et
2840 2481 3024 2561 signo
3100 2489 3421 2540 consueto

705 2596 968 2675 signaui.

885 2710 1181 2782 (Stg'num
1229 2709 1509 2775 notarii).

894 2867 1192 2941 Ortginal
1233 2886 1272 2923 u
1311 2865 1571 2940 gubern.
1631 2863 1854 2922 arkivu
1902 2885 1941 2923 u
1988 2865 2221 2934 Zadru,
2268 2865 2407 2923 odio
2474 2873 2719 2923 samost.
2768 2884 2852 2922 sv.
2902 2863 3129 2922 Ne'kole
3174 2863 3269 2921 br.
3328 2869 3415 2921 45.

704 3298 912 3377 1264,
962 3299 1068 3361 23.
1129 3294 1537 3362 decembre..
1970 3172 2168 3254 8⁰⁷·

707 3426 882 3490 Bela
951 3427 1141 3512 kralj
1201 3423 1495 3510 ugarskt'
1535 3424 1568 3487 i
1604 3424 1923 3489 hrvatskz'
1981 3425 2140 3512 daje
2207 3425 2481 3489 slobodu
2561 3424 2937 3509 Tiburczju,
3008 3424 3274 3487 buduc‘t'
3312 3426 3413 3489 be:

1148 3538 1346 3623 djece,
1400 3539 1490 3601 da
1537 3544 1712 3601 maie
1757 3538 1909 3623 svoj
1941 3539 2188 3624 posjed
2228 3536 2514 3601 ostavz'tz'
2551 3539 2753 3601 komu
2798 3538 2971 3601 hoc‘e.

881 3731 1031 3793 Bela
1080 3732 1181 3792 dei
1228 3733 1427 3812 gratia
1461 3730 1790 3812 Hungarie
1821 3741 1939 3791 etc.
1970 3749 2088 3791 rex
2110 3740 2228 3791 etc.
2261 3729 2438 3810 quod
2470 3728 2675 3791 fidelis
2706 3740 2921 3791 noster
2951 3733 3254 3812 magister
3287 3730 3417 3809 Ty—

707 3846 960 3905 burcius
993 3892 1189 3904 .....
1223 3842 1584 3922 postulavit,
1615 3852 1682 3903 ut
1715 3861 1862 3904 cum
1902 3843 2243 3904 liberorum
2277 3842 2516 3903 solacio
2548 3853 2761 3903 careat
2792 3841 2875 3902 de
2904 3844 3417 3921 possessionibus

705 3959 834 4018 suis
881 3958 1286 4023 hereditariis,
1346 3958 1677 4035 empticiiS‚
1731 3956 2067 4017 donaticiis
2124 3974 2238 4017 seu
2300 3971 2710 4034 quocumque
2768 3954 2894 4015 alio
2942 3955 3142 4016 modo
3188 3956 3419 4017 habitis

702 4082 771 4131 et
817 4074 1140 4151 possessiS,
1185 4090 1259 4131 ac
1306 4072 1388 4131 de
1433 4071 1623 4132 rebus
1669 4071 1970 4131 omnibus
2016 4071 2143 4130 suis
2186 4068 2534 4129 mobilibus
2570 4076 2635 4129 et
2670 4068 3103 4129 immobilibus
3146 4068 3409 4129 liberam

698 4184 819 4244 sibi
871 4184 1187 4255 daremu5,
1232 4186 1614 4264 cuicumque
1661 4182 1848 4243 vellet
1895 4182 2230 4243 ordinandi
2297 4182 2687 4243 facultatem.
2734 4180 2870 4241 Nos
2916 4228 3172 4241 .....
3218 4184 3415 4261 ipsius

698 4300 965 4357 servicia
1014 4344 1266 4355 .....
1316 4296 1398 4357 ad
1473 4296 1848 4356 memoriam
1925 4304 2296 4355 revocantes
2362 4313 2448 4355 ex
2514 4296 2725 4375 gracia
2790 4294 3047 4373 speciali
3110 4293 3413 4355 duximus

694 4410 1218 4486 concedendum,
1261 4420 1330 4470 ut
1379 4409 1550 4470 idem
1599 4408 1680 4469 de
1727 4408 2027 4469 omnibus
2072 4408 2263 4468 rebus
2306 4418 2371 4467 et
2417 4406 2927 4487 possessionibus
2972 4408 3099 4467 suis
3144 4406 3407 4467 liberam

697 4520 938 4586 habeat
1025 4524 1406 4602 cuicumque
1473 4521 1758 4595 voluerit,
1826 4519 2141 4581 cruciferis
2209 4520 2548 4581 dumtaxat
2622 4521 2962 4599 exemptis,
3026 4518 3403 4599 disponendi

700 4634 1076 4698 facultatem
1127 4684 1384 4696 .....
1461 4633 1660 4696 Anno
1708 4634 1953 4695 domini
2004 4632 2191 4707 1264,
2235 4632 2489 4693 decimo
2536 4630 2846 4693 kalendas
2890 4634 3167 4706 ianuarii,
3232 4634 3408 4713 regni

701 4751 902 4809 nostri
949 4768 1120 4810 anno
1167 4748 1408 4811 XXVI.
1428 4745 1491 4831 (l)

879 4908 1007 4965 Act.
1059 4928 1213 4965 mon.
1269 4908 1466 4966 Garic'
1485 4908 1662 4983 fasc.
1709 4913 1753 4964 1.
1802 4928 1898 4966 no,
1949 4909 2004 4965 2.
2048 4940 2132 4951 —-
2166 4908 2255 4965 Po
2292 4906 2599 4981 prq'jepisu
2646 4904 2851 4963 Ivana
2908 4904 3215 4973 Tkalc‘ic‘ffi
3248 4924 3286 4960 a
3318 4902 3407 4959 mi

704 5030 782 5065 nc
843 5014 1161 5087 nadjosmo
1219 5012 1554 5089 orzginala,
1602 5010 1730 5084 koji
1769 5014 1843 5087 je
1909 5010 2006 5069 bio
2068 5030 2109 5068 u
2170 5010 2474 5085 Zagrebu,
2522 5030 2561 5068 a
2621 5011 2890 5068 odnesen
2935 5012 3012 5085 je
3072 5030 3104 5066 s
3162 5008 3402 5081 drugim

703 5114 1068 5175 komorskim
1115 5118 1372 5193 spisima
1421 5138 1462 5174 u
1508 5116 1916 5192 Budimpes'tu
1952 5118 2099 5191 god.
2148 5118 2311 5172 1885.
