3797 5795
389 861 597 941 1257,
640 863 746 927 17.
786 862 968 945 jula.
1016 864 1075 929 U
1121 863 1383 930 Zadru.

390 1048 723 1114 Dz'mz‘nce
767 1053 986 1116 Prvos‘
1031 1053 1067 1116 ι’
1099 1063 1264 1118 aena
1313 1075 1426 1117 mu
1475 1055 1721 1140 Draga
1759 1055 2175 1140 poklanjaju
2226 1054 2390 1118 nekt‘
2420 1055 2667 1139 possed
2707 1063 3109 1119 samostanu

1539 1189 1634 1230 sv.
1687 1166 1961 1230 A'z'kole.

571 1357 644 1418 In
709 1357 938 1422 Christi
1004 1361 1285 1424 nomine.
1349 1358 1546 1420 Anno
1592 1362 2041 1421 incarnationis
2087 1364 2219 1422 eius
2283 1361 2617 1422 millesimo
2666 1362 3109 1423 ducentesimo

395 1472 927 1552 quinquagesimo
957 1475 1252 1552 septim0‚
1299 1474 1533 1534 mensis
1580 1474 1722 1548 iulii,
1753 1475 1858 1534 die
1905 1475 2385 1553 quintodecimo
2416 1487 2711 1542 exeunte,
2759 1474 3107 1535 indictione

393 1583 890 1662 quintadecima,
930 1585 1174 1665 Jadere.
1243 1587 1676 1665 Temporibus
1746 1587 1990 1647 domini
2056 1588 2349 1664 Raynerii
2412 1585 2595 1659 Geni,
2662 1588 2855 1648 incliti
2925 1587 3106 1648 ducis

395 1697 682 1758 Venecie
749 1708 813 1758 et
891 1701 1169 1779 magistri
1251 1700 1592 1772 Laurentii,
1667 1701 2043 1760 venerabilis
2110 1699 2429 1779 Jadrensis
2504 1699 2961 1780 archiepiscopi
3032 1721 3107 1762 ac

397 1808 626 1870 Marini
673 1809 982 1884 Badoarii,
1045 1815 1278 1893 egregii
1323 1815 1590 1874 comitis.
1639 1813 1775 1873 Nos
1821 1813 2117 1874 Dimince
2164 1813 2405 1873 Puruos
2450 1824 2511 1874 et
2559 1812 2774 1894 Draga
2820 1817 3105 1874 coniunx

392 1922 873 1984 considerantes
919 1924 1368 1986 condicionem
1417 1926 1814 1986 mundanam
1846 1946 1985 1986 esse
2025 1925 2311 2006 fragilem
2344 1938 2406 1986 et
2440 1927 2769 2000 caducam,
2816 1926 3107 1988 uolentes

393 2037 628 2096 seruire
673 2035 961 2112 domin0‚
1007 2040 1114 2116 qui
1163 2039 1580 2118 multiplicato
1643 2040 1850 2100 fructu
1912 2059 2060 2100 suos
2120 2049 2481 2100 remunerat
2542 2042 2896 2130 seruitores‚
2959 2040 3105 2100 ideo

387 2147 568 2207 bona
600 2159 815 2209 nostra
847 2159 909 2210 et
941 2153 1210 2231 gratuita
1258 2153 1590 2213 uoluntate
1620 2173 1736 2232 pro
1768 2153 2055 2213 remedio
2088 2165 2219 2212 tam
2266 2163 2675 2231 peccatorum
2725 2164 3107 2228 nostrorum,

393 2279 590 2339 quarn
651 2263 844 2322 etiam
906 2277 1244 2342 parentum
1309 2277 1672 2326 nostrorum
1735 2263 2062 2326 offerimus
2122 2285 2429 2344 personas
2474 2276 2725 2326 nostras
2771 2275 2833 2326 et
2881 2285 3107 2327 omnes

393 2393 492 2434 res
554 2393 712 2454 quas
776 2375 965 2436 hodie
1027 2377 1339 2438 habemus
1400 2388 1460 2438 et
1525 2378 1790 2439 habituri
1857 2381 2091 2440 erimus
2154 2389 2292 2439 toto
2352 2390 2646 2456 tempore
2702 2380 2828 2439 vite
2876 2389 3107 2452 nostre,

393 2486 686 2548 videlicet
771 2508 965 2550 unam
1041 2492 1290 2550 vineam
1379 2495 1650 2570 positam
1732 2491 1814 2552 ad
1893 2489 2335 2574 (jerodol(um)
2414 2494 2589 2552 iuxta
2668 2491 3107 2552 Radoslauum

396 2598 712 2676 Gertauec
757 2601 840 2662 de
896 2612 1173 2664 trauersa
1221 2613 1284 2664 et
1330 2605 1506 2664 iuxta
1566 2604 1891 2683 quandam
1958 2603 2305 2678 mulierem,
2369 2624 2492 2682 que
2539 2616 2805 2665 uocatur
2851 2603 3107 2678 Sabata,

395 2712 478 2774 de
539 2725 754 2775 austro
817 2715 1195 2776 Leonardus
1259 2715 1422 2776 filius
1483 2717 1814 2792 quondam
1863 2716 2183 2776 Dominici
2247 2717 2455 2796 Longi
2520 2729 2583 2776 et
2631 2735 2826 2777 vnum
2891 2727 3103 2777 ortum

394 2829 676 2905 positum
723 2830 788 2888 in
833 2829 1065 2889 eodem
1129 2827 1452 2913 (Jerodolo
1513 2841 1574 2890 et
1639 2840 1912 2911 quatuor
1974 2831 2175 2909 petias
2238 2843 2403 2890 terre
2451 2831 2510 2889 in
2560 2830 2855 2890 manibus
2922 2849 3108 2890 vene-

394 2939 607 3000 rabilis
666 2942 985 3003 abbatisse
1047 2946 1410 3003 monasterii
1471 2946 1672 3004 sancti
1735 2942 2007 3022 Nicolay
2053 2944 2135 3004 de
2175 2942 2422 3022 Jadera,
2486 2946 2808 3023 recipienti
2857 2946 2996 3003 uice
3045 2955 3108 3003 et

395 3056 658 3114 nomine
722 3054 868 3115 dicti
932 3058 1316 3126 monasterii,
1364 3069 1432 3116 ut
1479 3057 1562 3117 ab
1609 3056 1800 3117 hodie
1846 3059 1909 3116 in
1957 3066 2145 3118 antea
2206 3058 2423 3117 omnia
2470 3058 2641 3117 bona
2704 3070 2917 3117 nostra
2982 3058 3107 3117 sint

393 3167 459 3225 in
527 3177 845 3245 potestate
911 3180 974 3229 et
1043 3170 1331 3229 dominio
1403 3172 1762 3231 monasterii
1837 3173 2191 3246 memorati,
2258 3170 2379 3230 hac
2446 3182 2664 3231 tamen
2726 3170 3107 3230 condicione

393 3280 614 3354 aiecta,
659 3291 729 3340 ut
774 3294 907 3341 tam
954 3301 1117 3343 unus
1171 3302 1366 3357 quam
1412 3282 1607 3343 ambo
1655 3283 1925 3356 insimul,
1970 3283 2179 3344 donec
2226 3285 2588 3358 uixerimus,
2634 3284 2951 3362 predictas
3000 3302 3102 3342 res

393 3411 508 3470 per
543 3412 661 3455 nos
691 3396 939 3456 oblatas
986 3399 1372 3456 monasterio
1420 3396 1743 3457 antedicto
1776 3400 1837 3457 in
1873 3416 2069 3457 manu
2100 3408 2163 3457 et
2194 3407 2511 3475 potestate
2559 3406 2775 3457 nostra
2820 3396 3101 3456 debeant

395 3524 742 3581 remanere,
797 3507 880 3569 ad
927 3509 1290 3569 faciendum
1340 3510 1421 3569 de
1484 3511 1608 3569 usis
1669 3508 1973 3569 fructibus
2036 3509 2463 3587 predictarum
2524 3528 2735 3569 rerum
2799 3508 3103 3585 quicquid

393 3620 632 3681 exinde
679 3621 865 3682 nobis
923 3621 1247 3701 placuerit,
1305 3634 1451 3701 post
1501 3642 1653 3682 uero
1701 3622 1950 3681 obitum
2012 3634 2301 3682 nostrum
2363 3641 2591 3682 omnes
2638 3640 2735 3682 res
2779 3620 3099 3699 predictas

393 3752 508 3811 per
554 3753 672 3793 nos
719 3746 1081 3796 memorato
1129 3738 1517 3797 monasterio
1581 3735 1839 3795 ossei-tas
1883 3754 1996 3795 seu
2043 3736 2242 3809 datas,
2304 3738 2429 3795 sint
2475 3738 2534 3794 in
2584 3744 2903 3813 potestate
2952 3734 3102 3793 dicti

391 3850 760 3909 monasterii
804 3850 940 3909 sine
983 3849 1194 3928 aliqua
1227 3848 1598 3910 difficultate
1631 3848 1730 3908 uel
1763 3848 2286 3920 contradictione,
2333 3850 2779 3925 promittentes
2825 3848 3105 3925 solemp-

393 3962 556 4021 niter
601 3959 954 4039 predictam
1004 3972 1286 4023 nostram
1337 3962 1760 4033 oblacionem‚
1806 3972 1938 4021 tam
1970 3978 2389 4039 personarum
2437 3979 2631 4037 quam
2664 3962 2852 4021 etiam
2890 3978 3100 4019 rerum

393 4084 771 4147 nostrarum,
816 4085 1020 4136 ratam
1067 4086 1128 4135 et
1177 4074 1608 4135 inuiolabilem
1655 4074 1995 4134 obseruare
2031 4076 2091 4133 in
2124 4084 2521 4153 perpetuum.
2569 4072 2765 4151 Quod
2801 4075 2846 4133 si
2885 4083 3107 4133 contra

393 4184 742 4260 fecerimuS,
802 4188 968 4247 facta
1032 4199 1244 4249 nostra
1290 4188 1416 4249 sint
1464 4189 1629 4247 irrita
1676 4197 1740 4247 et
1787 4189 1997 4247 inania
2042 4198 2105 4247 et
2150 4189 2584 4265 possessiones
2639 4198 2851 4247 nostre
2899 4204 3100 4264 penes

393 4300 602 4378 ipsum
651 4304 1109 4362 monasterium
1156 4311 1527 4361 remaneant
1572 4303 1708 4361 sine
1756 4310 1971 4360 nostra
2032 4300 2538 4360 contradictione
2584 4300 2687 4359 uel
2734 4309 3098 4359 nostrorum

389 4430 850 4473 successorum.
911 4412 1150 4475 Actum
1198 4425 1292 4474 est
1340 4414 1462 4474 hoc
1522 4424 1585 4473 et
1649 4412 1967 4473 firmatum
2030 4432 2247 4474 coram
2308 4413 2404 4473 his
2467 4414 2704 4472 vocatis
2750 4422 2813 4471 et
2859 4413 3098 4492 rogatis

395 4527 680 4601 testibuS,
724 4528 961 4589 scilicet
1009 4526 1229 4588 Madio
1279 4528 1506 4589 Vitace
1553 4526 1634 4585 de
1682 4525 1947 4600 Petu-ico,
1993 4525 2297 4588 Simeone
2344 4526 2425 4586 de
2457 4526 2517 4585 la
2552 4523 2785 4587 Clarita
2834 4536 2895 4585 et
2942 4524 3093 4585 aliis.

393 4638 536 4721 Ego
583 4640 938 4719 Raynerius
995 4641 1331 4701 Varicassa
1379 4644 1780 4701 examinator
1844 4658 2105 4699 manum
2156 4640 2311 4699 misi.
2358 4638 2499 4719 Ego
2546 4637 2822 4699 Michael
2882 4646 3102 4697 sancte

392 4752 593 4814 Marie
643 4756 896 4814 maioris
940 4754 1201 4814 clericus
1249 4764 1312 4813 et
1351 4753 1578 4833 Jadere
1627 4755 1909 4814 notarius
1956 4752 2201 4812 interfui
2250 4762 2523 4833 rogatuS‚
2572 4762 2639 4811 ut
2671 4750 2881 4811 audiui
2932 4748 3096 4809 hanc

391 4874 632 4927 cartam
681 4868 916 4945 scripsi,
964 4867 1258 4926 roboraui
1307 4878 1368 4926 et
1417 4868 1599 4947 signo
1646 4877 1958 4927 consueto
2006 4867 2267 4947 signaui.

569 4982 867 5055 (Stgnum
916 4983 1198 5048 notarii).

578 5094 878 5169 Ortjgt'nal
919 5114 957 5151 u
995 5094 1497 5169 gubernijalrmm
1546 5094 1766 5151 arkivu
1817 5114 1854 5151 n
1905 5096 2135 5161 Zadru,
2186 5094 2322 5149 odio
2368 5100 2725 5149 samostana
2770 5110 2854 5146 π’.
2880 5088 3106 5146 le'kole·

395 5180 482 5238 br.
535 5186 607 5236 11.
