<?xml version="1.0" encoding="UTF-8"?>
<!DOCTYPE html PUBLIC "-//W3C//DTD XHTML 1.0 Transitional//EN"
    "http://www.w3.org/TR/xhtml1/DTD/xhtml1-transitional.dtd">
<html xmlns="http://www.w3.org/1999/xhtml" xml:lang="en" lang="en">
 <head>
  <title>
</title>
<meta http-equiv="Content-Type" content="text/html;charset=utf-8" />
  <meta name='ocr-system' content='tesseract 3.04.00' />
  <meta name='ocr-capabilities' content='ocr_page ocr_carea ocr_par ocr_line ocrx_word'/>
</head>
<body>
  <div class='ocr_page' id='page_1' title='image "./codexdiplomatic00umjegoog_0138.png"; bbox 0 0 3797 5795; ppageno 0'>
   <div class='ocr_carea' id='block_1_1' title="bbox 1562 367 1971 429">
    <p class='ocr_par' dir='ltr' id='par_1_1' title="bbox 1562 367 1971 429">
     <span class='ocr_line' id='line_1_1' title="bbox 1562 367 1971 429; baseline -0.005 1"><span class='ocrx_word' id='word_1_1' title='bbox 1562 402 1645 411; x_wconf 85' lang='lat'>-</span> <span class='ocrx_word' id='word_1_2' title='bbox 1703 367 1828 429; x_wconf 77' lang='lat'>125</span> <span class='ocrx_word' id='word_1_3' title='bbox 1891 402 1971 409; x_wconf 80' lang='lat'>--</span> 
     </span>
    </p>
   </div>
   <div class='ocr_carea' id='block_1_2' title="bbox 410 558 3116 1315">
    <p class='ocr_par' dir='ltr' id='par_1_2' title="bbox 410 558 3116 1315">
     <span class='ocr_line' id='line_1_2' title="bbox 411 558 3107 638; baseline -0.001 -19"><span class='ocrx_word' id='word_1_4' title='bbox 411 558 742 632; x_wconf 85' lang='lat' dir='ltr'>affirmata,</span> <span class='ocrx_word' id='word_1_5' title='bbox 787 570 856 619; x_wconf 92' lang='lat' dir='ltr'>ut</span> <span class='ocrx_word' id='word_1_6' title='bbox 903 572 1126 620; x_wconf 89' lang='lat' dir='ltr'>neutra</span> <span class='ocrx_word' id='word_1_7' title='bbox 1171 579 1316 638; x_wconf 91' lang='lat' dir='ltr'>pars</span> <span class='ocrx_word' id='word_1_8' title='bbox 1359 579 1398 619; x_wconf 90' lang='lat' dir='ltr'>a</span> <span class='ocrx_word' id='word_1_9' title='bbox 1443 558 1732 637; x_wconf 90' lang='lat' dir='ltr'>predicto</span> <span class='ocrx_word' id='word_1_10' title='bbox 1778 570 1970 637; x_wconf 89' lang='lat' dir='ltr'>pacto</span> <span class='ocrx_word' id='word_1_11' title='bbox 2014 560 2295 636; x_wconf 91' lang='lat' dir='ltr'>ipsorum</span> <span class='ocrx_word' id='word_1_12' title='bbox 2343 560 2711 618; x_wconf 83' lang='lat' dir='ltr'>testimonio</span> <span class='ocrx_word' id='word_1_13' title='bbox 2755 560 2930 619; x_wconf 78' lang='lat' dir='ltr'>exire</span> <span class='ocrx_word' id='word_1_14' title='bbox 2978 578 3107 618; x_wconf 88' lang='lat' dir='ltr'>non</span> 
     </span>
     <span class='ocr_line' id='line_1_3' title="bbox 412 670 3116 749; baseline -0 -19"><span class='ocrx_word' id='word_1_15' title='bbox 412 671 676 732; x_wconf 85' lang='lat' dir='ltr'>auderet</span> <span class='ocrx_word' id='word_1_16' title='bbox 721 682 784 732; x_wconf 91' lang='lat' dir='ltr'>et</span> <span class='ocrx_word' id='word_1_17' title='bbox 829 672 913 732; x_wconf 93' lang='lat' dir='ltr'>ad</span> <span class='ocrx_word' id='word_1_18' title='bbox 961 674 1269 733; x_wconf 90' lang='lat' dir='ltr'>maiorem</span> <span class='ocrx_word' id='word_1_19' title='bbox 1316 671 1681 732; x_wconf 88' lang='lat' dir='ltr'>firmitatem</span> <span class='ocrx_word' id='word_1_20' title='bbox 1727 670 1910 732; x_wconf 90' lang='lat' dir='ltr'>huius</span> <span class='ocrx_word' id='word_1_21' title='bbox 1956 681 2320 732; x_wconf 88' lang='lat' dir='ltr'>contractus</span> <span class='ocrx_word' id='word_1_22' title='bbox 2365 680 2428 731; x_wconf 91' lang='lat' dir='ltr'>et</span> <span class='ocrx_word' id='word_1_23' title='bbox 2479 673 2646 748; x_wconf 90' lang='lat' dir='ltr'>pacti</span> <span class='ocrx_word' id='word_1_24' title='bbox 2695 671 2932 731; x_wconf 80' lang='lat' dir='ltr'><strong>litteras</strong></span> <span class='ocrx_word' id='word_1_25' title='bbox 2977 690 3116 749; x_wconf 84' lang='lat' dir='ltr'>pre-</span> 
     </span>
     <span class='ocr_line' id='line_1_4' title="bbox 412 783 3114 864; baseline -0.001 -19"><span class='ocrx_word' id='word_1_26' title='bbox 412 795 624 846; x_wconf 82' lang='lat' dir='ltr'><strong>sentes</strong></span> <span class='ocrx_word' id='word_1_27' title='bbox 669 804 783 863; x_wconf 91' lang='lat' dir='ltr'>per</span> <span class='ocrx_word' id='word_1_28' title='bbox 826 785 1240 864; x_wconf 85' lang='lat' dir='ltr'>alphabetum</span> <span class='ocrx_word' id='word_1_29' title='bbox 1309 785 1538 845; x_wconf 86' lang='lat' dir='ltr'>divisas</span> <span class='ocrx_word' id='word_1_30' title='bbox 1605 783 1890 845; x_wconf 88' lang='lat' dir='ltr'>eiusdem</span> <span class='ocrx_word' id='word_1_31' title='bbox 1945 786 2199 851; x_wconf 79' lang='lat' dir='ltr'>tenoris,</span> <span class='ocrx_word' id='word_1_32' title='bbox 2262 802 2529 863; x_wconf 90' lang='lat' dir='ltr'>quarum</span> <span class='ocrx_word' id='word_1_33' title='bbox 2595 802 2719 843; x_wconf 91' lang='lat' dir='ltr'>una</span> <span class='ocrx_word' id='word_1_34' title='bbox 2765 783 3114 844; x_wconf 90' lang='lat' dir='ltr'>servabitur</span> 
     </span>
     <span class='ocr_line' id='line_1_5' title="bbox 412 886 3115 977; baseline -0.001 -20"><span class='ocrx_word' id='word_1_35' title='bbox 412 917 612 977; x_wconf 88' lang='lat' dir='ltr'>penes</span> <span class='ocrx_word' id='word_1_36' title='bbox 657 901 963 958; x_wconf 89' lang='lat' dir='ltr'>comitem</span> <span class='ocrx_word' id='word_1_37' title='bbox 1011 898 1467 971; x_wconf 88' lang='lat' dir='ltr'>Butheconem,</span> <span class='ocrx_word' id='word_1_38' title='bbox 1498 897 1618 957; x_wconf 91' lang='lat' dir='ltr'>alia</span> <span class='ocrx_word' id='word_1_39' title='bbox 1650 915 1848 975; x_wconf 91' lang='lat' dir='ltr'>penes</span> <span class='ocrx_word' id='word_1_40' title='bbox 1879 899 2183 957; x_wconf 90' lang='lat' dir='ltr'>comitem</span> <span class='ocrx_word' id='word_1_41' title='bbox 2217 896 2678 974; x_wconf 68' lang='lat' dir='ltr'>spalatensem,</span> <span class='ocrx_word' id='word_1_42' title='bbox 2704 886 2887 957; x_wconf 84' lang='lat' dir='ltr'>tertia</span> <span class='ocrx_word' id='word_1_43' title='bbox 2918 914 3115 974; x_wconf 88' lang='lat' dir='ltr'>penes</span> 
     </span>
     <span class='ocr_line' id='line_1_6' title="bbox 410 1008 3111 1092; baseline -0 -23"><span class='ocrx_word' id='word_1_44' title='bbox 410 1012 712 1071; x_wconf 90' lang='lat' dir='ltr'>comitem</span> <span class='ocrx_word' id='word_1_45' title='bbox 760 1010 1244 1092; x_wconf 86' lang='lat' dir='ltr'>Traguriensem</span> <span class='ocrx_word' id='word_1_46' title='bbox 1293 1009 1597 1091; x_wconf 87' lang='lat' dir='ltr'>sigillibus</span> <span class='ocrx_word' id='word_1_47' title='bbox 1640 1009 2072 1088; x_wconf 87' lang='lat' dir='ltr'>pendentibus</span> <span class='ocrx_word' id='word_1_48' title='bbox 2117 1009 2548 1087; x_wconf 90' lang='lat' dir='ltr'>predictorum</span> <span class='ocrx_word' id='word_1_49' title='bbox 2593 1010 2857 1070; x_wconf 83' lang='lat' dir='ltr'>fratrum</span> <span class='ocrx_word' id='word_1_50' title='bbox 2896 1008 3111 1069; x_wconf 90' lang='lat' dir='ltr'>Predi-</span> 
     </span>
     <span class='ocr_line' id='line_1_7' title="bbox 411 1121 3113 1211; baseline -0.001 -28"><span class='ocrx_word' id='word_1_51' title='bbox 411 1135 718 1197; x_wconf 89' lang='lat' dir='ltr'>catorum,</span> <span class='ocrx_word' id='word_1_52' title='bbox 779 1124 1211 1201; x_wconf 83' lang='lat' dir='ltr'>predictorum</span> <span class='ocrx_word' id='word_1_53' title='bbox 1273 1125 1524 1185; x_wconf 89' lang='lat' dir='ltr'>comitis</span> <span class='ocrx_word' id='word_1_54' title='bbox 1591 1122 1978 1211; x_wconf 72' lang='lat' dir='ltr'>Butheconis</span> <span class='ocrx_word' id='word_1_55' title='bbox 2025 1133 2089 1182; x_wconf 93' lang='lat' dir='ltr'>et</span> <span class='ocrx_word' id='word_1_56' title='bbox 2138 1123 2285 1183; x_wconf 91' lang='lat' dir='ltr'>dicti</span> <span class='ocrx_word' id='word_1_57' title='bbox 2356 1121 2598 1182; x_wconf 89' lang='lat' dir='ltr'>domini</span> <span class='ocrx_word' id='word_1_58' title='bbox 2669 1124 3004 1201; x_wconf 91' lang='lat' dir='ltr'>potestatis</span> <span class='ocrx_word' id='word_1_59' title='bbox 3052 1131 3113 1181; x_wconf 85' lang='lat' dir='ltr'>et</span> 
     </span>
     <span class='ocr_line' id='line_1_8' title="bbox 411 1237 1971 1315; baseline -0.001 -20"><span class='ocrx_word' id='word_1_60' title='bbox 411 1238 736 1297; x_wconf 91' lang='lat' dir='ltr'>civitatum</span> <span class='ocrx_word' id='word_1_61' title='bbox 782 1237 1212 1315; x_wconf 90' lang='lat' dir='ltr'>predictarum</span> <span class='ocrx_word' id='word_1_62' title='bbox 1261 1237 1526 1298; x_wconf 82' lang='lat' dir='ltr'>fecimus</span> <span class='ocrx_word' id='word_1_63' title='bbox 1573 1237 1971 1297; x_wconf 88' lang='lat' dir='ltr'>communiri.</span> 
     </span>
    </p>
   </div>
   <div class='ocr_carea' id='block_1_3' title="bbox 417 1427 3113 1592">
    <p class='ocr_par' dir='ltr' id='par_1_3' title="bbox 417 1427 3113 1592">
     <span class='ocr_line' id='line_1_9' title="bbox 589 1427 3113 1504; baseline -0.002 -18"><span class='ocrx_word' id='word_1_64' title='bbox 589 1430 823 1486; x_wconf 83' lang='lat' dir='ltr'>Lucius</span> <span class='ocrx_word' id='word_1_65' title='bbox 870 1431 966 1486; x_wconf 79' lang='lat' dir='ltr'>De·</span> <span class='ocrx_word' id='word_1_66' title='bbox 1013 1450 1199 1504; x_wconf 81' lang='lat' dir='ltr'>regno</span> <span class='ocrx_word' id='word_1_67' title='bbox 1247 1429 1452 1486; x_wconf 82' lang='lat' dir='ltr'>Dalm.</span> <span class='ocrx_word' id='word_1_68' title='bbox 1503 1439 1565 1485; x_wconf 78' lang='lat' dir='ltr'>et</span> <span class='ocrx_word' id='word_1_69' title='bbox 1615 1429 1817 1487; x_wconf 82' lang='lat' dir='ltr'>Croat.</span> <span class='ocrx_word' id='word_1_70' title='bbox 1853 1429 1965 1493; x_wconf 86' lang='lat' dir='ltr'>IV.</span> <span class='ocrx_word' id='word_1_71' title='bbox 2000 1449 2047 1485; x_wconf 89' lang='lat' dir='ltr'>c.</span> <span class='ocrx_word' id='word_1_72' title='bbox 2086 1429 2197 1495; x_wconf 68' lang='lat' dir='ltr'>IX,</span> <span class='ocrx_word' id='word_1_73' title='bbox 2250 1433 2366 1486; x_wconf 75' lang='lat'><strong><em>181.</em></strong></span> <span class='ocrx_word' id='word_1_74' title='bbox 2431 1463 2497 1469; x_wconf 85' lang='lat'>-—</span> <span class='ocrx_word' id='word_1_75' title='bbox 2545 1427 2920 1502; x_wconf 56' lang='lat' dir='ltr'>Kukugjevic&#39;</span> <span class='ocrx_word' id='word_1_76' title='bbox 2960 1428 3113 1501; x_wconf 73' lang='lat' dir='ltr'><em>leeg.</em></span> 
     </span>
     <span class='ocr_line' id='line_1_10' title="bbox 417 1534 964 1592; baseline 0.004 -3"><span class='ocrx_word' id='word_1_77' title='bbox 417 1534 507 1592; x_wconf 81' lang='lat' dir='ltr'>br.</span> <span class='ocrx_word' id='word_1_78' title='bbox 561 1536 698 1589; x_wconf 83' lang='grc'><strong><em>367.</em></strong></span> <span class='ocrx_word' id='word_1_79' title='bbox 751 1536 778 1590; x_wconf 81' lang='lat' dir='ltr'><em>i</em></span> <span class='ocrx_word' id='word_1_80' title='bbox 830 1538 964 1591; x_wconf 83' lang='lat'><em>769.</em></span> 
     </span>
    </p>
   </div>
   <div class='ocr_carea' id='block_1_4' title="bbox 1675 1876 1868 1955">
    <p class='ocr_par' dir='ltr' id='par_1_4' title="bbox 1675 1876 1868 1955">
     <span class='ocr_line' id='line_1_11' title="bbox 1675 1876 1868 1955; baseline -0.031 0"><span class='ocrx_word' id='word_1_81' title='bbox 1675 1876 1868 1955; x_wconf 84' lang='lat'>634.</span> 
     </span>
    </p>
   </div>
   <div class='ocr_carea' id='block_1_5' title="bbox 417 2084 1628 2169">
    <p class='ocr_par' dir='ltr' id='par_1_5' title="bbox 417 2084 1628 2169">
     <span class='ocr_line' id='line_1_12' title="bbox 417 2084 1628 2169; baseline -0.002 -20"><span class='ocrx_word' id='word_1_82' title='bbox 417 2087 622 2166; x_wconf 82' lang='lat'>1259,</span> <span class='ocrx_word' id='word_1_83' title='bbox 667 2086 990 2169; x_wconf 62' lang='lat' dir='ltr'>mJeseca.</span> <span class='ocrx_word' id='word_1_84' title='bbox 1033 2088 1295 2153; x_wconf 73' lang='lat' dir='ltr'>marta.</span> <span class='ocrx_word' id='word_1_85' title='bbox 1345 2086 1404 2151; x_wconf 88' lang='lat' dir='ltr'>U</span> <span class='ocrx_word' id='word_1_86' title='bbox 1451 2084 1628 2151; x_wconf 75' lang='lat' dir='ltr'>orti.</span> 
     </span>
    </p>
   </div>
   <div class='ocr_carea' id='block_1_6' title="bbox 419 2291 3116 2489">
    <p class='ocr_par' dir='ltr' id='par_1_6' title="bbox 419 2291 3116 2489">
     <span class='ocr_line' id='line_1_13' title="bbox 419 2291 3116 2378; baseline -0 -24"><span class='ocrx_word' id='word_1_87' title='bbox 419 2294 598 2355; x_wconf 50' lang='lat' dir='ltr'>,llan</span> <span class='ocrx_word' id='word_1_88' title='bbox 588 2292 778 2378; x_wconf 79' lang='lat' dir='ltr'>fred,</span> <span class='ocrx_word' id='word_1_89' title='bbox 830 2294 1020 2378; x_wconf 78' lang='lat' dir='ltr'>kralj</span> <span class='ocrx_word' id='word_1_90' title='bbox 1071 2291 1355 2370; x_wconf 67' lang='lat' dir='ltr'>st&#39;ct&#39;lskt‘,</span> <span class='ocrx_word' id='word_1_91' title='bbox 1407 2293 1565 2376; x_wconf 83' lang='lat' dir='ltr'>daje</span> <span class='ocrx_word' id='word_1_92' title='bbox 1627 2292 2087 2377; x_wconf 57' lang='lat' dir='ltr'>Sph&#39;ec‘am&#39;ma</span> <span class='ocrx_word' id='word_1_93' title='bbox 2142 2291 2512 2375; x_wconf 76' lang='lat' dir='ltr'>povlastz&#39;ce</span> <span class='ocrx_word' id='word_1_94' title='bbox 2560 2315 2604 2353; x_wconf 82' lang='lat' dir='ltr'><em>u</em></span> <span class='ocrx_word' id='word_1_95' title='bbox 2653 2291 3020 2376; x_wconf 75' lang='lat' dir='ltr'>lrgovanju</span> <span class='ocrx_word' id='word_1_96' title='bbox 3072 2314 3116 2353; x_wconf 85' lang='lat' dir='ltr'><em>u</em></span> 
     </span>
     <span class='ocr_line' id='line_1_14' title="bbox 1441 2403 2091 2489; baseline -0.002 -22"><span class='ocrx_word' id='word_1_97' title='bbox 1441 2404 1665 2489; x_wconf 81' lang='lat' dir='ltr'>svojoj</span> <span class='ocrx_word' id='word_1_98' title='bbox 1703 2403 2091 2489; x_wconf 77' lang='lat' dir='ltr'>kraljevz‘m‘.</span> 
     </span>
    </p>
   </div>
   <div class='ocr_carea' id='block_1_7' title="bbox 415 2582 3125 5169">
    <p class='ocr_par' dir='ltr' id='par_1_7' title="bbox 415 2582 3125 5169">
     <span class='ocr_line' id='line_1_15' title="bbox 598 2582 3117 2682; baseline -0.001 -23"><span class='ocrx_word' id='word_1_99' title='bbox 598 2598 1103 2682; x_wconf 61' lang='lat' dir='ltr'>MaymsredusO‘)</span> <span class='ocrx_word' id='word_1_100' title='bbox 1177 2600 1276 2661; x_wconf 91' lang='lat' dir='ltr'>dei</span> <span class='ocrx_word' id='word_1_101' title='bbox 1349 2602 1548 2681; x_wconf 86' lang='lat' dir='ltr'>gratia</span> <span class='ocrx_word' id='word_1_102' title='bbox 1616 2618 1728 2659; x_wconf 86' lang='lat' dir='ltr'>rex</span> <span class='ocrx_word' id='word_1_103' title='bbox 1777 2582 1983 2661; x_wconf 75' lang='lat' dir='ltr'>Sicilie</span> <span class='ocrx_word' id='word_1_104' title='bbox 2046 2609 2272 2658; x_wconf 89' lang='lat' dir='ltr'>notum</span> <span class='ocrx_word' id='word_1_105' title='bbox 2318 2599 2585 2659; x_wconf 87' lang='lat' dir='ltr'>facimus</span> <span class='ocrx_word' id='word_1_106' title='bbox 2631 2598 2934 2657; x_wconf 81' lang='lat' dir='ltr'>vniuersis</span> <span class='ocrx_word' id='word_1_107' title='bbox 2980 2617 3117 2676; x_wconf 88' lang='lat' dir='ltr'>pre-</span> 
     </span>
     <span class='ocr_line' id='line_1_16' title="bbox 415 2712 3111 2791; baseline -0.001 -20"><span class='ocrx_word' id='word_1_108' title='bbox 415 2712 704 2773; x_wconf 87' lang='lat' dir='ltr'>sentibus</span> <span class='ocrx_word' id='word_1_109' title='bbox 749 2724 812 2773; x_wconf 90' lang='lat' dir='ltr'>et</span> <span class='ocrx_word' id='word_1_110' title='bbox 859 2712 1098 2787; x_wconf 65' lang='lat' dir='ltr'>futuris»,</span> <span class='ocrx_word' id='word_1_111' title='bbox 1158 2712 1336 2791; x_wconf 91' lang='lat' dir='ltr'>quod</span> <span class='ocrx_word' id='word_1_112' title='bbox 1402 2712 1545 2773; x_wconf 89' lang='lat' dir='ltr'>licet</span> <span class='ocrx_word' id='word_1_113' title='bbox 1614 2714 1807 2772; x_wconf 90' lang='lat' dir='ltr'>totius</span> <span class='ocrx_word' id='word_1_114' title='bbox 1874 2712 2205 2773; x_wconf 89' lang='lat' dir='ltr'>Dalmacie</span> <span class='ocrx_word' id='word_1_115' title='bbox 2275 2712 2565 2771; x_wconf 85' lang='lat' dir='ltr'>homines</span> <span class='ocrx_word' id='word_1_116' title='bbox 2611 2714 2694 2769; x_wconf 86' lang='lat' dir='ltr'>vti</span> <span class='ocrx_word' id='word_1_117' title='bbox 2745 2712 2807 2771; x_wconf 91' lang='lat' dir='ltr'>in</span> <span class='ocrx_word' id='word_1_118' title='bbox 2855 2729 3111 2771; x_wconf 91' lang='lat' dir='ltr'>sensum</span> 
     </span>
     <span class='ocr_line' id='line_1_17' title="bbox 417 2824 3116 2906; baseline 0 -23"><span class='ocrx_word' id='word_1_119' title='bbox 417 2825 764 2904; x_wconf 88' lang='lat' dir='ltr'>reprobum</span> <span class='ocrx_word' id='word_1_120' title='bbox 813 2836 876 2885; x_wconf 91' lang='lat' dir='ltr'>et</span> <span class='ocrx_word' id='word_1_121' title='bbox 923 2826 986 2885; x_wconf 90' lang='lat' dir='ltr'>in</span> <span class='ocrx_word' id='word_1_122' title='bbox 1032 2838 1247 2887; x_wconf 90' lang='lat' dir='ltr'>actum</span> <span class='ocrx_word' id='word_1_123' title='bbox 1313 2844 1683 2906; x_wconf 88' lang='lat' dir='ltr'>peruersum</span> <span class='ocrx_word' id='word_1_124' title='bbox 1746 2826 1898 2886; x_wconf 91' lang='lat' dir='ltr'>olim</span> <span class='ocrx_word' id='word_1_125' title='bbox 1963 2834 2185 2885; x_wconf 89' lang='lat' dir='ltr'>contra</span> <span class='ocrx_word' id='word_1_126' title='bbox 2232 2824 2379 2885; x_wconf 91' lang='lat' dir='ltr'>diue</span> <span class='ocrx_word' id='word_1_127' title='bbox 2426 2826 2734 2883; x_wconf 81' lang='lat' dir='ltr'>memorie</span> <span class='ocrx_word' id='word_1_128' title='bbox 2780 2824 3116 2883; x_wconf 90' lang='lat' dir='ltr'>dominum</span> 
     </span>
     <span class='ocr_line' id='line_1_18' title="bbox 415 2937 3117 3017; baseline -0.001 -19"><span class='ocrx_word' id='word_1_129' title='bbox 415 2954 666 3017; x_wconf 87' lang='lat' dir='ltr'>patrem</span> <span class='ocrx_word' id='word_1_130' title='bbox 713 2950 776 2999; x_wconf 90' lang='lat' dir='ltr'>et</span> <span class='ocrx_word' id='word_1_131' title='bbox 823 2939 1044 3000; x_wconf 87' lang='lat' dir='ltr'>fideles</span> <span class='ocrx_word' id='word_1_132' title='bbox 1091 2951 1341 3000; x_wconf 88' lang='lat' dir='ltr'>nostros</span> <span class='ocrx_word' id='word_1_133' title='bbox 1371 2943 1658 3000; x_wconf 84' lang='lat' dir='ltr'>enormia</span> <span class='ocrx_word' id='word_1_134' title='bbox 1689 2939 1890 3000; x_wconf 90' lang='lat' dir='ltr'>multa</span> <span class='ocrx_word' id='word_1_135' title='bbox 1922 2940 2354 2999; x_wconf 86' lang='lat' dir='ltr'>commiserint</span> <span class='ocrx_word' id='word_1_136' title='bbox 2386 2948 2449 2997; x_wconf 92' lang='lat' dir='ltr'>et</span> <span class='ocrx_word' id='word_1_137' title='bbox 2482 2938 2802 2997; x_wconf 83' lang='lat' dir='ltr'>intulerint</span> <span class='ocrx_word' id='word_1_138' title='bbox 2835 2937 3117 3015; x_wconf 89' lang='lat' dir='ltr'>dampna</span> 
     </span>
     <span class='ocr_line' id='line_1_19' title="bbox 417 3049 3117 3134; baseline 0 -24"><span class='ocrx_word' id='word_1_139' title='bbox 417 3053 746 3130; x_wconf 85' lang='lat' dir='ltr'>piraticam</span> <span class='ocrx_word' id='word_1_140' title='bbox 794 3053 1158 3114; x_wconf 83' lang='lat' dir='ltr'>exercendo</span> <span class='ocrx_word' id='word_1_141' title='bbox 1199 3065 1262 3112; x_wconf 90' lang='lat' dir='ltr'>et</span> <span class='ocrx_word' id='word_1_142' title='bbox 1296 3053 1587 3113; x_wconf 89' lang='lat' dir='ltr'>homines</span> <span class='ocrx_word' id='word_1_143' title='bbox 1618 3055 1792 3134; x_wconf 83' lang='lat' dir='ltr'>regni</span> <span class='ocrx_word' id='word_1_144' title='bbox 1826 3055 2021 3113; x_wconf 88' lang='lat' dir='ltr'>nostri</span> <span class='ocrx_word' id='word_1_145' title='bbox 2052 3051 2261 3115; x_wconf 87' lang='lat' dir='ltr'>Sicilie</span> <span class='ocrx_word' id='word_1_146' title='bbox 2300 3051 2655 3130; x_wconf 84' lang='lat' dir='ltr'>specialiter</span> <span class='ocrx_word' id='word_1_147' title='bbox 2703 3049 3117 3122; x_wconf 82' lang='lat' dir='ltr'>offendend0‚</span> 
     </span>
     <span class='ocr_line' id='line_1_20' title="bbox 423 3162 3121 3244; baseline -0.001 -20"><span class='ocrx_word' id='word_1_148' title='bbox 423 3166 569 3242; x_wconf 91' lang='lat' dir='ltr'>quia</span> <span class='ocrx_word' id='word_1_149' title='bbox 633 3178 846 3226; x_wconf 90' lang='lat' dir='ltr'>tamen</span> <span class='ocrx_word' id='word_1_150' title='bbox 909 3166 1130 3226; x_wconf 87' lang='lat' dir='ltr'>sindici</span> <span class='ocrx_word' id='word_1_151' title='bbox 1191 3168 1608 3226; x_wconf 89' lang='lat' dir='ltr'>vniuersitatis</span> <span class='ocrx_word' id='word_1_152' title='bbox 1667 3165 1909 3244; x_wconf 89' lang='lat' dir='ltr'>Spalati</span> <span class='ocrx_word' id='word_1_153' title='bbox 1970 3165 2191 3226; x_wconf 90' lang='lat' dir='ltr'>fideles</span> <span class='ocrx_word' id='word_1_154' title='bbox 2236 3166 2431 3224; x_wconf 85' lang='lat' dir='ltr'>nostri</span> <span class='ocrx_word' id='word_1_155' title='bbox 2480 3165 2805 3224; x_wconf 87' lang='lat' dir='ltr'>venientes</span> <span class='ocrx_word' id='word_1_156' title='bbox 2850 3162 2933 3222; x_wconf 96' lang='lat' dir='ltr'>ad</span> <span class='ocrx_word' id='word_1_157' title='bbox 2980 3182 3121 3241; x_wconf 86' lang='lat' dir='ltr'>pre·</span> 
     </span>
     <span class='ocr_line' id='line_1_21' title="bbox 421 3278 3118 3357; baseline -0.001 -19"><span class='ocrx_word' id='word_1_158' title='bbox 421 3281 690 3339; x_wconf 87' lang='lat' dir='ltr'>sentiam</span> <span class='ocrx_word' id='word_1_159' title='bbox 741 3290 1021 3340; x_wconf 89' lang='lat' dir='ltr'>nostram</span> <span class='ocrx_word' id='word_1_160' title='bbox 1069 3278 1505 3357; x_wconf 88' lang='lat' dir='ltr'>sollempniter</span> <span class='ocrx_word' id='word_1_161' title='bbox 1551 3282 1975 3357; x_wconf 83' lang='lat' dir='ltr'>promiserunt</span> <span class='ocrx_word' id='word_1_162' title='bbox 2006 3290 2068 3339; x_wconf 91' lang='lat' dir='ltr'>et</span> <span class='ocrx_word' id='word_1_163' title='bbox 2104 3289 2231 3339; x_wconf 90' lang='lat' dir='ltr'>tam</span> <span class='ocrx_word' id='word_1_164' title='bbox 2268 3297 2385 3356; x_wconf 91' lang='lat' dir='ltr'>pro</span> <span class='ocrx_word' id='word_1_165' title='bbox 2418 3288 2595 3356; x_wconf 90' lang='lat' dir='ltr'>parte</span> <span class='ocrx_word' id='word_1_166' title='bbox 2636 3293 2877 3349; x_wconf 89' lang='lat' dir='ltr'>eorum,</span> <span class='ocrx_word' id='word_1_167' title='bbox 2926 3294 3118 3354; x_wconf 89' lang='lat' dir='ltr'>quam</span> 
     </span>
     <span class='ocr_line' id='line_1_22' title="bbox 419 3389 3117 3472; baseline -0.002 -20"><span class='ocrx_word' id='word_1_168' title='bbox 419 3393 688 3452; x_wconf 89' lang='lat' dir='ltr'>aliorum</span> <span class='ocrx_word' id='word_1_169' title='bbox 735 3395 967 3452; x_wconf 91' lang='lat' dir='ltr'>ciuium</span> <span class='ocrx_word' id='word_1_170' title='bbox 1015 3391 1184 3452; x_wconf 91' lang='lat' dir='ltr'>dicte</span> <span class='ocrx_word' id='word_1_171' title='bbox 1253 3406 1415 3453; x_wconf 88' lang='lat' dir='ltr'>terre</span> <span class='ocrx_word' id='word_1_172' title='bbox 1476 3411 1666 3471; x_wconf 85' lang='lat' dir='ltr'>super</span> <span class='ocrx_word' id='word_1_173' title='bbox 1725 3403 1942 3452; x_wconf 90' lang='lat' dir='ltr'>sancta</span> <span class='ocrx_word' id='word_1_174' title='bbox 1990 3391 2089 3452; x_wconf 91' lang='lat' dir='ltr'>dei</span> <span class='ocrx_word' id='word_1_175' title='bbox 2138 3391 2466 3472; x_wconf 87' lang='lat' dir='ltr'>euangelia</span> <span class='ocrx_word' id='word_1_176' title='bbox 2515 3392 2893 3462; x_wconf 80' lang='lat' dir='ltr'>iurauerunt,</span> <span class='ocrx_word' id='word_1_177' title='bbox 2940 3389 3117 3468; x_wconf 92' lang='lat' dir='ltr'>quod</span> 
     </span>
     <span class='ocr_line' id='line_1_23' title="bbox 421 3501 3121 3586; baseline -0.002 -21"><span class='ocrx_word' id='word_1_178' title='bbox 421 3515 642 3565; x_wconf 87' lang='lat' dir='ltr'>contra</span> <span class='ocrx_word' id='word_1_179' title='bbox 688 3505 1042 3586; x_wconf 88' lang='lat' dir='ltr'>regnicolas</span> <span class='ocrx_word' id='word_1_180' title='bbox 1087 3508 1262 3586; x_wconf 83' lang='lat' dir='ltr'>regni</span> <span class='ocrx_word' id='word_1_181' title='bbox 1311 3507 1506 3566; x_wconf 88' lang='lat' dir='ltr'>nostri</span> <span class='ocrx_word' id='word_1_182' title='bbox 1555 3507 1884 3583; x_wconf 88' lang='lat' dir='ltr'>piraticam</span> <span class='ocrx_word' id='word_1_183' title='bbox 1930 3504 2289 3565; x_wconf 87' lang='lat' dir='ltr'>nullatenus</span> <span class='ocrx_word' id='word_1_184' title='bbox 2333 3503 2744 3574; x_wconf 87' lang='lat' dir='ltr'>exercebunt,</span> <span class='ocrx_word' id='word_1_185' title='bbox 2802 3501 3121 3570; x_wconf 79' lang='lat' dir='ltr'>nec.,‘alias</span> 
     </span>
     <span class='ocr_line' id='line_1_24' title="bbox 421 3617 3119 3698; baseline -0.002 -19"><span class='ocrx_word' id='word_1_186' title='bbox 421 3637 536 3679; x_wconf 92' lang='lat' dir='ltr'>eos</span> <span class='ocrx_word' id='word_1_187' title='bbox 580 3621 858 3679; x_wconf 86' lang='lat' dir='ltr'>nitentur</span> <span class='ocrx_word' id='word_1_188' title='bbox 925 3618 1252 3679; x_wconf 88' lang='lat' dir='ltr'>ossendere</span> <span class='ocrx_word' id='word_1_189' title='bbox 1299 3619 1400 3679; x_wconf 90' lang='lat' dir='ltr'>uel</span> <span class='ocrx_word' id='word_1_190' title='bbox 1447 3618 1798 3690; x_wconf 90' lang='lat' dir='ltr'>ossendent,</span> <span class='ocrx_word' id='word_1_191' title='bbox 1858 3618 1941 3678; x_wconf 94' lang='lat' dir='ltr'>de</span> <span class='ocrx_word' id='word_1_192' title='bbox 1986 3617 2379 3696; x_wconf 90' lang='lat' dir='ltr'>plenitudine</span> <span class='ocrx_word' id='word_1_193' title='bbox 2446 3620 2645 3698; x_wconf 87' lang='lat' dir='ltr'>gratie</span> <span class='ocrx_word' id='word_1_194' title='bbox 2708 3627 2921 3676; x_wconf 88' lang='lat' dir='ltr'>nostre</span> <span class='ocrx_word' id='word_1_195' title='bbox 2969 3617 3119 3693; x_wconf 88' lang='lat' dir='ltr'>ipsis</span> 
     </span>
     <span class='ocr_line' id='line_1_25' title="bbox 421 3730 3117 3812; baseline -0.002 -21"><span class='ocrx_word' id='word_1_196' title='bbox 421 3730 836 3792; x_wconf 88' lang='lat' dir='ltr'>concedimus</span> <span class='ocrx_word' id='word_1_197' title='bbox 879 3744 944 3791; x_wconf 87' lang='lat' dir='ltr'>et</span> <span class='ocrx_word' id='word_1_198' title='bbox 989 3731 1308 3792; x_wconf 88' lang='lat' dir='ltr'>licentiam</span> <span class='ocrx_word' id='word_1_199' title='bbox 1378 3731 1806 3792; x_wconf 87' lang='lat' dir='ltr'>fauorabiliter</span> <span class='ocrx_word' id='word_1_200' title='bbox 1864 3731 2287 3812; x_wconf 88' lang='lat' dir='ltr'>indulgemus,</span> <span class='ocrx_word' id='word_1_201' title='bbox 2334 3740 2401 3791; x_wconf 90' lang='lat' dir='ltr'>ut</span> <span class='ocrx_word' id='word_1_202' title='bbox 2447 3733 2511 3790; x_wconf 91' lang='lat' dir='ltr'>in</span> <span class='ocrx_word' id='word_1_203' title='bbox 2558 3730 2800 3790; x_wconf 90' lang='lat' dir='ltr'>dictum</span> <span class='ocrx_word' id='word_1_204' title='bbox 2850 3746 3117 3809; x_wconf 88' lang='lat' dir='ltr'>regnum</span> 
     </span>
     <span class='ocr_line' id='line_1_26' title="bbox 423 3843 3122 3905; baseline -0.002 -1"><span class='ocrx_word' id='word_1_205' title='bbox 423 3857 707 3904; x_wconf 90' lang='lat' dir='ltr'>nostrum</span> <span class='ocrx_word' id='word_1_206' title='bbox 758 3863 904 3904; x_wconf 90' lang='lat' dir='ltr'>cum</span> <span class='ocrx_word' id='word_1_207' title='bbox 955 3845 1224 3904; x_wconf 89' lang='lat' dir='ltr'>nauibus</span> <span class='ocrx_word' id='word_1_208' title='bbox 1267 3847 1394 3904; x_wconf 88' lang='lat' dir='ltr'>suis</span> <span class='ocrx_word' id='word_1_209' title='bbox 1439 3845 1557 3905; x_wconf 90' lang='lat' dir='ltr'>sub</span> <span class='ocrx_word' id='word_1_210' title='bbox 1605 3854 1820 3905; x_wconf 90' lang='lat' dir='ltr'>nostre</span> <span class='ocrx_word' id='word_1_211' title='bbox 1886 3844 2234 3904; x_wconf 89' lang='lat' dir='ltr'>securitatis</span> <span class='ocrx_word' id='word_1_212' title='bbox 2295 3844 2491 3904; x_wconf 91' lang='lat' dir='ltr'>tutela</span> <span class='ocrx_word' id='word_1_213' title='bbox 2553 3843 2708 3903; x_wconf 90' lang='lat' dir='ltr'>salui</span> <span class='ocrx_word' id='word_1_214' title='bbox 2754 3844 3009 3902; x_wconf 88' lang='lat' dir='ltr'>veniant</span> <span class='ocrx_word' id='word_1_215' title='bbox 3058 3848 3122 3900; x_wconf 90' lang='lat' dir='ltr'>et</span> 
     </span>
     <span class='ocr_line' id='line_1_27' title="bbox 421 3955 3119 4035; baseline -0.002 -18"><span class='ocrx_word' id='word_1_216' title='bbox 421 3958 642 4030; x_wconf 88' lang='lat' dir='ltr'>securi,</span> <span class='ocrx_word' id='word_1_217' title='bbox 687 3957 1068 4018; x_wconf 87' lang='lat' dir='ltr'>mandantes</span> <span class='ocrx_word' id='word_1_218' title='bbox 1129 3968 1192 4016; x_wconf 90' lang='lat' dir='ltr'>et</span> <span class='ocrx_word' id='word_1_219' title='bbox 1255 3957 1536 4018; x_wconf 84' lang='lat' dir='ltr'>districte</span> <span class='ocrx_word' id='word_1_220' title='bbox 1595 3959 2014 4035; x_wconf 89' lang='lat' dir='ltr'>precipientes</span> <span class='ocrx_word' id='word_1_221' title='bbox 2075 3956 2374 4016; x_wconf 89' lang='lat' dir='ltr'>omnibus</span> <span class='ocrx_word' id='word_1_222' title='bbox 2422 3955 2713 4016; x_wconf 88' lang='lat' dir='ltr'>fidelibus</span> <span class='ocrx_word' id='word_1_223' title='bbox 2760 3957 3007 4026; x_wconf 81' lang='lat' dir='ltr'>nostriS,</span> <span class='ocrx_word' id='word_1_224' title='bbox 3054 3965 3119 4012; x_wconf 90' lang='lat' dir='ltr'>vt</span> 
     </span>
     <span class='ocr_line' id='line_1_28' title="bbox 422 4067 3121 4150; baseline -0.001 -20"><span class='ocrx_word' id='word_1_225' title='bbox 422 4069 632 4131; x_wconf 87' lang='lat' dir='ltr'>nullus</span> <span class='ocrx_word' id='word_1_226' title='bbox 676 4073 944 4131; x_wconf 89' lang='lat' dir='ltr'>omnino</span> <span class='ocrx_word' id='word_1_227' title='bbox 990 4073 1084 4142; x_wconf 89' lang='lat' dir='ltr'>sit,</span> <span class='ocrx_word' id='word_1_228' title='bbox 1130 4073 1236 4150; x_wconf 89' lang='lat' dir='ltr'>qui</span> <span class='ocrx_word' id='word_1_229' title='bbox 1284 4073 1660 4132; x_wconf 90' lang='lat' dir='ltr'>auctoritate</span> <span class='ocrx_word' id='word_1_230' title='bbox 1704 4072 1959 4149; x_wconf 90' lang='lat' dir='ltr'>propria</span> <span class='ocrx_word' id='word_1_231' title='bbox 2005 4089 2117 4130; x_wconf 92' lang='lat' dir='ltr'>eos</span> <span class='ocrx_word' id='word_1_232' title='bbox 2164 4071 2224 4128; x_wconf 88' lang='lat' dir='ltr'>in</span> <span class='ocrx_word' id='word_1_233' title='bbox 2273 4069 2507 4140; x_wconf 83' lang='lat' dir='ltr'>eund0,</span> <span class='ocrx_word' id='word_1_234' title='bbox 2552 4067 2871 4128; x_wconf 88' lang='lat' dir='ltr'>morando</span> <span class='ocrx_word' id='word_1_235' title='bbox 2918 4077 2981 4127; x_wconf 89' lang='lat' dir='ltr'>et</span> <span class='ocrx_word' id='word_1_236' title='bbox 3028 4086 3121 4126; x_wconf 91' lang='lat' dir='ltr'>re-</span> 
     </span>
     <span class='ocr_line' id='line_1_29' title="bbox 421 4178 3122 4274; baseline -0.001 -32"><span class='ocrx_word' id='word_1_237' title='bbox 421 4182 684 4243; x_wconf 90' lang='lat' dir='ltr'>deundo</span> <span class='ocrx_word' id='word_1_238' title='bbox 731 4201 844 4262; x_wconf 88' lang='lat' dir='ltr'>per</span> <span class='ocrx_word' id='word_1_239' title='bbox 890 4201 1154 4264; x_wconf 83' lang='lat' dir='ltr'>regnum</span> <span class='ocrx_word' id='word_1_240' title='bbox 1189 4186 1250 4244; x_wconf 93' lang='lat' dir='ltr'>in</span> <span class='ocrx_word' id='word_1_241' title='bbox 1283 4186 1586 4274; x_wconf 67' lang='lat' dir='ltr'>personis,</span> <span class='ocrx_word' id='word_1_242' title='bbox 1634 4184 2059 4243; x_wconf 90' lang='lat' dir='ltr'>mercimoniis</span> <span class='ocrx_word' id='word_1_243' title='bbox 2103 4193 2166 4243; x_wconf 92' lang='lat' dir='ltr'>et</span> <span class='ocrx_word' id='word_1_244' title='bbox 2210 4182 2345 4242; x_wconf 92' lang='lat' dir='ltr'>aliis</span> <span class='ocrx_word' id='word_1_245' title='bbox 2390 4182 2579 4242; x_wconf 92' lang='lat' dir='ltr'>rebus</span> <span class='ocrx_word' id='word_1_246' title='bbox 2610 4183 2738 4241; x_wconf 90' lang='lat' dir='ltr'>suis</span> <span class='ocrx_word' id='word_1_247' title='bbox 2776 4178 3122 4252; x_wconf 86' lang='lat' dir='ltr'>offendere,</span> 
     </span>
     <span class='ocr_line' id='line_1_30' title="bbox 425 4295 3122 4374; baseline -0.001 -19"><span class='ocrx_word' id='word_1_248' title='bbox 425 4297 763 4356; x_wconf 87' lang='lat' dir='ltr'>molestare</span> <span class='ocrx_word' id='word_1_249' title='bbox 831 4315 940 4356; x_wconf 90' lang='lat' dir='ltr'>seu</span> <span class='ocrx_word' id='word_1_250' title='bbox 1010 4297 1318 4374; x_wconf 90' lang='lat' dir='ltr'>impedire</span> <span class='ocrx_word' id='word_1_251' title='bbox 1384 4307 1726 4374; x_wconf 90' lang='lat' dir='ltr'>presumat,</span> <span class='ocrx_word' id='word_1_252' title='bbox 1785 4295 1941 4356; x_wconf 89' lang='lat' dir='ltr'>dum</span> <span class='ocrx_word' id='word_1_253' title='bbox 1988 4298 2051 4355; x_wconf 89' lang='lat' dir='ltr'>in</span> <span class='ocrx_word' id='word_1_254' title='bbox 2098 4295 2403 4356; x_wconf 88' lang='lat' dir='ltr'>fidelitate</span> <span class='ocrx_word' id='word_1_255' title='bbox 2471 4306 2686 4354; x_wconf 90' lang='lat' dir='ltr'>nostra</span> <span class='ocrx_word' id='word_1_256' title='bbox 2755 4301 3122 4352; x_wconf 88' lang='lat' dir='ltr'>constanter</span> 
     </span>
     <span class='ocr_line' id='line_1_31' title="bbox 421 4404 3120 4489; baseline -0.002 -20"><span class='ocrx_word' id='word_1_257' title='bbox 421 4419 840 4488; x_wconf 88' lang='lat' dir='ltr'>permaneant</span> <span class='ocrx_word' id='word_1_258' title='bbox 887 4420 950 4469; x_wconf 94' lang='lat' dir='ltr'>et</span> <span class='ocrx_word' id='word_1_259' title='bbox 996 4409 1232 4470; x_wconf 91' lang='lat' dir='ltr'>deuote</span> <span class='ocrx_word' id='word_1_260' title='bbox 1298 4411 1664 4482; x_wconf 89' lang='lat' dir='ltr'>consistant,</span> <span class='ocrx_word' id='word_1_261' title='bbox 1731 4408 1943 4468; x_wconf 91' lang='lat' dir='ltr'>illicita</span> <span class='ocrx_word' id='word_1_262' title='bbox 1990 4407 2071 4468; x_wconf 95' lang='lat' dir='ltr'>de</span> <span class='ocrx_word' id='word_1_263' title='bbox 2115 4426 2314 4489; x_wconf 86' lang='lat' dir='ltr'>regno</span> <span class='ocrx_word' id='word_1_264' title='bbox 2362 4426 2494 4467; x_wconf 88' lang='lat' dir='ltr'>non</span> <span class='ocrx_word' id='word_1_265' title='bbox 2542 4405 2883 4466; x_wconf 87' lang='lat' dir='ltr'>extrahant</span> <span class='ocrx_word' id='word_1_266' title='bbox 2928 4414 2991 4464; x_wconf 91' lang='lat' dir='ltr'>et</span> <span class='ocrx_word' id='word_1_267' title='bbox 3037 4404 3120 4464; x_wconf 89' lang='lat' dir='ltr'>de</span> 
     </span>
     <span class='ocr_line' id='line_1_32' title="bbox 426 4520 3123 4604; baseline -0.002 -22"><span class='ocrx_word' id='word_1_268' title='bbox 426 4521 590 4582; x_wconf 91' lang='lat' dir='ltr'>licite</span> <span class='ocrx_word' id='word_1_269' title='bbox 657 4524 956 4583; x_wconf 82' lang='lat' dir='ltr'>extractis</span> <span class='ocrx_word' id='word_1_270' title='bbox 1025 4523 1290 4604; x_wconf 83' lang='lat' dir='ltr'>vectigal</span> <span class='ocrx_word' id='word_1_271' title='bbox 1357 4523 1646 4583; x_wconf 92' lang='lat' dir='ltr'>debitum</span> <span class='ocrx_word' id='word_1_272' title='bbox 1715 4524 1883 4583; x_wconf 86' lang='lat' dir='ltr'>curie</span> <span class='ocrx_word' id='word_1_273' title='bbox 1952 4531 2166 4582; x_wconf 91' lang='lat' dir='ltr'>nostre</span> <span class='ocrx_word' id='word_1_274' title='bbox 2227 4520 2478 4581; x_wconf 90' lang='lat' dir='ltr'>soluant</span> <span class='ocrx_word' id='word_1_275' title='bbox 2541 4531 2605 4580; x_wconf 91' lang='lat' dir='ltr'>et</span> <span class='ocrx_word' id='word_1_276' title='bbox 2674 4522 2736 4579; x_wconf 89' lang='lat' dir='ltr'>in</span> <span class='ocrx_word' id='word_1_277' title='bbox 2800 4535 2999 4598; x_wconf 87' lang='lat' dir='ltr'>regno</span> <span class='ocrx_word' id='word_1_278' title='bbox 3048 4537 3123 4576; x_wconf 88' lang='lat' dir='ltr'>ea</span> 
     </span>
     <span class='ocr_line' id='line_1_33' title="bbox 423 4629 3120 4715; baseline -0.002 -21"><span class='ocrx_word' id='word_1_279' title='bbox 423 4635 803 4695; x_wconf 90' lang='lat' dir='ltr'>condicione</span> <span class='ocrx_word' id='word_1_280' title='bbox 849 4655 988 4696; x_wconf 89' lang='lat' dir='ltr'>esse</span> <span class='ocrx_word' id='word_1_281' title='bbox 1032 4636 1329 4709; x_wconf 90' lang='lat' dir='ltr'>debeant,</span> <span class='ocrx_word' id='word_1_282' title='bbox 1371 4637 1436 4695; x_wconf 90' lang='lat' dir='ltr'>in</span> <span class='ocrx_word' id='word_1_283' title='bbox 1483 4654 1609 4715; x_wconf 89' lang='lat' dir='ltr'>qua</span> <span class='ocrx_word' id='word_1_284' title='bbox 1655 4636 1754 4696; x_wconf 89' lang='lat' dir='ltr'>alii</span> <span class='ocrx_word' id='word_1_285' title='bbox 1803 4634 2023 4695; x_wconf 90' lang='lat' dir='ltr'>fideles</span> <span class='ocrx_word' id='word_1_286' title='bbox 2070 4635 2311 4713; x_wconf 89' lang='lat' dir='ltr'>imperii</span> <span class='ocrx_word' id='word_1_287' title='bbox 2360 4644 2421 4693; x_wconf 92' lang='lat' dir='ltr'>et</span> <span class='ocrx_word' id='word_1_288' title='bbox 2470 4634 2581 4711; x_wconf 91' lang='lat' dir='ltr'>ipsi</span> <span class='ocrx_word' id='word_1_289' title='bbox 2631 4644 2924 4711; x_wconf 90' lang='lat' dir='ltr'>tempore</span> <span class='ocrx_word' id='word_1_290' title='bbox 2971 4629 3120 4690; x_wconf 92' lang='lat' dir='ltr'>dicti</span> 
     </span>
     <span class='ocr_line' id='line_1_34' title="bbox 425 4745 3123 4828; baseline -0.002 -20"><span class='ocrx_word' id='word_1_291' title='bbox 425 4749 670 4809; x_wconf 90' lang='lat' dir='ltr'>domini</span> <span class='ocrx_word' id='word_1_292' title='bbox 719 4751 912 4827; x_wconf 88' lang='lat' dir='ltr'>patris</span> <span class='ocrx_word' id='word_1_293' title='bbox 958 4751 1153 4810; x_wconf 88' lang='lat' dir='ltr'>nostri</span> <span class='ocrx_word' id='word_1_294' title='bbox 1201 4762 1260 4809; x_wconf 89' lang='lat' dir='ltr'>et</span> <span class='ocrx_word' id='word_1_295' title='bbox 1310 4768 1512 4828; x_wconf 91' lang='lat' dir='ltr'>usque</span> <span class='ocrx_word' id='word_1_296' title='bbox 1559 4767 1728 4809; x_wconf 90' lang='lat' dir='ltr'>nunc</span> <span class='ocrx_word' id='word_1_297' title='bbox 1787 4767 1926 4808; x_wconf 91' lang='lat' dir='ltr'>esse</span> <span class='ocrx_word' id='word_1_298' title='bbox 1986 4757 2474 4808; x_wconf 90' lang='lat' dir='ltr'>consueuerunt.</span> <span class='ocrx_word' id='word_1_299' title='bbox 2521 4745 2631 4807; x_wconf 89' lang='lat' dir='ltr'>Ad</span> <span class='ocrx_word' id='word_1_300' title='bbox 2678 4745 2862 4805; x_wconf 90' lang='lat' dir='ltr'>huius</span> <span class='ocrx_word' id='word_1_301' title='bbox 2908 4755 3123 4804; x_wconf 87' lang='lat' dir='ltr'>autem</span> 
     </span>
     <span class='ocr_line' id='line_1_35' title="bbox 421 4856 3125 4944; baseline -0.002 -23"><span class='ocrx_word' id='word_1_302' title='bbox 421 4865 624 4944; x_wconf 86' lang='lat' dir='ltr'>gratie</span> <span class='ocrx_word' id='word_1_303' title='bbox 671 4873 886 4922; x_wconf 87' lang='lat' dir='ltr'>nostre</span> <span class='ocrx_word' id='word_1_304' title='bbox 933 4864 1308 4922; x_wconf 88' lang='lat' dir='ltr'>memoriam</span> <span class='ocrx_word' id='word_1_305' title='bbox 1357 4874 1420 4921; x_wconf 92' lang='lat' dir='ltr'>et</span> <span class='ocrx_word' id='word_1_306' title='bbox 1465 4861 1756 4922; x_wconf 90' lang='lat' dir='ltr'>stabilem</span> <span class='ocrx_word' id='word_1_307' title='bbox 1805 4860 2169 4921; x_wconf 86' lang='lat' dir='ltr'>firmitatem</span> <span class='ocrx_word' id='word_1_308' title='bbox 2216 4879 2478 4939; x_wconf 90' lang='lat' dir='ltr'>presens</span> <span class='ocrx_word' id='word_1_309' title='bbox 2538 4861 2844 4937; x_wconf 87' lang='lat' dir='ltr'>scriptum</span> <span class='ocrx_word' id='word_1_310' title='bbox 2888 4856 3125 4917; x_wconf 87' lang='lat' dir='ltr'>exinde</span> 
     </span>
     <span class='ocr_line' id='line_1_36' title="bbox 426 4969 3125 5057; baseline -0.003 -22"><span class='ocrx_word' id='word_1_311' title='bbox 426 4979 518 5035; x_wconf 92' lang='lat' dir='ltr'>eis</span> <span class='ocrx_word' id='word_1_312' title='bbox 563 4975 696 5036; x_wconf 92' lang='lat' dir='ltr'>fieri</span> <span class='ocrx_word' id='word_1_313' title='bbox 742 4985 804 5036; x_wconf 90' lang='lat' dir='ltr'>et</span> <span class='ocrx_word' id='word_1_314' title='bbox 851 4975 1054 5057; x_wconf 87' lang='lat' dir='ltr'>sigillo</span> <span class='ocrx_word' id='word_1_315' title='bbox 1099 4977 1446 5036; x_wconf 89' lang='lat' dir='ltr'>maiestatis</span> <span class='ocrx_word' id='word_1_316' title='bbox 1491 4985 1706 5035; x_wconf 91' lang='lat' dir='ltr'>nostre</span> <span class='ocrx_word' id='word_1_317' title='bbox 1749 4975 2043 5034; x_wconf 90' lang='lat' dir='ltr'>iussimus</span> <span class='ocrx_word' id='word_1_318' title='bbox 2089 4974 2484 5033; x_wconf 91' lang='lat' dir='ltr'>communiri.</span> <span class='ocrx_word' id='word_1_319' title='bbox 2532 4971 2775 5032; x_wconf 91' lang='lat' dir='ltr'>Datum</span> <span class='ocrx_word' id='word_1_320' title='bbox 2823 4969 2982 5032; x_wconf 90' lang='lat' dir='ltr'>Orte</span> <span class='ocrx_word' id='word_1_321' title='bbox 3011 4989 3125 5049; x_wconf 84' lang='lat' dir='ltr'>per</span> 
     </span>
     <span class='ocr_line' id='line_1_37' title="bbox 425 5084 3124 5169; baseline -0.002 -21"><span class='ocrx_word' id='word_1_322' title='bbox 425 5107 657 5150; x_wconf 87' lang='lat' dir='ltr'>manus</span> <span class='ocrx_word' id='word_1_323' title='bbox 703 5087 1003 5149; x_wconf 88' lang='lat' dir='ltr'>Gualterii</span> <span class='ocrx_word' id='word_1_324' title='bbox 1053 5087 1135 5148; x_wconf 88' lang='lat' dir='ltr'>de</span> <span class='ocrx_word' id='word_1_325' title='bbox 1183 5086 1344 5150; x_wconf 86' lang='lat' dir='ltr'>Cera</span> <span class='ocrx_word' id='word_1_326' title='bbox 1404 5106 1744 5169; x_wconf 89' lang='lat' dir='ltr'>regnorum</span> <span class='ocrx_word' id='word_1_327' title='bbox 1785 5085 2143 5167; x_wconf 92' lang='lat' dir='ltr'>Jerosolimi</span> <span class='ocrx_word' id='word_1_328' title='bbox 2189 5096 2252 5146; x_wconf 91' lang='lat' dir='ltr'>et</span> <span class='ocrx_word' id='word_1_329' title='bbox 2298 5085 2506 5148; x_wconf 88' lang='lat' dir='ltr'>Sicilie</span> <span class='ocrx_word' id='word_1_330' title='bbox 2538 5084 2907 5158; x_wconf 90' lang='lat' dir='ltr'>cancellarii,</span> <span class='ocrx_word' id='word_1_331' title='bbox 2954 5103 3124 5144; x_wconf 89' lang='lat' dir='ltr'>anno</span> 
     </span>
    </p>
   </div>
  </div>
 </body>
</html>
