3797 5795
1554 412 1621 418 —
1690 375 1817 438 319
1873 412 1956 420 —-·

1655 668 1849 748 808.

386 845 596 909 1264.
643 844 703 909 u
752 820 1016 908 cazmi.

393 1034 582 1096 Precl
624 1033 955 1118 kaptolom
1003 1032 1455 1096 dazmanskz'm
1500 1035 1783 1120 prodaje
1828 1034 2092 1096 AVt'kola
2155 1035 2400 1118 :emlju
2446 1035 2642 1120 svoju
2688 1035 2902 1098 svaku
2951 1055 3098 1097 svo·-

1524 1146 1726 1230 jemu
1775 1146 1951 1232 Ilq'y'z’.

569 1339 705 1400 Nos
752 1339 1099 1419 capitulum
1150 1338 1559 1402 Chasmensis
1589 1341 1853 1401 ecclesie
1902 1341 2330 1422 significamus
2361 1341 2664 1402 omnibus
2695 1342 3094 1419 presencium

384 1471 506 1530 per
568 1465 873 1525 tenorem,
952 1453 1127 1532 quod
1191 1455 1515 1514 constituti
1578 1472 1795 1515 coram
1858 1455 2044 1514 nobis
2103 1455 2518 1532 personaliter
2579 1454 2662 1514 ab
2721 1472 2845 1514 vna
2915 1463 3098 1533 parte

386 1565 719 1644 Nycolaus
778 1585 973 1647 gener
1034 1566 1323 1647 Bogdan,
1367 1567 1451 1627 ab
1512 1567 1709 1628 altera
1773 1586 1926 1627 vero
1989 1565 2184 1644 Elyas
2232 1566 2392 1627 filius
2441 1567 2707 1647 Bogdan
2754 1586 2871 1645 pro
2918 1585 2986 1627 se
3031 1575 3096 1626 et

385 1698 512 1756 pro
580 1679 875 1740 fratribus
938 1681 1083 1754 suiS,
1144 1679 1434 1740 videlicet
1504 1700 1621 1759 pro
1669 1679 1731 1741 V
1738 1679 1958 1753 rban0,
2017 1699 2136 1758 pro
2207 1679 2366 1758 Isep,
2430 1679 2780 1740 Benedicto
2847 1689 2911 1740 et
2980 1698 3099 1759 pro

388 1791 675 1872 Endrey.
724 1790 849 1869 Qui
898 1791 1201 1852 Nicolaus
1246 1791 1571 1852 confessus
1619 1803 1728 1859 est,
1778 1792 1955 1870 quod
2003 1803 2234 1853 terram
2281 1811 2462 1853 suam
2512 1795 2700 1853 sitam
2752 1793 2815 1852 in
2863 1791 3099 1874 Garyg‚

388 1923 545 1964 cum
606 1924 733 1984 qua
793 1905 962 1966 idem
1022 1905 1286 1986 Bogdan
1350 1924 1531 1966 socer
1598 1924 1747 1966 suus
1791 1904 1987 1966 filiam
2034 1925 2216 1966 suam
2264 1905 2616 1979 dotauerat,
2663 1907 2779 1984 ipsi
2827 1906 2988 1984 Elye
3035 1915 3097 1966 et

388 2017 691 2078 fratribus
735 2018 861 2080 suis
906 2018 1281 2096 supradictis
1326 2037 1443 2096 pro
1490 2032 1737 2097 septem
1788 2021 2032 2088 marcis,
2079 2037 2237 2096 quas
2284 2018 2462 2092 dixit,
2509 2018 2687 2098 quod
2731 2020 3100 2108 accepisset,

388 2133 525 2190 iure
595 2142 905 2210 perpetuo
975 2143 1036 2190 et
1106 2131 1613 2192 inreuocabiliter
1680 2132 2136 2210 possidendam
2207 2131 2616 2192 uendidisset.
2681 2129 2874 2194 Cuius
2935 2142 3099 2191 terre

391 2257 585 2316 mete,
652 2247 814 2304 sicut
882 2245 1067 2303 nobis
1137 2244 1334 2303 homo
1406 2255 1621 2304 noster
1689 2244 1915 2317 retulit,
1962 2242 2224 2323 pacifice
2292 2254 2356 2304 et
2429 2246 2642 2322 quiete
2710 2254 2920 2304 erecte
2965 2245 3100 2303 sine

387 2357 909 2417 contradiccione
957 2359 1246 2416 omnium
1294 2358 1645 2417 uicinorum
1679 2368 1742 2417 et
1774 2358 2217 2436 proximorum
2265 2357 2424 2418 tales
2471 2367 2634 2417 sunt.
2670 2356 2878 2417 Prima
2926 2366 3099 2417 meta

390 2471 611 2548 incipit
642 2470 725 2530 ab
758 2470 1043 2530 orientali
1091 2479 1271 2549 parte
1304 2471 1366 2529 in
1400 2472 1793 2530 uicinacione
1828 2482 1989 2531 terre
2020 2469 2270 2548 Stephk
2301 2471 2480 2530 iuxta
2528 2471 2732 2530 riuum
2782 2468 3100 2548 Bacchyn,

392 2585 501 2643 ubi
572 2595 666 2644 est
734 2595 907 2644 meta
975 2595 1194 2651 terrea,
1242 2583 1388 2643 inde
1458 2583 1541 2642 ad
1609 2583 2076 2645 occidentalem
2145 2594 2391 2661 partem
2466 2582 2734 2644 tendens
2793 2583 2968 2642 uenit
3013 2581 3096 2642 ad

388 2696 690 2756 arborem
736 2695 908 2756 scilfa
955 2715 1140 2756 cruce
1186 2698 1521 2776 signatam,
1567 2695 1713 2756 inde
1762 2699 1821 2756 in
1870 2715 2068 2774 parua
2115 2694 2280 2756 ualle
2326 2695 2614 2756 ascendit
2660 2694 2744 2754 ad
2794 2713 3093 2776 magnam

391 2812 587 2882 uiam,
652 2828 764 2887 per
832 2828 1027 2888 quam
1093 2808 1295 2869 tendit
1364 2808 1447 2869 ad
1516 2809 2102 2887 septemtrionalem
2171 2819 2420 2887 partem
2483 2827 2702 2868 uersus
2762 2808 3093 2868 ecclesiam

390 2925 595 2982 sancti
636 2922 857 3001 jacobi
892 2925 953 2982 in
989 2940 1226 3003 magno
1273 2925 1509 3002 spaciO,
1558 2922 1704 2983 inde
1735 2922 1819 2982 ad
1854 2940 2047 2982 unam
2098 2925 2370 2994 uincam,
2402 2924 2508 2982 ubi
2559 2934 2705 2983 sunt
2736 2921 2862 2983 due
2897 2932 3096 2982 terree

392 3048 587 3107 mete,
633 3035 781 3095 inde
828 3035 1158 3096 descendit
1203 3036 1266 3095 in
1314 3016 1480 3095 sicca
1536 3035 1700 3095 ualle
1756 3036 1817 3095 in
1871 3035 2203 3113 Lypouch,
2273 3035 2377 3095 ubi
2426 3045 2522 3095 est
2569 3046 2740 3095 meta
2786 3044 2988 3095 terrea
3034 3045 3098 3094 et

389 3161 619 3208 contra
688 3149 965 3209 eundem
1036 3148 1351 3227 Lypouch
1420 3147 1623 3208 tendit
1690 3148 1775 3208 ad
1844 3148 2433 3226 septemtrionalem
2497 3159 2744 3226 partem
2814 3160 2878 3207 et
2947 3147 3096 3207 inde

391 3264 616 3322 exiens
678 3263 851 3322 uenit
896 3261 978 3321 ad
1025 3262 1319 3321 arborem
1384 3260 1547 3339 fyzsa
1609 3279 1793 3321 cruce
1856 3264 2190 3343 signatam,
2237 3261 2510 3321 tendens
2570 3260 2653 3321 ad
2723 3261 3096 3322 orientalem

392 3388 645 3453 partem
691 3377 755 3434 in
803 3372 983 3447 ualle,
1030 3376 1091 3435 in
1139 3373 1265 3434 fine
1311 3376 1489 3435 cuius
1550 3385 1645 3435 est
1710 3384 1881 3433 meta
1947 3388 2166 3447 terrea,
2212 3374 2362 3434 inde
2423 3376 2734 3434 transiens
2796 3391 3095 3454 magnam

396 3489 569 3548 uiam
617 3488 736 3548 sub
784 3490 969 3549 uinea
1014 3499 1076 3547 et
1124 3490 1297 3547 uenit
1344 3487 1427 3547 ad
1474 3487 1767 3547 arborem
1816 3488 1974 3549 tulfa
2021 3487 2138 3547 sub
2187 3506 2312 3566 qua
2344 3498 2438 3547 est
2472 3496 2644 3547 meta
2690 3497 2910 3559 terrea,
2949 3484 3098 3546 inde

394 3601 728 3661 descendit
790 3601 873 3661 ad
934 3601 1167 3661 uallem
1238 3599 1725 3681 Iztermechaga,
1770 3599 1922 3659 inde
1983 3599 2267 3660 ascendit
2330 3601 2390 3660 in
2458 3599 2634 3659 Beuh
2681 3608 2744 3659 et
2791 3600 2968 3658 uenit
3013 3598 3096 3658 ad

390 3714 689 3775 arborem
762 3714 1019 3788 cherasi,
1081 3714 1199 3773 sub
1264 3732 1389 3791 qua
1452 3723 1546 3773 est
1609 3724 1780 3773 meta
1850 3724 2070 3784 terrea,
2113 3712 2218 3771 ubi
2285 3714 2592 3773 uicinatur
2659 3711 3097 3783 castrensibuS‚

392 3828 543 3888 inde
592 3827 923 3889 descendit
970 3828 1132 3887 inter
1178 3830 1397 3887 uineas
1442 3826 1525 3886 ad
1572 3828 1808 3886 siccam
1869 3826 2122 3899 uallem,
2167 3825 2316 3885 inde
2365 3844 2477 3903 per
2525 3825 2800 3886 eandem
2861 3823 3093 3884 uallem
3191 3860 3195 3865 -

392 3941 565 4001 cadit
611 3944 675 4001 in
724 3939 1039 4018 Bacchyn,
1088 3941 1191 3999 ubi
1257 3954 1352 4000 est
1416 3950 1585 3999 meta
1648 3950 1868 4012 terrea,
1915 3938 2063 3999 inde
2125 3936 2300 3998 uadit
2362 3940 2645 4016 superius
2705 3937 2787 3997 ad
2847 3946 3092 4015 partem

394 4054 899 4128 meridionalem,
944 4054 1093 4114 inde
1156 4053 1426 4113 tendens
1486 4053 1659 4113 uenit
1720 4052 1804 4112 ad
1864 4053 2142 4131 priorem
2205 4062 2445 4111 metam
2492 4062 2555 4111 et
2602 4050 2838 4110 ibidem
2887 4051 3097 4110 termi-

394 4178 600 4229 natur.
648 4166 717 4225 In
765 4170 941 4226 cuius
986 4169 1073 4225 rei
1122 4167 1497 4227 memoriam
1531 4174 1593 4225 et
1627 4166 1819 4224 robur
1865 4175 2114 4224 nostras
2158 4164 2396 4225 litteras
2441 4163 2827 4223 contulimus
2878 4172 3097 4223 nostro

389 4279 597 4361 sigillo
646 4282 1091 4340 communitas
1139 4278 1379 4339 Datum
1426 4296 1599 4338 anno
1648 4278 1891 4337 domini
1941 4278 2278 4339 millesimo
2327 4274 2470 4339 CC⁰
2487 4274 2642 4336 LX⁰
2685 4286 2932 4354 quarto,

577 4473 875 4546 Original
898 4493 930 4528 s
959 4450 1208 4529 disec‘im
1248 4477 1525 4547 pedalem
1558 4492 1591 4528 ο
1624 4474 1964 4545 erno-&utos
2006 4470 2269 4543 svilenoj
2308 4470 2484 4525 vrvci
2524 4488 2564 4524 u
2597 4466 2818 4524 arkivu
2866 4466 3100 4541 obiteljz'

388 4576 659 4634 knezoz·a
707 4576 1054 4648 Battkva‘ny
1103 4596 1141 4632 u
1192 4576 1545 4632 Kb'rmendn
1592 4576 1664 4633 Α.
1730 4576 1787 4632 V.
1840 4574 1945 4631 LI.
1998 4594 2092 4631 no,
2149 4576 2244 4627 40.

584 4682 827 4739 [Venzel
889 4682 1029 4739 Cod.
1093 4680 1238 4757 dipL
1304 4680 1534 4755 Arpad.
1586 4688 1740 4736 cont.
1804 4678 1974 4738 VIII.
2032 4680 2347 4732 [ΟΩ-110.
2402 4709 2478 4717 —-
2531 4675 2904 4751 Kukuljevic‘
2943 4676 3096 4747 Reg.

394 4806 488 4841 πο.
546 4790 679 4843 879.
