3797 5795
1467 435 1871 496 —435—

1577 726 1771 806 905.

303 922 509 1001 1267,
558 921 665 986 20.
706 867 893 1001 jule..
941 919 1001 984 U
1046 917 1388 985 Zvolenu.

302 1111 483 1173 Bela
555 1110 749 1194 kralj
808 1107 1102 1194 ugarskz'
1141 1107 1175 1171 i
1210 1109 1529 1172 krvalskz'
1580 1107 1823 1172 darz‘va
1897 1109 2095 1172 Tomi
2149 1107 2316 1170 sinu
2373 1116 2644 1192 &upana
2697 1107 3024 1190 Joakz'ma

1178 1221 1435 1306 z'manje
1487 1222 1825 1285 Prodavz'c‘
1868 1228 1908 1299 (
1920 1221 2155 1306 Virje).

485 1415 636 1475 Bela
683 1414 784 1475 dei
830 1417 1041 1496 gracia
1091 1413 1435 1497 Hungarie.
1482 1415 1825 1490 Dalmacie,
1873 1413 2155 1488 Croacie,
2203 1415 2423 1488 Rame,
2468 1413 2707 1488 Serme,
2739 1412 3024 1489 Gallicie,

306 1528 726 1602 Lodomerie,
775 1525 1215 1606 Cumanieque
1276 1547 1391 1588 rex
1452 1529 1753 1589 omnibus
1817 1538 2147 1608 presentes
2209 1528 2444 1588 litteras
2507 1529 2880 1607 inspecturis
2926 1547 3023 1589 sa-

303 1641 509 1702 lutem
572 1642 636 1701 in
698 1643 990 1701 omnium
1052 1640 1385 1702 saluatore.
1450 1642 1647 1722 Regie
1707 1643 2061 1702 serenitatis
2129 1642 2454 1719 proprium
2503 1660 2642 1702 esse
2688 1641 2901 1715 debet,
2953 1653 3022 1702 ut

303 1753 531 1815 fideles
575 1772 726 1814 suos
758 1772 906 1835 erga
938 1772 1005 1814 se
1036 1753 1203 1814 bene
1250 1756 1511 1815 meritos
1542 1765 1606 1814 et
1637 1755 2062 1834 obsequiosos
2105 1763 2527 1832 prosequatur
2575 1754 3020 1816 munificencia

304 1868 518 1950 gracie
582 1865 889 1946 specialis,
963 1885 1077 1945 per
1140 1866 1317 1946 quod
1396 1867 1634 1927 nedum
1714 1867 1968 1929 illorum
2029 1867 2277 1927 utilitati
2340 1869 2738 1946 prospicitur,
2802 1887 3023 1929 verum

305 1982 513 2042 eciam
582 1979 774 2062 regali
848 1979 1074 2039 honori
1146 1981 1493 2041 consulitur
1554 1991 1617 2041 et
1679 1982 1969 2054 aceescit,
2017 1980 2170 2040 dum
2241 1979 2344 2039 alii
2411 1980 2718 2059 exemplo
2779 1983 3022 2059 prestiti

304 2093 601 2154 beneficii
669 2093 754 2153 ad
824 2092 1190 2153 exhibenda
1260 2093 1470 2153 eidem
1539 2092 1860 2154 fidelitatis
1929 2092 2238 2173 obsequia
2300 2092 2542 2153 facilius
2602 2092 3020 2154 attrahuntur.

304 2206 585 2267 Proinde
630 2206 714 2266 ad
760 2205 1181 2266 universitatis
1226 2216 1431 2266 vestre
1479 2207 1781 2267 noticiam
1828 2206 2055 2266 harum
2101 2209 2260 2292 serie
2306 2205 2603 2266 volumus
2668 2209 3020 2284 peruenire,

303 2319 486 2399 quod
533 2337 681 2379 cum
730 2318 963 2378 nobilis
1007 2320 1099 2378 vir
1143 2337 1363 2378 comes
1423 2318 1730 2394 Thomas,
1789 2318 1952 2380 filius
2014 2319 2266 2379 comitis
2321 2317 2610 2397 Joachim
2660 2319 2742 2378 de
2787 2337 3022 2400 genere

302 2430 561 2505 Churla,
627 2432 865 2510 inclyte
933 2431 1399 2491 recordacionis
1473 2431 1741 2492 domino
1809 2433 1941 2513 regi
2013 2430 2375 2494 Colomano
2455 2431 2796 2513 magnifico
2865 2432 3014 2493 duci

300 2546 510 2606 tocius
540 2543 897 2617 Sclauonie,
942 2542 1273 2604 karissimo
1321 2544 1491 2604 fratri
1525 2555 1764 2618 nostro,
1796 2564 1833 2604 a
1864 2546 2084 2623 primis
2115 2545 2392 2623 puericie
2436 2563 2547 2605 sue
2579 2547 2778 2615 anniS,
2813 2545 3025 2606 donec

302 2658 479 2719 idem
542 2657 844 2718 dominus
905 2654 1297 2720 Colomanus
1346 2677 1459 2717 rex
1504 2657 1724 2719 vitales
1785 2660 2017 2736 carpsit
2063 2676 2263 2730 auraS‚
2311 2657 2573 2718 diversis
2619 2659 3018 2737 temporibus

300 2771 555 2832 diversa
616 2770 1073 2848 obsequiorum
1135 2788 1370 2851 genera
1430 2781 1711 2831 curasset
1773 2770 2171 2832 laudabiliter
2235 2781 2298 2830 et
2361 2769 2643 2831 fideliter
2702 2770 3024 2832 exhibere.

301 2883 603 2947 Tandem
674 2883 909 2945 eodem
979 2882 1311 2969 karissimo
1363 2883 1553 2945 fratre
1599 2895 1819 2945 nostro
1884 2884 2056 2945 uiam
2123 2886 2412 2945 uniuerse
2463 2886 2669 2944 carnis
2717 2885 3019 2966 ingreSSO,

304 2998 493 3058 nobis
553 2997 867 3057 adherens
941 3016 1179 3057 corone
1248 2999 1418 3078 regie
1487 3016 1634 3057 cum
1702 3016 1961 3058 summo
2024 2998 2396 3058 deuocionis
2473 2998 2704 3058 ardore
2779 3000 3018 3058 eximie

248 3130 257 3135 ·
302 3109 627 3171 fidelitatis
672 3131 711 3171 a
760 3109 973 3171 multis
1019 3120 1187 3170 retro
1234 3112 1417 3171 annis
1477 3110 1767 3170 exhibuit
1812 3110 2207 3171 famulatum.
2276 3110 2502 3171 Dictus
2549 3113 2751 3171 eciam
2801 3129 3022 3172 comes

307 3223 646 3304 joachym,
691 3235 871 3303 pater
915 3226 1067 3297 eiuS,
1098 3223 1491 3302 exponendo
1522 3242 1591 3283 se
1624 3224 1684 3282 in
1719 3223 1982 3283 diuersis
2027 3225 2203 3305 regni
2250 3225 2448 3284 nostri
2498 3224 3024 3301 expedicionibus

316 3357 437 3417 pro
486 3347 700 3398 nostra
746 3349 808 3397 et
855 3338 1030 3417 regni
1079 3338 1271 3396 nostri
1332 3335 1709 3397 defensione
1754 3335 2047 3415 periculis
2086 3346 2150 3397 et
2197 3337 2470 3410 fortuna,
2516 3348 2694 3417 grata
2741 3337 3024 3398 similiter

316 3450 506 3510 nobis
551 3449 865 3528 impendit
911 3449 1192 3523 seruicia,
1236 3448 1453 3527 quoad
1501 3451 1689 3523 vixit;
1721 3449 1914 3509 frater
1962 3467 2220 3527 quoque
2266 3448 2417 3508 dicti
2449 3448 2705 3510 Thome
2750 3451 3022 3523 comitiS‚

318 3563 614 3624 videlicet
660 3561 1035 3623 venerabilis
1080 3572 1263 3641 pater
1308 3572 1525 3622 noster
1570 3562 1869 3622 dominus
1940 3561 2264 3641 Philippus
2308 3572 2528 3623 sancte
2573 3562 3024 3644 Strigoniensis
3059 3552 3066 3577 ⁷

317 3677 586 3737 ecclesie
655 3675 1187 3755 archiepiscopus,
1256 3692 1401 3734 cum
1471 3674 1873 3755 Zagrabiensi
1943 3674 2208 3735 ecclesie
2277 3675 2470 3756 digne
2515 3686 2579 3762 et
2625 3674 3025 3736 laudabiliter

317 3789 687 3869 presideret,
734 3790 963 3849 missus
1008 3807 1121 3866 per
1168 3805 1286 3848 nos
1331 3807 1449 3866 pro
1499 3790 1727 3849 nostris
1774 3788 2255 3849 necessitatibus
2285 3788 2369 3849 ad
2401 3808 2733 3849 romanam
2783 3792 3021 3850 curiam

317 3912 380 3962 et
428 3904 492 3962 in
538 3902 865 3963 vlteriores
926 3910 1139 3980 partes
1186 3900 1398 3973 ·Italie,
1443 3919 1519 3961 ac
1564 3900 1717 3961 alias
1778 3904 2088 3982 regioneS,
2129 3901 2366 3962 ibidem
2416 3902 2628 3962 multis
2675 3902 2914 3962 vicibus
2958 3903 3023 3963 in

317 4016 589 4094 propriis
665 4013 994 4092 stipendiis
1072 4002 1405 4074 militando
1466 4024 1530 4073 et
1590 4032 1659 4074 se
1720 4015 1879 4074 aeris
1940 4016 2333 4093 intemperie,
2393 4016 2585 4075 maris
2651 4024 2713 4075 et
2781 4017 3022 4075 viarum

316 4128 613 4207 periculis
658 4138 722 4188 et
768 4126 903 4187 aliis
948 4121 1513 4187 innumerabilibus
1560 4127 1991 4188 incommodis
2035 4127 2446 4206 exponendO,
2476 4130 2768 4188 uniuersa
2807 4136 3024 4189 nostra

317 4243 589 4322 negocia
619 4240 733 4302 sibi
767 4241 1109 4301 commissa
1140 4230 1385 4321 peregit
1417 4239 1501 4301 ad
1533 4240 1858 4300 cumulum
1907 4239 2168 4300 honoris
2213 4260 2449 4301 corone
2497 4250 2710 4301 nostre
2757 4239 3025 4301 fideliter

319 4365 385 4415 et
430 4354 795 4432 prudenter.
857 4354 1252 4414 Procedente
1314 4355 1517 4414 eciam
1579 4363 1888 4431 tempore,
1935 4353 2106 4413 idem
2154 4353 2454 4414 dominus
2513 4353 3025 4433 archiepiscopus

318 4466 403 4527 ad
466 4468 746 4549 regimen
812 4476 1032 4527 sancte
1062 4450 1546 4548 ³‘Strigoniensis
1605 4466 1869 4527 ecclesie
1915 4476 2179 4545 propter
2231 4484 2491 4527 suorum
2555 4469 3022 4548 prerogativam

319 4580 692 4641 meritorum
738 4580 954 4641 diuina
1015 4579 1365 4640 clemencia
1426 4578 1818 4651 sublimatuS,
1882 4578 2036 4638 dum
2103 4580 2358 4638 inimico
2416 4578 2751 4639 hominum
2809 4597 3024 4658 super-

319 4695 681 4754 seminante
724 4694 957 4753 zizania
1006 4694 1166 4753 inter
1213 4711 1331 4753 nos
1361 4711 1444 4752 ex
1478 4710 1604 4751 una
1636 4704 1815 4770 parte
1861 4701 1926 4752 et
1972 4691 2310 4751 dominum
2351 4709 2574 4777 'regem
2622 4690 3020 4770 Stephanum

320 4805 721 4867 karissimum
791 4805 987 4867 filium
1060 4817 1343 4867 nostrum
1416 4825 1501 4865 ex
1568 4804 1783 4878 altera,
1828 4815 2040 4865 essent
2109 4803 2255 4864 hinc
2323 4804 2474 4865 inde
2543 4805 2806 4866 diuersis
2865 4814 3025 4865 tem-

320 4919 583 4998 poribus
628 4937 869 5001 guerre,
916 4918 1248 4993 discordie,
1294 4937 1369 4978 ac
1411 4920 1706 4979 intestina
1752 4915 1949 4996 prelia
1995 4919 2314 4992 suscitata,
2358 4936 2477 4996 pro
2523 4936 2762 4978 corone
2809 4927 3024 4979 nostre

320 5041 492 5093 statu
537 5051 763 5093 sereno
810 5042 874 5092 et
921 5034 1098 5113 regni
1160 5034 1358 5092 nostri
1422 5032 1782 5112 integritate
1828 5028 1914 5091 et'
1939 5030 2238 5101 felicitate
2283 5031 2627 5105 seruandiS‚
2672 5050 2742 5092 se
2786 5030 3025 5093 media-

322 5156 551 5219 torem,
594 5164 751 5223 ymo
798 5163 923 5224 qua
970 5155 1221 5205 scutum
1267 5156 1330 5204 et
1377 5134 1629 5205 murum
1676 5145 2052 5222 interposuit
2085 5154 2148 5204 et
2179 5146 2268 5205 sic
2298 5155 2443 5224 post
2492 5143 2730 5205 multos
2773 5143 3028 5206 labores

2907 5294 2940 5329 *
