3797 5795
1869 357 2227 419 ..56-

1958 648 2151 728 579.

700 834 904 914 1257,
949 835 1057 900 23.
1105 836 1366 900 marta.
1413 833 1475 899 U
1519 831 2021 900 Dubrovniku.

1189 1023 1456 1108 Ugovor
1499 1021 1676 1086 mira
1723 1021 2019 1105 izmedju
2070 1022 2525 1086 Dubrovm'ka
2572 1023 2605 1084 ι’
2646 1021 2925 1108 Spljeta.

872 1213 1072 1275 Anno
1119 1212 1465 1296 (dominice
1509 1216 1969 1274 incarnacionis
1998 1213 2365 1294 millesimo)
2397 1213 2839 1275 ducentesimo
2864 1216 3393 1297 quinquagesimo

703 1329 998 1405 septimO,
1042 1328 1278 1387 mensis
1323 1329 1546 1400 martii,
1591 1345 1768 1386 nono
1813 1326 1919 1386 die
1962 1339 2229 1401 astante,
2284 1327 2558 1409 Ragusii.
2628 1325 2795 1390 Cum
2840 1347 2955 1406 per
2999 1328 3389 1388 voluntatem

716 1438 957 1498 domini
992 1437 1230 1517 Guydo
1263 1437 1620 1520 (potestatis
1659 1436 1921 1518 Spalati,
1950 1439 2227 1501 iudicum
2263 1439 2351 1521 et)
2398 1440 2894 1515 consiliatorum,
2942 1459 3193 1502 necnon
3240 1443 3393 1503 eius-

699 1550 848 1611 dem
894 1562 1062 1611 terre
1104 1554 1540 1613 universorum
1585 1553 1834 1622 civium,
1873 1551 2200 1632 Johannes
2248 1553 2477 1614 Vitalis
2520 1564 2586 1614 et
2632 1551 2977 1634 Gregorius
3020 1551 3241 1615 Grube
3288 1556 3391 1612 viri

701 1711 1016 1724 ......
1087 1663 1285 1724 nobili
1337 1675 1401 1724 et
1457 1664 1784 1743 praeclaro
1828 1667 1964 1725 viro
2004 1664 2250 1744 Jacobo
2298 1663 2668 1739 ContarinO,
2714 1665 2797 1726 de
2844 1666 3155 1726 mandato
3202 1666 3389 1726 incliti

699 1775 880 1838 ducis
925 1777 1206 1838 Venecie
1250 1781 1468 1838 comiti
1531 1777 1788 1859 Ragusii
1831 1787 1895 1862 et
1942 1777 2229 1839 eiusdem
2278 1789 2480 1840 terrae
2527 1827 2539 1837 .
2590 1797 2621 1837 .’
2648 1827 2907 1842 .....
2986 1780 3187 1839 nuntii
3255 1781 3393 1839 mit-

701 1901 999 1965 terentur,
1045 1901 1111 1951 ut
1159 1910 1272 1969 per
1317 1891 1650 1952 cuiusdam
1694 1894 2165 1952 commissionis
2207 1895 2503 1953 virtutem
2552 1895 2747 1971 ipsius
2778 1901 3163 1971 potestatem
3206 1893 3393 1952 habe—

701 2013 841 2064 rent
889 2003 1221 2077 tractandi,
1275 2003 1712 2083 componendi
1746 2051 2003 2063 .....
2050 2015 2115 2064 et
2170 2005 2549 2065 terminandi
2596 2023 2743 2065 cum
2792 2004 3078 2083 preclaro
3118 2007 3251 2064 viro
3282 2005 3395 2065 do-

702 2119 878 2176 mino
903 2114 1150 2195 Jacobo
1184 2113 1534 2178 Contarino
1565 2119 1801 2177 comite
1832 2116 2177 2190 antediem,
2210 2117 2520 2178 iudicibus
2550 2127 2614 2177 et
2644 2119 3111 2177 communitate
3142 2116 3391 2198 Ragusii

701 2247 892 2307 super
959 2229 1258 2289 omnibus
1325 2230 1546 2302 musis
1611 2230 1882 2310 negotiis
1928 2241 1993 2290 et
2038 2231 2493 2309 questionibus,
2564 2249 2691 2309 que
2738 2231 3069 2308 quondam
3139 2231 3395 2291 incubu-

702 2351 885 2402 erunt
932 2353 996 2402 et
1043 2360 1212 2402 nunc
1269 2341 1353 2402 ad
1399 2361 1658 2420 presens
1715 2343 2095 2403 incumbunt
2162 2345 2324 2404 inter
2383 2345 2552 2404 cives
2596 2343 2961 2423 Spalatinos
3006 2353 3069 2404 et
3114 2361 3397 2403 commu-

703 2455 972 2515 nitatem
1015 2456 1376 2514 uniuersam
1423 2464 1487 2515 et
1535 2456 1694 2515 inter
1742 2455 2119 2535 Ragusanos
2162 2459 2331 2516 cives
2376 2467 2440 2516 et
2471 2459 3019 2528 communitatem,
3064 2465 3395 2534 propterea

704 2567 880 2646 quod
948 2567 1211 2646 aliquod
1285 2567 1657 2629 scandalum
1725 2571 1888 2628 inter
1966 2578 2303 2646 utramque
2361 2572 2683 2631 civitatem
2748 2579 2967 2648 posset
3012 2570 3176 2641 oriri,
3240 2570 3396 2628 sicut

703 2689 890 2740 antea
959 2680 1174 2741 fuisset
1235 2690 1551 2741 exortum.
1629 2678 1824 2743 Cuius
1887 2701 2036 2742 vero
2096 2683 2418 2743 antedicte
2493 2684 2962 2743 commissionis
3019 2694 3206 2742 tenor
3261 2681 3399 2742 talis

702 2803 827 2854 est:
895 2791 1093 2854 Anno
1137 2792 1460 2854 dominice
1506 2794 1957 2856 incarnationis
2010 2794 2822 2864 millesimoducentesimo
2870 2796 3397 2876 quinquagesimo

703 2910 996 2986 septim0,
1085 2908 1434 2969 indictione
1510 2908 2003 2987 quintadecima,
2086 2909 2188 2969 die
2264 2910 2739 2985 quartadecima
2816 2911 3088 2969 intrante
3155 2910 3397 2981 marti0,

705 3030 1010 3103 regnante
1072 3020 1340 3081 domino
1410 3031 1630 3081 nostro
1693 3021 1844 3081 Bela
1905 3024 2306 3082 serenissimo
2384 3042 2530 3103 rege
2598 3022 2942 3103 Hungarie,
3008 3021 3399 3101 temporibus

703 3134 954 3215 Rogerii
1005 3133 1379 3194 venerabilis
1437 3134 1894 3213 archiepiscopi
1956 3134 2283 3212 Spalatini‚
2344 3133 2651 3214 Stephani
2712 3135 2961 3195 illustris
3024 3135 3171 3194 bani
3229 3134 3397 3197 Scla-

703 3248 892 3307 vonie
974 3248 1244 3319 comitiS,
1317 3243 1654 3325 Guydonis
1738 3249 1991 3307 comitis
2060 3247 2396 3308 Modrusse
2478 3262 2541 3308 et
2625 3247 2975 3308 Vinodollii
3052 3250 3398 3326 potestatiS,

705 3358 908 3419 Desse
955 3358 1300 3433 MichaeliS,
1369 3359 1533 3420 Petri
1591 3356 1934 3433 Cerneche‚
1998 3359 2219 3421 Dobre
2288 3360 2558 3421 Duscize
2622 3360 2919 3421 iudicum.
2992 3360 3109 3420 Vir
3170 3360 3398 3421 nobilis

706 3470 1006 3533 dominus
1067 3470 1307 3550 Guydo
1368 3482 1652 3550 potestas
1713 3482 1776 3533 et
1839 3474 2077 3533 iudices
2136 3474 2477 3553 supradicti
2537 3492 2687 3535 cum
2746 3472 3112 3534 consiliariis
3156 3484 3219 3534 et
3266 3476 3399 3534 uni-

707 3602 884 3645 versa
945 3587 1196 3645 civitate
1241 3584 1568 3663 Spalatina
1611 3603 1725 3663 per
1772 3585 1893 3646 hoe
1939 3605 2199 3665 presens
2265 3589 2757 3647 instrumentum
2818 3590 3121 3665 scriptum
3167 3588 3401 3647 consti-

707 3707 960 3757 tuerunt
1006 3709 1070 3758 et
1115 3697 1583 3771 ordinaverunt,
1647 3701 1812 3759 viros
1871 3700 2175 3777 providos
2227 3698 2588 3779 Johannem
2638 3700 2865 3761 Vitalis
2909 3712 2975 3760 et
3019 3698 3399 3781 Gregorium

708 3806 946 3883 Grube,
1013 3821 1342 3889 presentes
1400 3830 1550 3871 suos
1612 3814 1885 3886 nuntiOS‚
1947 3824 2389 3891 procuratores
2442 3823 2506 3873 et
2569 3824 2815 3873 actores
2878 3816 2937 3873 in
3004 3814 3257 3893 Ragusa
3316 3812 3399 3872 ad

707 3923 1129 3995 tractandum,
1175 3924 1722 4002 componendum,
1767 3924 2241 4002 paciscendum,
2272 3924 2796 3987 concordandum
2832 3936 2895 3986 et
2928 3924 3399 3985 terminandum

705 4054 852 4096 cum
899 4038 1154 4117 egregio
1201 4046 1265 4097 et
1309 4036 1526 4097 illustri
1587 4039 1720 4097 viro
1766 4038 2034 4097 domino
2072 4037 2319 4117 Jacobo
2368 4035 2717 4101 Contarino
2778 4041 3033 4111 comite,
3092 4038 3401 4098 iudicibus

705 4160 769 4209 et
836 4151 1298 4210 communitate
1368 4150 1622 4232 Ragusii
1689 4170 1878 4230 super
1947 4152 2247 4211 omnibus
2316 4154 2521 4212 causis
2602 4166 2665 4212 et
2751 4153 3038 4233 negotiiS‚
3112 4170 3240 4231 que
3310 4154 3398 4210 in-

706 4263 1017 4323 cumbunt
1094 4266 1256 4323 inter
1347 4266 1514 4324 cives
1580 4263 1828 4345 Ragusii
1896 4275 1959 4324 et
2038 4263 2420 4343 SpalatinOS‚
2496 4276 2833 4343 propterea
2909 4265 3086 4344 quod
3162 4264 3399 4343 aliquid

705 4375 1078 4437 scandalum
1143 4377 1302 4437 inter
1357 4388 1692 4455 utramque
1751 4378 2071 4438 civitatem
2132 4389 2347 4455 posset
2409 4380 2571 4451 oriri,
2616 4379 2745 4439 sive
2811 4378 3116 4438 hactenus
3185 4378 3401 4437 fuisset

707 4498 1006 4549 exortum
1082 4500 1146 4549 et
1227 4489 1312 4550 ad
1379 4492 1594 4549 omnia
1656 4488 2040 4564 faciendum,
2108 4509 2233 4568 que
2304 4494 2425 4550 veri
2497 4502 2560 4551 et
2630 4492 2890 4571 legitimi
2959 4500 3401 4569 procuratores

705 4601 912 4662 facere
960 4614 1218 4680 possent
1265 4616 1328 4663 et
1375 4603 1698 4676 deberent,
1759 4606 2207 4681 promittentes
2268 4615 2473 4665 ratum
2522 4604 2755 4665 habere
2800 4614 2865 4665 et
2912 4604 3183 4675 firmum,
3230 4606 3401 4681 quic-

708 4713 863 4793 quid
917 4726 1358 4794 procuratores
1417 4719 1578 4777 circa
1643 4716 1927 4795 predicta
1990 4736 2136 4777 cum
2194 4717 2482 4796 predicto
2543 4718 2811 4779 domino
2858 4719 3095 4777 comite
3142 4716 3397 4797 Ragusii

706 4826 1008 4889 duxerint
1054 4829 1434 4890 faciendum.
1480 4828 1721 4891 Actum
1768 4829 2012 4908 Spalati
2059 4834 2121 4891 in
2166 4831 2406 4909 palatio
2455 4832 2699 4891 domini
2746 4831 3096 4909 potestatis.
3143 4828 3397 4889 Testes:
3472 4870 3483 4885 .

701 4940 1025 5020 Johannes
1060 4938 1359 5021 Cicayda‚
1391 4942 1684 5004 Andreas
1717 4943 2005 5017 Michaci,
2040 4944 2252 5005 Micha
2286 4944 2483 5005 Madii
2530 4957 2592 5004 et
2639 4945 2757 5005 alii.
2804 4944 2887 5003 Et
2937 4961 3059 5023 ego
3094 4939 3401 5020 Opprissa

707 5052 1000 5115 Dabralis
1047 5058 1447 5116 examinator
1495 5074 1753 5117 manum
1805 5076 2016 5117 meam
2066 5059 2221 5117 misi.
2270 5057 2409 5138 Ego
2456 5056 2721 5117 Amicus
2764 5056 3106 5135 capelanus
3151 5058 3402 5115 comitis
