3797 5795
1558 382 1975 447 —1315—

402 571 793 633 contulimus
837 582 1057 632 nostro
1102 571 1308 653 sigillo
1339 576 1789 635 communitas.
1836 572 2080 635 Datum
2112 592 2285 635 anno
2318 574 2565 635 domini
2598 573 2702 635 Μο
2734 571 2878 638 CC⁰
2912 574 3116 637 LXX.

404 702 642 761 primo,

7 892 9 911 ,
588 843 654 900 Iz
704 844 989 917 izvornog
1034 846 1345 921 prijepisa
1406 844 1655 921 kaptola
1718 845 2130 919 Cazmanskog
2187 847 2272 903 od
2311 867 2366 921 g.
2415 850 2586 905 1399.
2643 852 2692 905 7.
2719 867 2894 923 juna
2945 868 2986 905 u
3031 848 3125 905 kr.

7 934 9 1009 l
404 966 513 1020 ug.
564 948 687 1003 drz'.
735 946 958 1004 arkivu
1006 968 1045 1004 u
1096 950 1405 1007 Budimu:
1468 950 1553 1005 M.
1618 948 1685 1006 O.
1736 949 1813 1006 D.
1863 948 1935 1007 L.
1985 970 2078 1006 κο.
2135 953 2262 1005 771.
2315 951 2536 1023 (Siara
2581 952 2744 1025 sngn.
2793 952 2876 1009 Ν.
2923 953 3005 1009 R.
3052 953 3124 1010 A.

382 1054 571 1128 fasc.
631 1053 761 1105 647.
812 1071 907 1109 no,
958 1054 1085 1115 38.)

605 1156 842 1213 Wenzel
918 1155 1059 1214 cod.
1120 1158 1266 1233 dipl.
1341 1157 1485 1233 Arp.
1552 1167 1707 1215 cont.
1792 1158 1959 1215 VIII.
2046 1160 2122 1212 35
2135 1162 2311 1215 ΐ-9,
2383 1191 2468 1201 -
2529 1159 2910 1236 Kukuljevic‘
2971 1162 3124 1235 Reg.

410 1280 507 1317 no,
556 1264 727 1321 1050.

1715 1554 1850 1632 62.

413 1656 611 1724 1271.

424 1844 563 1907 Puz
624 1852 847 1929 iupan
910 1845 1295 1908 krt'ffevac‘ki
1337 1847 1811 1932 ustanovljuje
1875 1848 2095 1931 medje
2157 1846 2363 1911 nekz'h
2415 1847 2770 1933 prodam'k
2818 1848 3123 1932 zemalja.

593 2038 730 2097 Nos
798 2037 967 2098 Pous
1034 2058 1255 2100 comes
1322 2037 1651 2103 Crisiensis
1718 2042 2032 2101 memorie
2093 2040 2631 2102 commendamus
2699 2040 3128 2123 significantes

432 2150 649 2227 quibus
716 2151 985 2230 expedit
1053 2154 1372 2227 universi5‚
1441 2154 1619 2232 quod
1687 2155 2016 2214 constituti
2086 2172 2303 2214 coram
2367 2154 2553 2215 nobis
2612 2152 2911 2216 Andreas
2971 2153 3133 2216 filius

430 2262 629 2324 Borila
673 2264 759 2323 ab
815 2282 941 2325 una
1001 2275 1184 2344 parte
1228 2277 1289 2326 et
1331 2264 1539 2345 Juano
1600 2265 1765 2328 filius
1826 2266 2093 2327 Tretina
2154 2267 2237 2327 ab
2306 2267 2521 2340 altera,
2597 2265 2768 2327 idem
2835 2265 3135 2328 Andreas

433 2377 749 2437 confessus
792 2388 890 2439 est
935 2380 1075 2439 viva
1122 2398 1282 2439 voce
1311 2398 1380 2439 se
1412 2380 1773 2441 vendidisse
1820 2380 2150 2458 quandam
2197 2390 2435 2441 terram
2481 2399 2664 2441 suam
2710 2380 2896 2440 sitam
2947 2381 3126 2440 iuxta

432 2498 649 2551 terram
698 2509 879 2551 suam
913 2490 1427 2573 (h)ereditariam‚
1474 2510 1600 2571 que
1646 2492 1761 2553 sibi
1809 2512 1930 2571 pro
1977 2493 2197 2553 debito
2245 2491 2544 2553 Neudalk
2589 2494 2899 2553 emcionis
2946 2492 3132 2553 titulo

436 2602 763 2665 devenerat
811 2624 928 2684 pro
976 2606 1226 2666 duabus
1289 2607 1517 2667 marcis
1578 2608 1702 2665 iam
1765 2607 1956 2684 plene
2017 2608 2312 2685 acceptis
2374 2605 2581 2667 eidem
2640 2604 2849 2685 Juano
2895 2615 2960 2666 et
3005 2606 3135 2666 suis

440 2712 817 2796 (h)eredibus
853 2715 1359 2800 .(h)eredumque
1420 2720 1893 2780 successoribus
1943 2721 2074 2779 iure
2118 2728 2431 2798 perpetuo
2477 2718 2936 2797 possidendam
2983 2735 3131 2780 cum

437 2830 723 2892 omnibus
782 2832 1153 2893 vtilitatibus
1210 2843 1273 2893 et
1328 2834 1735 2912 pertinenciis
1798 2832 1920 2894 sub
1983 2833 2168 2893 metis
2229 2830 2653 2911 infrascriptis
2715 2829 2910 2894 Cuius
2970 2841 3134 2892 terre

437 2945 630 3022 prima
696 2956 865 3008 meta
925 2949 1146 3026 incipit
1205 2948 1289 3007 ab
1335 2949 1579 3008 oriente
1624 2948 1687 3006 in
1736 2945 1930 3006 fluvio
1994 2943 2458 3027 Chugauaznos
2520 2955 2753 3006 vocato
2799 2945 2863 3004 in
2903 2945 3134 3006 arbore

438 3058 539 3116 ina
595 3069 655 3118 et
715 3059 868 3121 inde
924 3060 1097 3120 vadit
1160 3059 1399 3122 directe
1460 3078 1676 3121 versus
1744 3058 2150 3119 occidentem
2211 3068 2276 3118 et
2335 3058 2620 3136 pervenit
2689 3057 2774 3118 ad
2836 3057 3133 3118 arborem

436 3172 685 3250 gertian‚
729 3173 964 3234 deinde
1010 3173 1181 3234 vadit
1228 3183 1293 3234 et
1336 3175 1623 3251 pervenit
1670 3171 1753 3232 ad
1804 3183 2048 3232 metam
2095 3183 2366 3232 terream
2413 3189 2616 3249 prope
2652 3171 2950 3231 arborem
2996 3173 3133 3250 piri,

436 3282 660 3344 deinde
704 3284 878 3346 vadit
938 3305 1051 3364 per
1113 3288 1279 3346 viam
1344 3304 1558 3346 versus
1617 3285 1992 3365 aquilonem
2057 3294 2122 3344 et
2181 3285 2474 3363 pervenit
2533 3283 2616 3345 ad
2678 3283 2976 3344 arborem
3037 3283 3129 3344 tul

435 3412 614 3456 cruce
656 3399 988 3478 signatam,
1022 3399 1127 3459 ubi
1164 3400 1471 3459 vicinatur
1502 3407 1667 3458 terre
1712 3395 1977 3458 Andree
2021 3395 2128 3458 filii
2180 3396 2405 3470 Borila,
2453 3395 2689 3457 deinde
2718 3395 3136 3476 procedendo

436 3507 602 3569 vadit
644 3521 708 3573 et
751 3512 1040 3591 pervenit
1085 3512 1169 3573 ad
1214 3514 1510 3572 arborem
1557 3512 1775 3572 cerasii
1838 3528 2026 3570 cruce
2071 3512 2387 3592 signatam
2435 3519 2498 3571 et
2547 3510 2694 3572 inde
2740 3508 3134 3571 transeundo

433 3640 624 3682 unum
668 3623 927 3685 fluvium
974 3624 1149 3686 vadit
1192 3633 1257 3684 et
1300 3627 1587 3703 pervenit
1633 3624 1717 3684 ad
1763 3625 2062 3684 arborem
2109 3625 2222 3702 piri
2271 3642 2459 3684 cruce
2505 3625 2824 3704 signatam
2870 3633 2935 3684 et
2981 3622 3132 3683 inde

430 3734 596 3796 vadit
652 3749 717 3798 et
784 3739 1069 3816 pervenit
1137 3737 1219 3798 ad
1288 3735 1550 3798 fluvium
1633 3734 2101 3818 Chugouaznos
2168 3747 2470 3798 vocatum
2541 3749 2604 3798 et
2672 3756 2786 3815 per
2852 3735 3132 3797 eundem

432 3847 683 3918 fluvium
751 3851 924 3911 vadit
970 3861 1035 3911 et
1080 3852 1367 3929 pervenit
1429 3849 1513 3909 ad
1574 3859 1815 3910 metam
1879 3859 2152 3911 terream
2213 3850 2430 3910 eundo
2491 3869 2706 3910 versus
2768 3829 3126 3921 meridiem;

433 3961 658 4024 deinde
717 3967 1004 4044 pervenit
1064 3964 1147 4028 ad
1210 3973 1449 4024 metam
1494 3963 1559 4023 in
1605 3964 1916 4042 principio
1979 3965 2394 4024 nominatam.
2467 3960 2848 4024 Addicimus
2908 3964 3130 4032 eciam,

434 4077 605 4154 quod
651 4081 715 4138 in
762 4078 995 4139 eodem
1044 4087 1213 4139 statu
1247 4087 1495 4156 partem
1544 4077 1729 4136 unius
1776 4077 1957 4136 vinee
2002 4093 2362 4136 successam
2409 4074 2620 4136 eidem
2667 4073 2932 4136 Andree
2980 4091 3126 4135 cum

434 4199 590 4254 terra
632 4191 995 4270 supradicta
1043 4189 1430 4252 vendidisset
1476 4208 1594 4269 pro
1638 4207 1753 4249 sex
1784 4189 2000 4267 pensis
2045 4189 2256 4250 eidem
2306 4187 2502 4248 Ivano
2534 4188 2652 4249 sub
2685 4189 2872 4249 metis
2918 4189 3138 4248 terreis

432 4304 859 4383 infrascriptis:
924 4302 1215 4364 videlicet
1264 4305 1326 4364 in
1372 4303 1577 4382 prima
1624 4313 1797 4362 meta
1842 4313 2048 4362 terrea
2093 4302 2308 4380 incipit
2355 4321 2394 4362 a
2439 4301 2650 4380 capite
2705 4303 2897 4379 ipsius
2945 4301 3132 4360 vinee

430 4437 465 4476 a
508 4421 965 4498 septemtrione
1012 4427 1075 4476 et
1121 4416 1296 4476 vadit
1356 4415 1596 4476 directe
1656 4433 1874 4475 versus
1936 4414 2266 4475 meridiem
2314 4423 2378 4476 et
2422 4417 2713 4494 pervenit
2757 4413 2843 4474 ad
2890 4422 3132 4473 metam

430 4541 713 4606 terream,
760 4531 866 4591 ubi
913 4541 1010 4591 est
1056 4529 1197 4591 finis
1256 4531 1450 4607 ipsius
1511 4530 1723 4601 vinee;
1787 4526 2023 4588 deinde
2082 4527 2289 4589 tendit
2349 4546 2564 4588 versus
2610 4527 3015 4589 occidentem
3063 4537 3127 4586 et

432 4647 713 4723 pervenit
773 4644 856 4704 ad
924 4653 1167 4704 metam
1230 4653 1519 4714 terream,
1580 4640 1688 4701 ubi
1759 4641 2068 4702 vicinatur
2137 4637 2562 4723 (h)ereditarie
2621 4641 2805 4701 vinee
2875 4636 3141 4700 Andree

432 4758 798 4836 supradicti;
846 4757 1081 4818 deinde
1127 4756 1329 4817 tendit
1361 4755 1600 4816 directe
1632 4771 1846 4814 versus
1891 4753 2262 4833 aquilonem
2308 4765 2372 4815 et
2417 4755 2704 4832 pervenit
2749 4753 2832 4814 ad
2881 4763 3124 4813 metam

432 4883 733 4945 terream;
793 4870 1029 4931 deinde
1075 4869 1277 4930 tendit
1322 4867 1563 4928 directe
1609 4884 1825 4927 versus
1870 4869 2186 4928 orientem
2233 4869 2296 4926 in
2341 4867 2551 4945 capite
2597 4869 2792 4944 ipsius
2838 4867 3021 4927 vinee
3067 4874 3132 4925 et

432 4986 715 5061 pervenit
758 4982 841 5043 ad
888 4991 1131 5043 metam
1176 4982 1239 5041 in
1286 4981 1595 5060 principio
1642 4979 2062 5040 nominatam.
2111 4979 2182 5040 In
2229 4982 2405 5040 cuius
2451 4981 2538 5039 rei
2584 4980 3023 5039 testimonium
3072 4987 3140 5038 et

434 5109 499 5158 ut
544 5097 739 5158 robur
806 5107 1115 5175 perpetue
1184 5093 1497 5154 firmitatis
1564 5094 1871 5170 optineat,
1941 5113 2022 5154 ne
2065 5111 2368 5172 processu
2436 5092 2742 5170 temporis
2789 5094 2852 5152 in
2899 5093 3140 5152 irritum
