3797 5795
1472 397 1545 405 ——
1612 362 1731 423 147
1795 397 1881 405 --

1572 656 1765 736 656.

346 803 523 868 1259.

738 993 1023 1057 Ulomak
1068 995 1293 1079 meafja
1340 998 1597 1081 nekoga
1638 995 1880 1081 possed
1882 1019 1924 1059 a
1971 995 2232 1080 opatije
2287 996 2613 1079 Topuske.

343 1231 3030 1253 ·············································

340 1298 416 1359 ad
458 1310 748 1361 montem
795 1301 879 1361 ad
926 1314 1051 1363 tres
1099 1312 1321 1377 metaS,
1368 1302 1604 1363 deinde
1649 1302 1983 1363 descendit
2028 1304 2092 1363 in
2133 1321 2366 1383 aquam
2401 1304 2464 1362 in
2497 1302 2766 1377 Petrina,
2797 1303 3032 1365 deinde

340 1424 543 1474 autem
587 1414 721 1473 exit
766 1413 851 1475 ad
898 1414 1055 1493 Bely
1099 1414 1323 1495 potok,
1367 1425 1432 1477 et
1477 1415 1715 1477 exinde
1759 1415 2174 1477 ascendendo
2247 1415 2420 1479 vadit
2463 1434 2579 1494 per
2623 1414 2884 1480 fluvium
2945 1417 3030 1477 ad

338 1536 511 1604 caput
564 1525 721 1605 Bely
752 1526 957 1605 potok
1002 1527 1237 1591 deinde
1282 1529 1365 1589 ad
1410 1526 1897 1611 Damasingum,
1931 1530 2034 1589 ubi
2069 1538 2164 1589 est
2196 1538 2386 1603 meta,
2418 1528 2652 1591 deinde
2699 1529 3030 1591 descendit

340 1652 395 1699 et
439 1642 657 1701 transit
702 1640 973 1702 rivulum
1018 1641 1103 1703 ad
1148 1654 1408 1717 metam,
1469 1642 1705 1705 deinde
1769 1656 1985 1704 autem
2033 1644 2258 1703 iterum
2322 1642 2406 1703 ad
2470 1652 2730 1716 metam,
2795 1642 3032 1704 deinde

338 1752 645 1815 veniendo
690 1753 1254 1837 perveniendoque
1298 1755 1383 1818 acl
1428 1758 1597 1817 viam
1645 1774 1771 1835 que
1816 1757 1989 1817 venit
2013 1756 2096 1816 de
2128 1754 2326 1831 Blina,
2356 1775 2470 1835 per
2499 1758 2664 1818 viam
2699 1754 3032 1819 descendit

340 1865 395 1925 in
438 1864 813 1949 Precopam‚
857 1868 963 1929 ubi
1008 1883 1155 1929 sunt
1201 1878 1393 1943 mete,
1437 1868 1520 1931 de
1568 1869 1851 1949 Precopa
1896 1879 2115 1930 autem
2162 1869 2332 1929 venit
2382 1868 2466 1929 ad
2513 1878 2734 1945 metaS,
2794 1868 3030 1934 deinde

336 1998 441 2060 per
482 1980 679 2041 valles
724 1980 1137 2042 ascendendo
1184 1983 1247 2042 in
1296 1981 1656 2060 vallemque
1716 1980 2174 2042 descendendo
2223 1991 2285 2041 et
2333 2000 2522 2061 super
2582 1990 2872 2043 montem
2930 2000 3031 2046 su-

337 2096 535 2171 perius
580 2102 677 2155 est
728 2106 897 2158 meta
929 2105 1130 2157 terrea
1162 2107 1226 2156 et
1258 2095 1408 2155 inde
1454 2094 1539 2157 ad
1572 2092 1944 2162 Cochinam,
1991 2093 2225 2155 deinde
2270 2092 2558 2155 ascendit
2604 2093 2689 2154 ad
2736 2104 3026 2156 montem

336 2205 411 2267 ad
454 2216 649 2285 caput
694 2207 872 2267 rivuli
919 2208 1025 2267 ubi
1072 2218 1221 2269 sunt
1266 2217 1439 2269 mete
1484 2210 1547 2268 in
1594 2216 1833 2281 monte,
1879 2204 2114 2267 deinde
2161 2208 2224 2267 in
2274 2206 2585 2280 Raunam‚
2631 2206 2746 2267 sed
2791 2205 2878 2267 ibi
2911 2216 3032 2267 ter-

337 2320 667 2380 minantur.
729 2318 973 2382 Datum
1034 2340 1209 2383 anno
1272 2320 1517 2384 domini
1580 2316 1826 2383 MCCL
1888 2338 2081 2379 nono.
2152 2318 2440 2379 Pristaldi
2487 2330 2704 2381 autem
2751 2319 3033 2381 fuerunt:

336 2428 509 2491 Gurk
556 2430 720 2492 filius
753 2431 972 2515 Merge
1019 2432 1265 2515 (comes
1280 2431 1330 2511 ἓ)
1395 2435 1702 2495 terrestris
1746 2443 1811 2492 et
1858 2431 2104 2493 Blasius
2141 2433 2313 2492 curie
2355 2442 2586 2493 nostre.
2637 2431 2774 2493 Nos
2817 2432 3034 2513 itaque

336 2544 501 2605 iustis
546 2545 973 2623 peticionibus
1017 2547 1282 2625 predicti
1330 2546 1479 2609 bani
1526 2547 2012 2608 consencientes
2065 2544 2150 2605 ad
2200 2547 2508 2605 maiorem
2569 2545 2886 2607 cautelam
2946 2545 3033 2607 rei

332 2665 503 2737 geste
575 2669 639 2717 et
708 2658 1071 2720 firmitatem
1155 2669 1483 2737 presentes
1542 2658 1930 2719 contulimus
1998 2657 2178 2739 sigilli
2251 2660 2446 2719 nostri
2518 2660 2870 2721 munimine
2937 2677 3037 2717 ro-

326 2770 596 2832 boratas,
666 2770 905 2833 Datum
968 2791 1082 2851 per
1138 2790 1366 2837 manus
1412 2770 1739 2833 Michaelis
1786 2770 2037 2831 lectoris
2096 2771 2360 2831 ecclesie
2421 2781 2653 2843 nostre,
2717 2789 2892 2831 anno
2954 2771 3037 2834 ab

324 2884 771 2945 incarnacione
816 2883 1063 2945 domini
1111 2895 1468 2964 prenotato,

494 3079 797 3152 Privileg.
848 3088 1174 3142 monaster.
1222 3080 1293 3139 B.
1361 3079 1419 3140 V.
1470 3079 1724 3138 sisariae
1770 3079 1847 3134 de
1904 3077 2168 3152 Toplica‚
2219 3097 2312 3136 no.
2363 3078 2527 3136 LXI
2533 3079 2589 3136 12⁷.

502 3183 567 3239 T
552 3181 761 3239 kalffic'
802 3185 1071 3240 silanum.
1124 3187 1377 3260 episcop.
1430 3183 1695 3258 Zagrab.
1735 3183 1783 3241 I.
1822 3184 1950 3238 124.
1997 3215 2082 3222 —
2131 3181 2509 3257 Kukuljevic‘
2550 3185 2700 3256 Reg.
2753 3202 2848 3238 no.
2895 3185 3029 3237 780.

1591 3521 1781 3602 657.

322 3665 525 3732 1259.

656 3854 941 3940 Stjepan
990 3855 1119 3919 ban
1170 3856 1483 3941 zzmz‘ruje
1528 3857 1699 3920 radi
1739 3858 1965 3943 medja
2013 3858 2293 3920 knezove
2341 3879 2389 3918 u
2439 3854 2690 3920 Gorz'cz‘.

495 4067 638 4128 Nos
683 4066 1048 4146 Stephanus
1092 4068 1297 4128 banus
1357 4071 1559 4128 tocius
1619 4067 1955 4136 Sclavonie
2018 4077 2082 4126 et
2145 4069 2514 4146 capitaneus
2569 4067 2754 4128 Stirie
2801 4064 3034 4148 signifi-

316 4199 545 4240 camus
591 4180 892 4241 omnibus
935 4197 1197 4259 presens
1240 4182 1563 4260 seriptum·
1589 4183 1981 4260 inspecturiS,
2023 4181 2202 4258 quod
2247 4199 2392 4242 cum
2429 4178 2681 4240 Neudal
2727 4191 2792 4240 et
2839 4197 3031 4260 gene-

315 4297 489 4354 racio
538 4313 673 4372 sua,
719 4303 1073 4355 castrenses
1117 4293 1353 4353 scilicet
1400 4293 1481 4353 de
1529 4291 1824 4359 Goricha.
1872 4295 2153 4364 Petrum,
2203 4294 2368 4354 Volc
2415 4300 2480 4352 et
2528 4291 2820 4352 Marcum
2870 4289 3034 4352 filios

318 4403 630 4470 Che-chan
678 4407 1019 4467 traxissent
1063 4425 1281 4466 coram
1328 4407 1514 4467 nobis
1561 4409 1625 4466 in
1670 4425 1947 4479 causam,
2008 4409 2402 4484 requirentes
2448 4405 2778 4484 quandam
2841 4407 3035 4482 parti-

314 4520 533 4580 culam
583 4529 747 4580 terre
792 4519 877 4579 ab
922 4517 1182 4592 eisdem,
1230 4538 1424 4598 quam
1473 4519 1731 4599 quidem
1796 4519 2177 4599 particulam
2224 4538 2403 4580 suam
2466 4537 2604 4578 esse
2670 4515 3030 4578 asserendo.

314 4630 393 4692 Et
440 4633 569 4712 ipsi
615 4631 719 4693 filii
767 4630 1066 4694 Chechan
1096 4632 1562 4711 respondentes
1608 4632 1938 4707 dixissent,
1984 4632 2159 4693 illam
2199 4630 2572 4710 particulam
2620 4640 2787 4691 terre
2833 4628 3033 4690 dona-

314 4749 533 4807 ticiam
588 4745 834 4806 domini
880 4747 1045 4826 regis
1089 4745 1333 4807 eisdem
1378 4765 1496 4826 pro
1543 4745 1929 4806 concambio
1979 4755 2141 4804 terre
2174 4763 2286 4806 sue
2317 4743 2694 4806 hereditarie
2740 4739 3036 4815 dicendo,

314 4859 497 4936 quod
550 4858 797 4920 dudum
846 4859 1051 4920 eciam
1099 4860 1517 4938 requisierunt
1564 4860 1683 4938 ipsi
1729 4871 2084 4919 castrenses
2116 4859 2318 4935 ipsam
2365 4867 2597 4917 terram
2647 4858 2731 4917 ab
2777 4854 3037 4928 eisdem,

311 4971 425 5032 sed
474 4989 617 5032 non
663 4983 1009 5051 potuerunt
1057 4974 1364 5052 optinere,
1410 4975 1496 5033 ita
1542 4983 1916 5045 asserenteS‚
1964 4969 2142 5049 quod
2189 4989 2309 5031 nos
2370 4981 2523 5031 tunc
2569 4989 2685 5049 per
2730 4971 3034 5031 comitem

312 5083 647 5145 Thomam
697 5097 762 5146 et
809 5105 925 5164 per
971 5088 1275 5147 comitem
1344 5085 1705 5158 Nicolaum,
1777 5087 1885 5163 qui
1947 5094 2102 5144 tunc
2163 5095 2295 5145 erat
2359 5102 2582 5143 comes
2629 5084 2712 5144 de
2758 5079 3038 5144 Goricha

2917 5225 2952 5262 41·
