3797 5795
1909 288 2286 353 ——162—

764 463 1023 558 quidem
1072 482 1161 540 vir
1195 480 1423 541 nobilis
1454 500 1551 541 ser
1581 481 1917 543 Scerechia
1949 483 2084 560 ipse
2115 480 2284 561 (pro)
2317 499 2384 540 se
2414 482 2554 559 ipso
2587 491 2650 541 et
2691 481 2992 541 omnibus
3023 478 3471 564 descenjdenj-

764 592 931 653 tibus
976 596 1109 654 eius
1154 596 1217 654 in
1265 607 1640 673 perpetuum
1694 592 2022 655 masculini
2071 612 2264 654 sexus
2295 593 2584 674 legittimi
2614 596 2886 672 prestitit
2931 594 3262 672 corporale
3309 597 3470 655 iura—

764 715 1051 767 mentum
1084 706 1259 767 dicto
1289 710 1545 768 comuni
1580 718 1799 767 nostro
1823 706 2015 786 Jadre
2046 707 2129 767 ad
2161 714 2382 767 sancta
2416 707 2518 767 dei
2557 706 2888 787 euangelia
2917 709 3102 767 tactis
3135 707 3472 785 seripturis,

758 818 938 899 quod
985 822 1100 880 erit
1147 832 1455 899 perpetuo
1502 821 1728 893 bonus,
1772 819 1996 892 fidelis,
2043 818 2260 899 legalis
2290 829 2355 879 et
2387 818 2742 879 obbediens
2773 821 2927 880 ciuis
2973 820 3143 879 dicte
3189 820 3471 880 ciuitatis

753 930 959 1012 Jadre‚
992 952 1066 993 ac
1112 934 1355 993 bonum
1404 943 1639 994 statum
1674 944 1739 993 et
1771 932 2084 993 honorem
2131 934 2402 992 ciuitatis
2432 934 2626 1009 ipsius
2650 932 3015 1010 procurabit
3046 942 3112 993 et
3142 932 3469 992 exercebit

759 1056 822 1105 et
869 1046 1058 1107 saciet
1104 1056 1247 1106 toto
1290 1064 1495 1125 posse.
1547 1046 1617 1106 In
1666 1064 1936 1124 quorum
1988 1046 2276 1105 omnium
2326 1046 2764 1105 testimonium
2810 1062 2884 1104 ac
2929 1043 3126 1105 fidem
3174 1055 3238 1104 et
3284 1047 3470 1105 certi-

757 1158 1045 1219 tudinem
1093 1158 1444 1238 pleniorem
1508 1169 1833 1238 presentes
1893 1158 2104 1217 literas
2166 1156 2584 1238 priuilegiales
2644 1168 2893 1217 nostras
2953 1155 3085 1217 fieri
3153 1168 3217 1218 et
3279 1158 3468 1218 scribi

755 1273 1048 1332 iussimus
1094 1290 1289 1333 manu
1334 1270 1638 1333 Albertus
1685 1271 1869 1333 Bono
1915 1272 1998 1332 de
2043 1272 2298 1332 ciuitate
2362 1269 2652 1331 Bellunni
2717 1269 3046 1331 cancelarii
3109 1272 3466 1348 superioris

754 1388 1045 1446 comunis
1113 1388 1309 1446 nostri
1379 1387 1559 1446 iurati
1628 1387 1692 1445 in
1759 1393 1942 1445 actos
2009 1386 2368 1465 registratas
2434 1381 2786 1458 cancelarii}
2861 1392 3075 1459 nostre
3119 1386 3463 1461 superioris

754 1496 1182 1581 registratas(!)
1228 1508 1293 1560 et
1338 1498 1494 1580 sigili
1557 1499 1755 1559 nostri
1822 1499 2041 1579 magni
2085 1498 2370 1557 consueti
2418 1497 2814 1575 appensione
2859 1498 3150 1556 munitas
3219 1494 3461 1557 Datum

745 1608 937 1689 Jadre
1003 1612 1065 1671 in
1148 1610 1323 1672 dicto
1399 1620 1612 1672 nostre
1686 1611 2098 1673 comunitatis
2171 1609 2428 1689 palatiO,
2501 1626 2674 1669 anno
2749 1608 2992 1668 domini
3065 1606 3460 1685 M⁰CC⁰LX,

752 1723 957 1801 prima
1001 1723 1106 1784 die
1152 1726 1427 1785 intrante
1471 1725 1667 1804 aprili.

926 1834 1068 1917 Ego
1102 1837 1323 1899 Petrus
1353 1836 1517 1899 filius
1546 1835 1893 1920 Gregorius
1925 1837 2008 1898 de
2041 1838 2224 1899 Prata
2250 1839 2532 1897 notarius
2562 1832 2940 1918 imperiali(l)
2971 1847 3036 1897 et
3069 1835 3456 1897 cancelarius

750 1946 1158 2033 magnifice(!)
1191 1952 1600 2012 comunitatis
1621 1949 1813 2031 Jadrq
1843 1951 2239 2030 exemplauit
2270 1950 2581 2011 mandato
2614 1948 3026 2031 magnificum
3044 1948 3456 2010 dominorum

746 2059 1135 2144 consiliori(l)
1170 2063 1253 2123 de
1282 2064 1484 2124 uerbo
1515 2063 1599 2124 ad
1629 2064 1902 2125 uerbum
1948 2072 2138 2142 prout
2181 2074 2306 2124 stat
2351 2074 2415 2123 et
2462 2064 2627 2123 iacet
2659 2071 2721 2122 et
2755 2063 2818 2121 in
2851 2060 3048 2122 fidem
3088 2062 3456 2139 subscripsit

748 2185 813 2237 et
861 2176 1043 2257 signo
1088 2174 1427 2257 magnifice
1472 2176 1881 2237 comunitatis
1921 2174 2110 2255 Jadrq
2155 2176 2447 2256 signauit.

937 2369 1317 2443 Orzjginalffl)
1364 2390 1405 2427 u
1450 2369 1674 2429 arkivu
1703 2369 1966 2443 gubern.
2017 2388 2058 2425 u
2103 2368 2317 2425 Zadru
2363 2367 2494 2425 Act.
2553 2370 2719 2445 fam.
2765 2367 3062 2425 Lantana
3107 2388 3202 2425 no.
3257 2372 3304 2425 1.
3349 2368 3452 2424 Na

736 2475 969 2550 pravos
1006 2474 1214 2532 stram‘
1256 2474 1467 2531 listina·
1508 2476 1699 2532 desno
1745 2475 1907 2549 dolje
1950 2474 2087 2531 vidi
2127 2493 2194 2529 se
2237 2470 2520 2530 odlomak
2552 2473 2894 2548 pritisnuta
2911 2476 3132 2548 pedatu
3167 2492 3209 2529 u
3241 2490 3450 2529 erven-

746 2578 984 2636 kastom
1028 2577 1235 2636 vosku.

2006 2981 2200 3062 670.

744 3160 945 3240 1260,
991 3159 1104 3226 20.
1152 3157 1413 3241 aprila-
1459 3157 1520 3222 11
1564 3156 1876 3240 Anauni.

746 3348 939 3433 Papa
998 3346 1441 3411 Aleksandar
1497 3347 1541 3408 J
1556 3347 1625 3408 V.
1692 3347 1930 3411 nalaie
1985 3345 2176 3409 Tomi
2212 3344 2654 3432 spgjetskomu
2703 3344 3180 3431 arcz'djakonu,
3246 3345 3336 3408 da
3395 3367 3446 3406 u

742 3461 1041 3545 krjepost
1094 3460 1281 3524 slavi
1334 3460 1557 3523 osudu
1619 3457 2050 3544 nadbz‘skupa
2110 3459 2483 3544 zadarskog
2532 3457 2727 3544 proti
2774 3456 3178 3522 sz'benz'ckom
3227 3457 3438 3522 kleru.

911 3651 1284 3714 Alexander
1314 3655 1651 3730 episcopus
1682 3669 1900 3710 seruus
1931 3669 2258 3712 seruorum
2308 3652 2409 3712 dei
2443 3651 2678 3713 dilecto
2725 3650 2854 3712 filio
2897 3647 3204 3731 (Thome)
3251 3650 3450 3711 archi-

737 3764 1012 3827 diacono
1059 3765 1323 3826 ecclesie
1369 3763 1760 3844 Spalatensis
1814 3764 2085 3824 salutem
2139 3775 2202 3824 et
2248 3764 2668 3843 apostolicam
2715 3763 3257 3825 benedictionem.
3321 3761 3452 3824 Ex·

732 3882 947 3954 posuit
1024 3878 1209 3939 nobis
1266 3876 1639 3938 venerabilis
1700 3876 1888 3936 frater
1953 3887 2168 3937 noster
2239 3873 2728 3960 (Columbanus)
2796 3879 3138 3956 episcopus
3205 3875 3450 3956 Tragu-

730 3989 972 4066 nensis,
1057 3991 1231 4068 quod
1306 4009 1453 4051 cum
1531 3991 1691 4049 inter
1764 3989 1938 4049 bone
2017 3992 2325 4050 memorie
2399 3987 2874 4071 (Treguanum)
2951 3988 3446 4070 Traguriensem

729 4103 1109 4185 episcopum
1140 4104 1659 4183 predecessorem
1704 4120 1887 4163 suum
1938 4121 2022 4163 ex
2067 4114 2249 4183 parte
2303 4122 2428 4163 una
2474 4113 2537 4163 et
2585 4100 3054 4186 (Stanimirum)
3103 4103 3452 4182 archipres-

727 4211 1007 4279 biterum
1056 4229 1120 4278 et
1165 4217 1428 4279 clericos
1472 4221 1657 4279 castri
1706 4217 1789 4277 de
1826 4215 2228 4295 Sybinicensi
2249 4213 2314 4298 (l)
2348 4215 2785 4297 Traguriensis
2831 4215 3104 4276 diocesis
3133 4233 3220 4275 ex
3250 4214 3448 4274 altera

725 4343 921 4404 super
966 4351 1066 4405 e0,
1112 4331 1288 4410 quod
1335 4331 1449 4392 sibi
1496 4331 1981 4403 subiectionem,
2027 4328 2464 4390 obedientiam
2511 4339 2577 4389 et
2622 4329 3045 4389 reuerentiam
3091 4331 3148 4388 ei
3195 4327 3450 4388 debitas

723 4437 1035 4505 exhibere
1098 4453 1319 4505 contra
1381 4446 1677 4505 iustitiam
1736 4443 2166 4523 denegabant,
2226 4441 2492 4503 decimis
2535 4451 2599 4503 et
2638 4440 2774 4501 aliis
2819 4441 3058 4502 iuribus
3115 4442 3450 4520 episcopa·

722 4548 893 4615 libus
954 4576 1171 4618 coram
1236 4556 1593 4618 venerabile
1638 4555 1828 4617 fratre
1874 4564 2095 4616 nostro
2157 4551 2558 4636 (Laurentio)
2621 4553 3104 4633 archiepiscopo
3159 4552 3446 4633 Jadrensi

724 4672 1108 4731 auctoritate
1170 4670 1517 4750 apostoliea
1589 4671 1838 4748 questio
1909 4677 2276 4742 uerteretur,
2353 4668 2526 4730 idem
2595 4667 3112 4746 archiepiscopus
3171 4665 3450 4746 cognitis

723 4791 920 4842 cause
982 4784 1218 4844 meritis
1262 4793 1326 4843 et
1371 4785 1515 4844 iuris
1560 4781 1784 4844 ordine
1830 4782 2176 4844 obseruato
2238 4781 2640 4842 diffinitiuam
2687 4799 2806 4859 pro
2851 4779 3086 4842 eodem
3133 4779 3443 4859 episcopo

727 4898 1121 4956 sentenciam
1184 4895 1630 4978 promulgauit,
1676 4913 1873 4973 quam
1923 4896 2056 4974 ipse
2101 4894 2460 4973 apostolico
2505 4895 2686 4973 petiit
2733 4895 3089 4955 munimine
3143 4891 3447 4953 roborari.

728 5001 1014 5088 Ideoque
1061 5008 1423 5070 discretioni
1470 5019 1578 5069 tue
1624 5027 1738 5087 per
1782 5009 2136 5087 apostolica
2197 5009 2428 5086 scripta
2494 5006 2896 5081 mandamus
2944 5009 3232 5087 quatinus
3285 5021 3446 5063 sen·
