3797 5795
1492 358 1901 420 —111—

338 557 544 605 metas
573 545 656 606 ad
687 548 922 606 siccam
956 546 1272 621 Botinam‚
1304 550 1482 610 iuxta
1516 568 1708 627 quam
1741 564 1836 610 est
1867 550 2059 609 arbor
2088 548 2400 631 kereus(l),
2431 549 2551 609 sub
2585 569 2709 629 qua
2743 561 2837 612 est
2872 562 3043 611 meta

337 670 559 733 terrea,
605 658 838 719 deinde
905 672 1121 721 autem
1171 661 1490 742 egreditur
1535 662 1616 722 ad
1665 662 2072 723 occidentem
2120 680 2183 722 et
2230 662 2514 723 elevatur
2560 662 2644 723 ad
2694 662 2892 735 Birch,
2940 664 3045 725 ubi

336 782 431 832 est
478 773 574 831 via
618 773 797 832 iuxta
845 791 1040 851 quam
1071 784 1168 833 est
1202 785 1373 835 meta
1420 784 1640 847 terrea,
1685 774 1922 837 deinde
1967 794 2083 854 per
2128 786 2331 836 metas
2370 775 2542 835 cadit
2574 778 2634 835 in
2672 774 3045 851 Cochinam‚

335 884 444 944 ubi
493 882 778 947 Cochina
823 885 994 947 cadit
1037 886 1122 947 ad
1171 905 1470 969 magnam
1521 887 1814 949 Botinam
1865 899 1931 949 et
1976 888 2059 949 de
2108 886 2391 951 Cochina
2462 887 2781 969 egreditur
2829 908 3044 951 versus

333 997 702 1076 aquilonem
752 996 864 1079 (et)
913 1001 1199 1078 pervenit
1229 1000 1314 1061 ad
1344 1012 1536 1079 caput
1585 998 1884 1075 Cochina,
1930 1002 2037 1062 ubi
2071 1013 2166 1062 est
2197 1002 2385 1062 arbor
2417 1012 2699 1083 german,
2745 1002 2863 1061 sub
2911 1020 3041 1081 qua
3088 1065 3105 1094 ,1

333 1119 432 1171 θεῖ
478 1122 650 1171 meta
696 1124 916 1185 terrea,
961 1113 1046 1172 ab
1092 1112 1428 1175 occidente
1473 1124 1689 1174 autem
1753 1125 2238 1175 commetaneus
2302 1126 2398 1174 est
2448 1114 2831 1175 Benedictus
2876 1113 3039 1175 filius

335 1222 578 1284 Baculo
625 1224 880 1306 iobagio
943 1228 1147 1298 castri,
1192 1226 1428 1287 deinde
1473 1228 1650 1288 iuxta
1695 1229 1949 1288 vineam
1996 1228 2170 1288 vadit
2201 1247 2314 1306 per
2348 1239 2551 1287 metas
2600 1246 2815 1289 versus
2860 1231 3037 1307 aqui-

333 1336 553 1397 lonem
598 1348 662 1397 et
707 1340 994 1416 pervenit
1039 1339 1122 1399 ad
1171 1339 1403 1413 locum,
1450 1342 1556 1417 qui
1603 1350 1866 1401 vocatur
1917 1340 2174 1421 Pogana
2213 1337 2465 1402 Gostun
2513 1352 2577 1401 et
2624 1342 2909 1419 pervenit
2955 1340 3039 1401 ad

330 1449 628 1510 arborem
677 1451 764 1511 tul
814 1453 876 1511 in
925 1451 1128 1525 Birch,
1160 1452 1279 1512 sub
1312 1470 1440 1531 qua
1471 1463 1565 1513 est
1599 1465 1772 1513 meta
1818 1466 2039 1525 terrea,
2084 1454 2167 1513 ab
2213 1453 2549 1514 occidente
2594 1464 2815 1514 autem
2863 1472 3039 1514 com·

332 1564 612 1623 metanei
657 1575 803 1624 sunt
850 1562 954 1623 filii
1005 1562 1254 1625 Martini
1291 1577 1353 1625 et
1389 1568 1450 1625 in
1486 1565 1721 1626 eodem
1773 1564 1956 1627 Birch
2002 1585 2115 1644 per
2161 1578 2365 1625 metas
2414 1585 2627 1627 versus
2672 1564 3039 1646 aquilonem

331 1674 507 1736 vadit
551 1675 636 1736 ad
683 1677 976 1737 arborem
1046 1677 1220 1749 nirfa‚
1266 1678 1386 1738 sub
1431 1696 1559 1757 qua
1605 1690 1700 1738 est
1750 1689 1920 1739 meta
1992 1689 2211 1748 terrea,
2280 1677 2515 1739 deinde
2586 1678 2668 1739 de
2740 1689 2911 1740 meta
2957 1679 3042 1739 ad

333 1798 540 1849 metas
607 1788 842 1863 eund0,
886 1792 1172 1868 pervenit
1241 1790 1325 1851 ad
1395 1790 1718 1870 lapideum
1771 1839 1781 1850 .
1831 1839 1842 1851 .
1894 1840 1905 1851 .
1952 1802 2047 1852 est
2094 1793 2273 1852 iuxta
2346 1792 2641 1852 Botinam
2690 1804 2754 1852 et
2800 1810 3041 1853 nomen

329 1902 663 1962 monticuli
712 1913 808 1962 est
855 1902 1106 1975 pec-lita,
1153 1903 1387 1964 deinde
1419 1923 1532 1982 per
1566 1900 1860 1965 Botinam
1910 1906 2195 1983 superius
2228 1904 2311 1965 ad
2342 1904 2711 1984 aquilonem
2752 1905 3041 1984 pervenit

326 2014 418 2075 ad
465 2014 681 2095 sagum
729 2028 791 2075 et
841 2016 922 2076 de
968 2015 1116 2097 sago
1164 2016 1335 2077 vadit
1375 2018 1459 2078 ad
1493 2017 1901 2078 occidentem
1934 2029 1995 2077 et
2028 2020 2314 2097 pervenit
2360 2018 2480 2078 sub
2528 2030 2815 2076 montem
2866 2014 3042 2077 Bilch

323 2138 396 2189 et
447 2146 634 2188 mons
682 2127 856 2189 Bilch
903 2141 1191 2189 remanet
1235 2128 1318 2190 ad
1363 2140 1614 2209 partem
1676 2130 1949 2190 tiliorum
1990 2128 2191 2209 jacou
2238 2142 2301 2190 et
2346 2130 2504 2190 alter
2552 2148 2739 2189 mons
2778 2131 3041 2189 nomine

324 2238 589 2319 Scynch
657 2252 945 2303 remanet
1015 2261 1229 2303 versus
1298 2253 1512 2321 partes
1557 2244 1810 2303 comitis
1856 2242 1910 2303 F
1912 2245 2151 2317 arcasii,
2198 2242 2433 2303 deinde
2478 2251 2693 2303 autem
2740 2260 2853 2321 per
2900 2240 3043 2301 illos

327 2363 588 2415 montes
655 2353 832 2415 Bilch
877 2365 942 2415 et
987 2353 1242 2433 Scynch
1289 2356 1570 2416 elevatur
1615 2367 1676 2415 et
1723 2356 1892 2416 cadit
1942 2357 2005 2416 in
2052 2356 2294 2430 silvam,
2341 2356 2447 2415 ubi
2496 2367 2589 2415 est
2636 2355 2827 2431 arbor
2890 2354 3035 2424 ilex,

321 2485 521 2546 super
583 2486 710 2547 qua
755 2479 851 2528 est
897 2486 1055 2528 crux
1099 2477 1165 2528 et
1211 2471 1273 2528 in
1319 2469 1423 2530 illa
1469 2470 1623 2529 silva
1683 2470 1856 2529 vadit
1904 2488 2017 2548 per
2066 2480 2270 2529 metas
2337 2486 2597 2529 cruceas
2643 2478 2707 2528 et
2752 2467 2923 2527 cadit
2972 2469 3034 2526 in

325 2578 632 2658 lapidem,
677 2583 783 2660 qui
831 2592 1092 2642 vocatur
1139 2580 1363 2655 Pedia,
1409 2582 1514 2641 ubi
1562 2581 1646 2641 ad
1693 2582 2099 2642 occidentem
2146 2592 2631 2642 commetaneus
2676 2591 2770 2642 est
2818 2598 3039 2641 comes

323 2691 385 2754 F
386 2695 681 2765 amasim,
741 2694 824 2753 de
873 2692 1080 2755 Pecha
1143 2706 1360 2755 autem
1407 2694 1578 2755 vadit
1625 2694 1708 2755 ad
1758 2690 2141 2777 m(eridiem)
2192 2741 2569 2754 .......
2620 2695 2723 2771 qui
2774 2704 3035 2753 vocatur

327 2804 582 2881 Oztruz‚
627 2825 820 2885 super
863 2826 1055 2885 quem
1103 2807 1516 2868 ascendendo
1562 2807 1880 2888 egreditur
1912 2810 1975 2867 in
2008 2807 2139 2868 alto
2175 2806 2360 2868 Birch
2392 2825 2609 2867 versus
2654 2805 3022 2885 aquilonem

325 2920 568 2980 deinde
613 2920 783 2981 cadit
814 2923 879 2980 in
913 2921 1144 2982 Honos
1175 2923 1238 2981 in
1269 2940 1574 3000 campum
1606 2921 1756 2984 Vila
1804 2932 1868 2982 et
1916 2921 1998 2982 de
2048 2967 2435 2981 .......
2483 2920 2655 2981 cadit
2705 2922 2766 2979 in
2799 2919 3033 2987 locum,

320 3033 441 3111 qui
485 3045 750 3094 vocatur
811 3032 1010 3097 Calch
1056 3045 1120 3094 et
1165 3036 1252 3095 ibi
1297 3035 1379 3095 ad
1428 3032 1626 3097 Calch
1673 3035 2036 3116 adiungitur
2097 3045 2269 3095 meta
2332 3035 2583 3094 comitis
2629 3032 2905 3093 Farcasii
2952 3033 3034 3092 ab

327 3145 668 3206 occidente
726 3157 790 3206 et
835 3148 918 3207 ab
979 3150 1224 3209 oriente
1291 3159 1386 3208 est
1456 3159 1620 3208 terra
1687 3147 1963 3208 filiorum
2026 3147 2180 3228 Jaco
2227 3161 2290 3208 et
2336 3147 2419 3208 ab
2466 3145 2794 3228 a(quilone
2840 3150 3029 3214 terra)

324 3255 801 3321 Cruciferorum
846 3263 1046 3322 sancti
1087 3260 1368 3341 joanni5‚
1413 3261 1647 3322 deinde
1697 3271 1913 3321 autern
1962 3261 2133 3322 vadit
2184 3279 2373 3340 super
2420 3277 2724 3342 magnum
2790 3257 3038 3331 HonOS,

327 3374 442 3450 qui
509 3386 605 3432 est
673 3391 860 3452 supra
931 3371 1286 3436 Cruciseros
1356 3393 1574 3435 versus
1641 3377 1953 3435 orientem
2024 3393 2138 3453 per
2186 3373 2370 3434 Birch
2416 3384 2478 3433 et
2525 3375 2613 3432 sic
2662 3371 2879 3433 eundo
2923 3389 3037 3449 per

328 3484 520 3546 Birch
567 3505 604 3544 a
653 3485 915 3546 meridie
947 3499 1042 3547 est
1073 3497 1236 3547 terra
1285 3486 1556 3548 filiorum
1585 3486 1741 3567 Jaco
1774 3497 1838 3548 et
1869 3487 1953 3547 ab
1996 3486 2295 3566 aquilone
2341 3497 2504 3546 terra
2552 3483 3038 3556 Cruciferorum,

323 3607 394 3658 et
441 3600 529 3658 ita
573 3598 790 3659 eundo
849 3618 964 3677 per
1027 3598 1212 3660 Birch
1271 3600 1440 3660 cadit
1487 3611 1552 3661 et
1599 3600 1934 3661 descendit
1992 3603 2223 3660 iterum
2269 3601 2331 3659 in
2382 3597 2699 3662 Cremena
2758 3597 3038 3678 goricha‚

323 3710 440 3771 ubi
482 3710 600 3772 fuit
647 3711 943 3773 inchoata
989 3722 1052 3773 et
1098 3713 1182 3772 ibi
1231 3715 1604 3774 terminatur
1649 3725 1814 3774 terra
1859 3713 2061 3774 sancti
2107 3710 2382 3794 Georgii.
2418 3711 2579 3772 Item
2612 3711 2817 3790 prima
2863 3721 3037 3770 meta

321 3833 492 3884 terre
547 3823 832 3886 Scelniza
880 3826 1096 3904 incipit
1128 3846 1165 3885 a
1200 3823 1474 3906 Crapina
1508 3829 1570 3886 in
1603 3827 1842 3886 siccum
1889 3825 2206 3898 Botinam‚
2239 3825 2401 3886 ultra
2435 3822 2779 3903 Crapinam
2820 3835 3035 3883 autem

309 3947 818 3999 -commetaneus
865 3941 996 3999 eius
1043 3949 1138 3999 est
1184 3957 1404 4000 comes
1449 3938 1624 4001 Atha
1670 3959 1756 4000 ex
1802 3950 1983 4018 parte
2030 3938 2445 4010 meridionali,
2492 3936 2727 3997 deinde
2773 3955 2884 4015 per
2923 3937 3037 3996 sic-

323 4068 479 4110 cum
551 4049 850 4111 Botinam
887 4029 1092 4110 'vadit
1161 4071 1375 4113 versus
1443 4051 1830 4131 aquilonem,
1875 4053 1981 4114 ubi
2031 4061 2516 4113 commetaneus
2578 4061 2672 4110 est
2735 4049 3038 4123 Pecurna,

323 4161 492 4224 filius
553 4160 780 4242 Cupan
850 4165 933 4224 ab
980 4164 1316 4226 occidente
1363 4175 1427 4226 et
1473 4167 1716 4227 siccum
1761 4165 1991 4226 Botina
2036 4164 2206 4226 cadit
2253 4167 2317 4225 in
2377 4181 2679 4246 magnam
2727 4162 3035 4223 Botinam

323 4286 392 4336 et
438 4295 555 4355 per
601 4275 894 4337 Botinam
944 4278 1118 4338 vadit
1165 4297 1278 4357 per
1325 4288 1527 4340 metas
1573 4279 1658 4340 ad
1687 4278 2075 4359 aquilonem,
2115 4278 2196 4338 de
2231 4277 2458 4338 Botina
2505 4287 2717 4338 autem
2767 4275 2941 4336 vadit
2973 4287 3037 4334 et

323 4390 464 4449 exit
508 4407 726 4450 versus
795 4390 1197 4452 occidentem
1245 4391 1329 4452 ad
1375 4393 1670 4452 arborem
1739 4391 2103 4472 populeam‚
2174 4391 2410 4452 deinde
2456 4409 2570 4469 per
2616 4399 2820 4450 metas
2866 4388 3035 4448 cadit

322 4503 392 4561 in
441 4520 640 4563 unum
709 4504 995 4578 rivulum,
1041 4504 1146 4565 ubi
1195 4516 1680 4566 commetaneus
1725 4516 1820 4566 est
1865 4503 2182 4586 Georgius
2250 4503 2412 4565 filius
2482 4501 2731 4576 Chonk,
2802 4501 3036 4562 deinde

325 4616 644 4676 transiens
689 4616 958 4678 rivulum
1009 4636 1222 4677 versus
1267 4617 1673 4678 occidentem
1707 4629 1771 4678 et
1801 4618 1973 4679 cadit
2020 4621 2082 4678 in
2127 4617 2323 4678 alium
2370 4617 2639 4678 rivulum
2687 4634 2801 4696 per
2832 4626 3036 4676 metas

325 4738 394 4788 et
440 4727 526 4788 ibi
573 4739 720 4789 sunt
769 4739 939 4790 mete
986 4741 1203 4803 terme,
1263 4729 1500 4792 deinde
1544 4750 1660 4810 per
1705 4731 1985 4792 eundem
2046 4730 2314 4792 rivulum
2383 4748 2599 4790 versus
2666 4729 3033 4807 aquilonem

323 4859 444 4920 per
489 4853 694 4903 metas
737 4842 1201 4921 aliquantulum
1248 4854 1311 4904 et
1358 4845 1441 4904 ibi
1473 4847 1586 4905 'est
1630 4846 1820 4905 arbor
1864 4844 2011 4920 ilex,
2056 4845 2176 4905 sub
2222 4863 2349 4922 qua
2392 4855 2491 4904 est
2534 4854 2705 4904 meta
2739 4853 2941 4903 terrea
2972 4854 3036 4901 et

326 4953 417 5013 ibi
461 4965 610 5015 sunt
657 4953 1022 5035 Stephanus
1057 4956 1346 5036 Volpoth
1379 4968 1441 5018 et
1474 4960 1607 5019 eius
1637 4960 1965 5040 generatio
2012 4959 2459 5030 commetanei,
2504 4957 2587 5017 de
2634 4956 2773 5017 ilice
2818 4964 3033 5016 autem

325 5087 445 5148 per
491 5079 696 5130 metas
742 5069 917 5130 vadit
965 5089 1078 5149 per
1125 5070 1308 5131 Birch
1356 5081 1420 5131 et
1467 5065 1638 5132 cadit
1670 5075 1732 5132 in
1767 5075 1929 5134 viam
1980 5084 2044 5132 et
2090 5072 2262 5133 vadit
2308 5070 2771 5152 aliquantulum
2821 5091 3035 5133 versus
