3797 5795
1584 401 1851 464 —623
1913 437 1995 445 —

438 590 655 651 ticiam
698 605 919 652 tenore
963 593 1367 670 presencium
1414 591 1711 653 uolumus
1756 596 2108 672 peruenire,
2157 593 2335 671 quod
2381 592 2688 654 discretus
2719 595 2811 653 vir
2841 596 3139 675 magister

430 702 751 781 Johannes
796 705 1217 766 thesaurarius
1265 704 1701 787 Zagrabiensis
1756 706 2022 767 ecclesie
2081 709 2292 766 socius
2355 716 2572 767 noster
2631 705 2996 767 karissimus
3044 706 3138 767 lit-

436 828 607 879 teras
663 818 905 878 domini
966 820 1132 899 regis
1193 818 1379 879 nobis
1439 819 1725 881 exhibuit
1772 822 1835 879 in
1881 820 2001 880 hec
2063 819 2284 880 verba:
2349 820 2711 898 Stephanus
2774 820 2876 879 dei
2929 822 3138 901 gracia

433 949 559 989 rex
604 930 942 1011 Hungarie.
990 930 1317 992 Fidelibus
1362 934 1489 992 suis
1535 933 1814 1011 capitulo
1861 931 2128 993 Albensi
2179 932 2450 993 salutem
2500 943 2564 993 et
2611 935 2907 1014 graciam.
2955 932 3135 993 Man—

431 1042 667 1103 damus
730 1044 1017 1105 fidelitati
1086 1056 1291 1106 vestre
1360 1046 1791 1124 precipiend0‚
1852 1057 2166 1126 quatenus
2234 1050 2533 1126 rescripta
2579 1064 2692 1106 seu
2737 1056 3134 1124 transumpta

430 1157 905 1238 priuilegiorum
967 1159 1345 1219 venerabilis
1404 1161 1597 1237 patris
1656 1158 2051 1237 Thymothei
2113 1162 2392 1239 episcopi
2441 1158 2878 1241 Zagrabiensis
2925 1156 3132 1218 dilecti

434 1280 507 1327 et
570 1269 767 1331 fidelis
830 1272 1047 1345 nostri,
1109 1272 1631 1351 quandocunque
1692 1271 1902 1332 eidem
1951 1272 2273 1351 placuerit,
2337 1274 2472 1331 siue
2533 1292 2650 1350 pro
2711 1291 2795 1346 se,
2840 1272 2974 1331 siue
3018 1289 3136 1349 pro

432 1381 699 1441 ecclesia
745 1402 857 1443 sua
906 1384 1329 1465 Zagrabiensi‚
1376 1394 1588 1445 uestro
1652 1384 1855 1465 sigillo
1917 1386 2240 1446 autentico
2305 1384 2458 1443 dare
2504 1402 2616 1444 seu
2661 1386 2980 1467 assignare
3025 1383 3136 1444 de-

433 1493 653 1568 beatiS,
696 1496 867 1557 aliud
914 1516 1045 1557 non
1092 1496 1331 1559 facturi.
1395 1498 1634 1559 Datum
1684 1497 1880 1569 Bude,
1929 1498 2080 1558 feria
2140 1496 2420 1556 secunda
2485 1498 2781 1574 proxima
2826 1507 2973 1575 post
3019 1496 3134 1557 do-

434 1608 731 1669 minicam
794 1610 1243 1674 Reminiscere.
1310 1610 1448 1670 Nos
1511 1612 1694 1691 igitur
1754 1611 1925 1690 regie
1989 1610 2376 1670 celsitudinis
2424 1608 2732 1669 mandato
2779 1609 3133 1669 satisfacere

432 1724 760 1797 cupientes
819 1734 887 1783 ut
948 1737 1257 1795 tenemur,
1319 1722 1715 1804 priuilegium
1776 1721 2042 1783 Andree
2101 1724 2264 1803 regis
2325 1725 2428 1801 pie
2489 1722 2956 1782 recordacionis
3015 1722 3134 1783 sub

434 1848 621 1895 aurea
666 1836 856 1909 bulla,
901 1856 1015 1915 per
1062 1839 1267 1915 ipsum
1317 1838 1686 1917 magistrum
1727 1834 2087 1915 Johannem
2140 1835 2324 1896 nobis
2370 1835 2746 1910 exhibitum,
2810 1835 2892 1896 de
2936 1834 3133 1895 verbo

432 1942 517 2005 ad
578 1950 841 2010 verbum
906 1951 1305 2028 presentibus
1363 1952 1546 2009 inseri
1611 1950 1892 2023 fecimuS,
1954 1950 2130 2009 cuius
2191 1960 2375 2008 tenor
2437 1947 2578 2009 talis
2638 1959 2761 2010 est:
2828 1950 2958 2023 (Gl.
3008 1950 3128 2006 list.

430 2067 513 2120 od
542 2065 687 2137 god.
739 2068 947 2133 1212).
1006 2064 1249 2124 Verum
1303 2065 1449 2140 quia
1494 2065 1704 2141 ipsum
1749 2062 2143 2143 priuilegium
2192 2080 2382 2122 aurea
2436 2061 2606 2121 bulla
2653 2062 3021 2123 roboratum
3069 2072 3133 2122 et

433 2176 750 2236 munitum
810 2176 1050 2236 nullum
1114 2178 1177 2236 in
1240 2195 1308 2236 se
1371 2175 1855 2236 cancellacionis
1901 2194 2012 2235 seu
2060 2175 2260 2236 littere
2307 2176 2534 2235 vitium
2585 2175 2971 2249 continebat,
3016 2192 3134 2234 nos

442 2288 745 2349 mandato
809 2294 977 2370 regie
1040 2289 1431 2350 celsitudinis
1490 2288 1711 2349 debito
1780 2307 1927 2347 cum
1994 2287 2237 2347 honore
2297 2296 2560 2365 recepto
2623 2286 2908 2348 eiusdem
2967 2296 3135 2347 tran-

436 2404 681 2480 scripto,
730 2413 794 2462 ut
842 2406 1127 2482 superius
1173 2414 1268 2462 est
1317 2414 1577 2475 tactum,
1644 2402 1921 2461 seriatim
1971 2412 2186 2459 nostre
2233 2402 2658 2461 universitatis
2704 2400 2974 2482 sigillum
3022 2399 3134 2459 du-

430 2514 635 2573 ximus
693 2516 1169 2593 apponendum.
1217 2514 1413 2576 Anno
1475 2516 1717 2575 domini
1780 2510 1965 2576 MCC
2011 2515 2484 2593 septuagesimo
2557 2514 2862 2587 secund0‚
2897 2511 3132 2574 XVIII.

430 2623 738 2689 kalendas
771 2631 934 2688 maii.
986 2629 1292 2710 Magistro
1321 2628 1652 2689 Demetrio
1685 2626 1950 2687 ecclesie
1983 2636 2198 2686 nostre
2229 2628 2574 2705 preposit0,
2629 2625 2827 2704 Myke
2859 2636 3136 2698 cantore,

427 2737 489 2799 F
492 2738 749 2801 eliciano
798 2743 1082 2815 custode,
1130 2740 1512 2803 Sebastiano
1563 2741 1811 2800 decano
1858 2737 2295 2799 existentibus,

617 2936 908 3011 Orzjginal
947 2958 987 2994 u
1034 2937 1257 2996 arkt'vu
1303 2938 1551 3014 kaptola
1594 2937 2054 3012 zagrebaffkoga
2082 2941 2256 3014 fasc.
2297 2943 2339 2994 1.
2377 2939 2463 2995 br.
2499 2944 2542 2992 1.
2595 2969 2676 2977 ——
2725 2934 2832 2992 Na
2879 2952 3126 2990 erveno-

419 3038 662 3114 selenos
717 3041 977 3115 svilenoj
1039 3061 1208 3099 vrvct
1258 3042 1352 3098 bio
1391 3047 1590 3117 pedat,
1639 3044 1798 3099 sada
1847 3041 2120 3117 manjka.
2167 3075 2246 3082 —
2301 3042 2418 3099 Isti
2479 3043 2604 3098 dan
2675 3039 2880 3096 uc'inio
2909 3039 2984 3112 je
3031 3037 3139 3092 iste·

422 3140 645 3217 kaptol
682 3146 707 3200 i
732 3148 843 3220 smr
865 3147 1069 3220 sedan
1113 3147 1373 3222 prijepis
1418 3147 1628 3204 listinc
1673 3119 1758 3203 orl
1798 3148 1931 3220 god.
1985 3149 2147 3201 1217.

620 3248 866 3306 Tkalc‘ic'
916 3252 1189 3308 silenum.
1253 3253 1504 3326 episcop.
1574 3252 1836 3325 Zagrab.
1884 3253 1935 3309 I.
1987 3253 2308 3308 161—162.
2356 3285 2438 3290 —
2504 3249 2745 3306 Wenzel
2793 3247 2933 3304 cod.
2984 3243 3130 3319 dipl.

424 3351 669 3426 Arpad.
718 3364 867 3412 cont.
920 3356 1069 3414 XII.
1126 3359 1219 3413 63.
1268 3358 1485 3413 donost'
1529 3365 1742 3430 regest.
1794 3390 1877 3397 —
1925 3355 2300 3430 Kukuljevic‘
2339 3355 2488 3426 Reg.
2537 3373 2629 3408 no.
2687 3355 2844 3407 1061.

1723 3664 1856 3744 72.

432 3821 645 3898 1272,
691 3823 797 3888 26.
846 3822 1103 3906 aprina.

438 4008 727 4094 Sljepan
794 4013 985 4097 kralj
1047 4012 1339 4097 ugarskz'
1396 4011 1428 4074 τ’
1482 4012 1797 4075 Ιινυαίεῆ*ί
1862 4011 2236 4096 dosudjuje
2289 4009 2626 4072 sz'novz'ma
2677 4005 3140 4092 Sljepanom'm

1210 4126 1454 4209 zemlju
1503 4148 1549 4188 u
1596 4124 1990 4210 srz'jemskqj
2032 4122 2367 4208 iupam'jz'.

613 4319 976 4399 Stephanus
1048 4319 1145 4379 dei
1217 4321 1416 4400 gratia
1486 4319 1830 4400 Hungarie‚
1892 4318 2229 4388 Dalmatie‚
2298 4314 2569 4386 Croatie,
2631 4313 2851 4386 Rame,
2912 4311 3143 4373 Servie.

442 4427 721 4508 Gallicie‚
768 4433 1179 4508 Lodomerie,
1232 4431 1559 4506 Comanie,
1603 4432 2024 4513 Bulgarieque
2069 4451 2184 4491 rex
2232 4428 2530 4489 omnibus
2578 4423 2804 4489 Christi
2851 4423 3144 4485 fidelibus

449 4559 804 4625 presentem
866 4549 1165 4628 paginam
1230 4547 1603 4625 inspecturis
1648 4546 1922 4606 salutem
1982 4547 2044 4604 in
2109 4545 2396 4603 omnium
2444 4539 2772 4600 salvatore.
2836 4536 3144 4616 Quamvis

446 4663 778 4736 unicuique
848 4660 1250 4722 subditorum
1324 4671 1686 4720 nostrorum
1754 4675 2018 4718 manum
2091 4654 2404 4716 debemus
2474 4650 2839 4712 munificam
2886 4651 3143 4728 aperire,

448 4777 725 4852 ipsorum
770 4774 1067 4836 fidelibus
1112 4775 1434 4852 obsequiis
1480 4771 1908 4843 occurrendo;
1957 4787 2087 4830 non
2133 4771 2342 4828 minus
2402 4778 2695 4828 tenemur
2739 4781 2962 4824 eorum
3010 4753 3141 4822 iura

449 4887 678 4949 illibata
739 4907 1133 4962 conservare,
1179 4906 1327 4948 cum
1388 4887 1560 4948 bone
1607 4889 1690 4946 rei
1739 4885 1892 4946 dare
1953 4882 2315 4944 consultum
2363 4891 2426 4940 et
2473 4880 2783 4958 presentis
2827 4879 2952 4936 vite
2997 4873 3142 4935 sub-

448 5002 675 5062 sidium
721 5015 783 5064 et
831 5013 1197 5063 eternorum
1261 5015 1526 5080 reponet
1591 5001 1883 5059 meritum
1955 4995 2362 5076 premiorum.
2427 4991 2698 5052 Proinde
2761 4988 2844 5050 ad
2899 4989 3147 5048 univer-

447 5135 661 5179 sorum
723 5130 853 5179 tam
916 5119 1307 5201 presentium
1355 5130 1549 5192 quam
1612 5113 1966 5174 futurorum
2026 5109 2316 5169 notitiam
2364 5106 2586 5166 harum
2649 5105 2807 5163 serie
2855 5098 3150 5162 volumus
