3797 5795
1859 408 1937 416 —
2000 373 2267 438 286-—

707 560 940 621 utilitas
1000 562 1351 640 provenire.
1410 560 1580 624 Sane
1626 574 1736 623 tua
1782 563 1971 624 nobis
2017 564 2303 626 exhibita
2350 567 2577 644 petitio
2624 569 2997 628 continebat
3042 568 3222 648 quod
3270 584 3419 630 cum

706 692 826 736 nos
873 675 1212 736 venerabili
1273 673 1441 735 fratri
1505 685 1724 737 nostro
1785 673 2170 758 S(tephano)
2233 677 2609 740 Penestrino
2670 681 2979 759 episcopo
3039 681 3420 742 conferendi

700 805 819 865 per
864 806 950 860 se,
996 786 1097 847 vel
1141 806 1254 866 per
1299 787 1492 849 alium
1539 792 1826 866 personis
1871 789 2119 851 idoneis
2162 790 2475 852 beneficia
2534 792 2978 868 ecclesiastica,
3036 805 3421 874 personatus

705 910 769 960 et
817 899 1159 981 dignitates
1202 919 1352 962 cum
1399 920 1550 962 cura
1596 912 1660 964 et
1704 905 1842 964 sine
1887 921 2058 977 cura,
2102 923 2229 982 que
2274 905 2651 966 venerabilis
2694 905 2885 967 frater
2932 917 3149 968 noster
3192 908 3417 970 Timo-

705 1012 892 1079 theus
937 1013 1376 1095 Zagrabiensis
1420 1015 1759 1095 episcopus
1809 1019 2235 1094 promotionis
2280 1036 2394 1078 sue
2438 1027 2731 1098 tempore
2774 1020 2841 1078 in
2886 1037 3087 1100 regno
3138 1021 3423 1102 Ungarie

704 1126 1058 1201 obtinebat,
1103 1145 1178 1188 ac
1223 1127 1492 1189 faciendi
1527 1145 1834 1208 personas
1865 1132 2035 1208 ipsas
2064 1130 2149 1190 ad
2182 1127 2495 1192 beneficia
2533 1130 2917 1206 huiusmodi,
2962 1133 3015 1192 si
3044 1135 3106 1193 in
3138 1134 3423 1195 ecclesiis

706 1238 1110 1322 colleg(i)atis
1170 1243 1534 1315 existerent,
1579 1244 1642 1302 in
1689 1243 2038 1304 canonicos
2080 1245 2272 1323 recipi
2320 1254 2386 1306 et
2432 1246 2495 1304 in
2542 1244 2781 1320 fratres,
2826 1265 2948 1306 nec
2994 1265 3125 1307 non
3170 1258 3423 1308 conua-

701 1352 980 1414 dictores
1010 1373 1122 1432 per
1151 1372 1484 1414 censuram
1525 1355 2019 1418 ecclesiasticam
2066 1355 2495 1436 appellatione
2539 1360 2897 1437 postposita
2943 1360 3421 1439 compescendi,

699 1465 968 1528 liberam
1037 1469 1570 1528 concessissemus
1631 1487 1743 1547 per
1813 1479 2061 1530 nostras
2128 1469 2365 1530 litteras
2433 1471 2838 1546 facultatem;
2900 1472 3167 1532 demum
3246 1473 3417 1534 idem

701 1579 1042 1658 episcopus
1101 1579 1508 1641 Prenestinus
1551 1581 1661 1642 tibi
1709 1581 2045 1660 capellano
2106 1601 2223 1642 suo
2284 1585 2663 1644 auctoritate
2724 1584 3073 1646 litterarum
3136 1588 3421 1664 ipsarum

701 1695 1150 1753 canonicatum
1198 1703 1262 1752 et
1307 1693 1726 1773 prebendam,
1789 1713 1953 1772 quos
1996 1694 2205 1756 dictus
2250 1698 2589 1777 episcopus
2644 1697 3081 1779 Zagrabiensis
3124 1711 3421 1779 tempore

700 1823 816 1866 sue
859 1807 1283 1884 promotionis
1330 1808 1390 1865 in
1441 1805 1844 1887 Zagrabiensi
1908 1808 2175 1870 ecclesia
2240 1809 2623 1884 obtinuerat,
2686 1829 2802 1889 per
2861 1810 3225 1872 huiusmodi
3273 1832 3420 1891 pro-

695 1919 1064 1981 motionem
1111 1921 1234 1978 iam
1279 1919 1430 1980 dicti
1477 1922 1758 1998 episcopi
1806 1921 2245 2002 Zagrabiensis
2290 1933 2607 1996 vacante5‚
2668 1943 2817 1984 cum
2864 1924 3185 1998 domibus,
3240 1927 3413 1986 curia

697 2041 764 2092 et
813 2032 1114 2094 omnibus
1160 2031 1398 2093 iuribus
1428 2043 1491 2094 et
1523 2035 1919 2112 pertinentiis
1962 2036 2092 2096 suis
2136 2035 2404 2096 contulit
2450 2048 2515 2096 et
2560 2035 2643 2097 de
2689 2038 2839 2116 ipsis
2882 2038 3175 2116 providit,
3222 2048 3414 2114 teque

696 2144 1160 2224 presentialiter
1202 2146 1518 2206 investivit
1561 2165 1676 2224 per
1719 2165 1903 2208 suum
1951 2147 2259 2209 annulum
2308 2148 2391 2209 de
2434 2149 2710 2222 eisdem;
2772 2150 3125 2211 decernens
3170 2152 3413 2212 irritum

696 2271 764 2318 et
811 2260 1016 2332 inane,
1061 2260 1110 2318 si
1157 2277 1339 2319 secus
1369 2257 1452 2318 de
1483 2261 1863 2320 canonicatu
1894 2271 1959 2320 et
1988 2260 2319 2338 prebenda
2364 2261 2724 2324 huiusmodi
2772 2265 2995 2341 quavis
3038 2265 3416 2326 auctoritate

695 2372 1096 2452 contingeret
1128 2391 1242 2450 per
1272 2371 1552 2450 aliquem
1597 2375 1981 2452 attemptari,
2026 2383 2216 2452 prout
2246 2376 2310 2434 in
2343 2374 2600 2452 publico
2646 2378 3069 2436 instrumento
3116 2376 3413 2438 confecto

695 2483 954 2558 exinde,
1017 2503 1092 2544 ac
1137 2483 1342 2565 sigillo
1401 2487 1596 2564 ipsius
1657 2487 1937 2565 episcopi
2003 2487 2351 2548 Penestrini
2411 2490 2662 2569 signato
2723 2489 2972 2568 plenius
3034 2493 3413 2551 continetur.

697 2595 840 2658 Nos
914 2599 1128 2677 itaque
1197 2599 1319 2658 tuis
1385 2597 1955 2676 supplicationibus
2015 2600 2313 2674 inclinati,
2389 2600 2566 2679 quod
2642 2601 2725 2662 ab
2794 2602 3031 2663 eodem
3106 2604 3413 2682 episcopo

698 2709 1072 2771 Prenestino
1131 2729 1321 2790 super
1386 2712 1708 2789 premissis
1775 2711 2015 2773 sactum
2077 2725 2192 2787 est,
2252 2723 2460 2775 ratum
2522 2725 2586 2774 et
2648 2713 2899 2776 firmum
2971 2715 3299 2788 habenteS,
3344 2717 3409 2777 id

695 2825 1077 2884 auctoritate
1137 2822 1490 2903 apostolica
1553 2821 2011 2886 confirmamus
2054 2837 2117 2887 et
2163 2830 2475 2907 presentis
2536 2830 2745 2907 scripti
2812 2831 3007 2889 nostri
3054 2831 3411 2909 patrocinio

699 2940 1192 2998 communimus
1259 2937 1584 2999 Tenorem
1631 2949 1848 2999 autem
1912 2942 2105 3019 ipsius
2164 2944 2565 3026 instrumenti
2626 2942 2709 3002 de
2770 2943 2968 3003 verbo
3012 2943 3096 3003 ad
3144 2943 3411 3004 verbum

697 3050 1100 3127 presentibus
1145 3050 1411 3110 fecimus
1456 3052 1767 3125 annotari,
1813 3055 1921 3129 qui
1968 3054 2108 3113 talis
2154 3065 2279 3115 est:
2334 3054 2699 3135 Stephanus
2745 3058 3153 3117 miseratione
3196 3057 3411 3118 divina

699 3162 1105 3224 Prenestinus
1164 3166 1504 3242 episcopus
1567 3164 1800 3225 dilecto
1861 3166 2195 3244 capellano
2259 3186 2374 3227 suo
2421 3168 2693 3229 Eventio
2739 3168 3093 3248 presbitero
3138 3169 3411 3230 salutem

694 3277 760 3335 in
824 3275 1109 3336 domino
1179 3274 1448 3337 Noveris
1495 3296 1614 3337 nos
1658 3280 1973 3357 recepisse
2034 3279 2271 3340 litteras
2335 3282 2719 3360 apostolicas
2781 3282 2897 3342 sub
2978 3281 3095 3342 hac
3170 3282 3407 3343 forma:

697 3387 997 3449 Urbanus
1056 3392 1395 3468 episcopus
1477 3409 1693 3451 servus
1762 3410 2089 3452 servorum
2159 3392 2278 3467 dei,
2352 3394 2694 3454 venerabili
2728 3422 2734 3428 ·
2774 3394 2940 3454 fratri
3025 3392 3408 3475 (Stephano)

690 3502 1000 3580 episcopo
1049 3502 1417 3563 penestrino
1484 3504 1754 3565 salutem
1817 3516 1880 3566 et
1940 3507 2359 3584 apostolicam
2407 3506 2943 3569 benedictionem.
3018 3509 3227 3570 Tuam
3292 3526 3407 3569 no-

692 3612 899 3674 lentes
974 3626 1091 3674 etc.
1171 3615 1418 3677 Harum
1489 3619 1674 3699 igitur
1749 3621 2131 3680 auctoritate
2204 3619 2552 3681 litterarum
2628 3622 3077 3682 canonicatum
3139 3634 3201 3682 et
3262 3640 3405 3701 pre-

693 3726 997 3801 bendam,
1045 3746 1169 3805 que
1215 3730 1591 3791 venerabilis
1635 3742 1817 3810 pater
1857 3731 2239 3794 Timotheus
2285 3734 2720 3815 Zagrabiensis
2764 3736 3105 3814 episcopus
3150 3752 3410 3813 promo-

693 3840 884 3900 tionis
975 3859 1086 3900 sue
1179 3850 1472 3921 tempore
1547 3846 1609 3903 in
1671 3844 2077 3926 Zagrabiensi
2156 3846 2422 3907 ecclesia
2499 3847 2851 3921 obtinebat,
2932 3850 3219 3909 vacantia
3294 3866 3410 3927 per

692 3955 1175 4031 promotionem
1251 3957 1444 4034 ipsius
1526 3958 1827 4037 episcopi,
1920 3959 2031 4019 tibi
2122 3977 2267 4020 cum
2356 3959 2675 4035 domibuS,
2748 3961 2919 4021 curia
2994 3980 3031 4021 e
3106 3960 3409 4021 omnibus

694 4066 932 4125 iuribus
978 4077 1043 4125 et
1089 4070 1483 4144 pertinentiis
1545 4072 1671 4131 suis
1731 4070 2118 4132 conserimus
2178 4083 2243 4132 et
2303 4073 2717 4151 providemus
2778 4072 2861 4133 de
2923 4075 3071 4153 ipsis
3125 4085 3190 4133 te
3236 4076 3409 4134 inve-

693 4179 956 4239 stientes
1019 4182 1481 4257 presentialiter
1541 4203 1655 4262 per
1699 4194 1991 4245 nostrum
2050 4186 2361 4245 annulum
2425 4185 2507 4247 de
2568 4186 2829 4247 eisdem.
2894 4186 3044 4247 Non
3107 4187 3409 4247 obstante

695 4306 869 4355 certo
912 4298 1106 4374 ipsius
1148 4296 1414 4357 ecclesie
1459 4300 1914 4357 canonicorum
1964 4317 2253 4372 numer0‚
2282 4301 2661 4373 iuramentO,
2706 4299 3193 4361 confirmatione
3238 4300 3409 4360 sedis

692 4407 1063 4485 apostolice,
1131 4411 1262 4469 sive
1330 4427 1715 4488 quacunque
1779 4409 2079 4472 firmitate
2140 4412 2393 4487 vallat0,
2461 4423 2569 4474 aut
2632 4414 2681 4475 si
2743 4413 3045 4473 dominus
3111 4432 3277 4491 papa
3342 4416 3403 4473 in

691 4534 770 4577 ea
814 4539 932 4598 pro
985 4521 1122 4583 aliis
1166 4521 1488 4583 direxerat
1534 4526 1765 4603 scripta
1811 4542 1942 4599 sua,
1988 4544 2099 4585 seu
2153 4526 2205 4585 si
2256 4526 2426 4587 sedis
2484 4526 2837 4603 apostolice
2902 4525 2998 4587 vel
3045 4525 3405 4607 legatorum

690 4630 888 4708 ipsius
932 4645 1045 4695 aut
1097 4652 1480 4713 quacunque
1541 4638 1917 4697 auctoritate
1965 4639 2028 4696 in
2074 4656 2151 4697 ea
2197 4639 2261 4697 in
2308 4638 2655 4699 canonicos
2716 4638 2907 4717 aliqui
2972 4639 3095 4699 sint
3144 4641 3404 4717 recepti,

689 4743 811 4818 vel,
854 4755 925 4806 ut
970 4747 1370 4825 recipiantur,
1415 4749 1722 4823 insistant,
1754 4748 1986 4827 quibus
2015 4768 2131 4828 per
2160 4749 2285 4810 hoc
2315 4769 2447 4829 quo
2485 4750 2570 4810 ad
2616 4753 3085 4812 assecutionem
3132 4750 3403 4812 aliorum

691 4854 1170 4934 beneficiorum,
1230 4870 1688 4939 personatuum
1737 4860 1835 4922 vel
1890 4861 2273 4944 dignitatum
2333 4863 2753 4943 preiudicium
2815 4863 3059 4924 nullum
3106 4862 3234 4937 fiat,
3293 4874 3408 4925 aut

693 4970 744 5027 si
806 4982 902 5031 est
959 4972 1276 5053 aliquibus
1335 4974 1420 5033 ab
1479 4974 1708 5035 e'adem
1777 4973 1932 5035 sede
2000 4975 2335 5051 indultum,
2402 4975 2581 5052 quod
2648 4976 2731 5037 ad
2792 4977 3229 5055 receptionem
3306 4977 3409 5037 vel

691 5086 1123 5160 provisionem
1188 5086 1448 5148 alicuius
1509 5088 1773 5147 minime
1833 5098 2170 5149 teneantur
2230 5099 2294 5149 et
2339 5089 2423 5149 ad
2471 5088 2534 5149 id
2580 5088 2902 5167 compelli,
2962 5089 3266 5168 quodque
3312 5090 3407 5149 in-
