3797 5795
1512 427 1573 437 -
1656 392 1921 456 389—

395 586 581 668 Jacobi
612 582 855 663 Quirini
885 587 1121 666 egregii
1154 587 1425 646 comitis..
1459 583 1623 648 Cum
1658 585 1930 666 litigiosa
1975 586 2408 644 controuersia
2439 583 2675 645 diutius
2712 593 3065 645 uerteretur

391 703 532 761 inter
586 695 856 781 Coillum
914 696 1115 759 filium
1176 697 1509 778 quondam
1573 696 1891 761 Ciuitanni
1953 697 2060 778 qui
2127 707 2410 757 moratur
2451 697 2518 757 in
2565 696 2766 758 insula
2815 695 2932 773 Yci
2979 717 3063 757 ex

390 831 498 874 vna
523 821 697 890 parte
726 820 790 870 et
820 807 1239 892 Salogham(l)
1274 820 1468 890 atque
1508 809 1868 892 Dragusam
1898 813 2034 872 eius
2079 828 2349 870 vxorem
2393 809 2675 870 similiter
2719 812 2782 870 in
2829 809 3062 870 oedem

386 923 567 986 insula
608 933 1084 984 commorantes
1127 939 1213 984 ex
1258 933 1439 1002 parte
1484 923 1699 998 altera,
1744 941 1936 1002 super
1982 923 2263 1001 quadam
2311 925 2410 984 via
2452 939 2732 984 vcomune
2763 923 2970 1000 posita
3001 922 3064 982 in

387 1038 535 1098 dicta
576 1035 795 1112 insula,
840 1055 924 1096 ex
969 1036 1168 1098 borea
1210 1039 1389 1098 iuxta
1428 1038 1679 1098 vineam
1714 1035 2072 1100 Carbonosi
2121 1045 2185 1098 et
2229 1055 2315 1096 ex
2343 1045 2558 1096 austro
2605 1037 2784 1096 iuxta
2829 1045 3061 1095 terram

387 1167 498 1230 que
550 1148 660 1210 fuit
723 1145 1055 1228 quondam
1116 1147 1345 1228 Sopec.
1407 1148 1633 1210 Dictus
1696 1159 1912 1210 autem
1962 1147 2202 1232 (joillus
2249 1147 2554 1211 aduersus
2599 1150 3059 1227 suprascriptos

382 1258 703 1345 Salogham
766 1272 830 1322 et
890 1261 1249 1344 Dragusam
1312 1265 1621 1345 coniuges
1687 1262 1978 1324 dicebat:
2043 1281 2158 1322 vos
2221 1279 2350 1323 non
2399 1262 2565 1322 bene
2611 1263 2840 1342 egistiS,
2887 1259 3064 1339 quod

381 1377 591 1438 fecistis
634 1374 911 1437 hostium
959 1376 1299 1438 camerade
1331 1395 1443 1437 seu
1475 1375 1709 1437 domus
1754 1386 1964 1436 vestre
2009 1394 2200 1454 super
2243 1374 2481 1436 dictam
2515 1377 2684 1436 viam
2716 1388 3061 1434 comunem

380 1507 577 1552 uersus
617 1488 901 1562 boream,
948 1487 1285 1568 quomodo
1333 1488 1725 1550 transeundo
1772 1507 1886 1565 per
1933 1490 2100 1548 viam
2148 1487 2338 1548 video
2384 1488 2550 1548 facta
2597 1497 2804 1547 vestra
2851 1496 2915 1546 et
2947 1504 3063 1546 vos

378 1603 585 1664 uidetis
626 1600 795 1663 facta
840 1620 1003 1675 mea,
1049 1587 1485 1683 vellem'ergO,
1519 1601 1695 1679 quod
1741 1601 2022 1662 hostium
2069 1601 2409 1662 camerade
2439 1620 2551 1661 seu
2584 1600 2820 1661 domus
2850 1609 3058 1659 vestre

376 1715 677 1776 uolueritis
722 1734 942 1776 uersus
986 1714 1175 1776 aliam
1222 1725 1470 1794 partem
1518 1732 1714 1796 quam
1764 1715 1968 1776 uultis
2017 1713 2134 1778 Cui
2181 1715 2329 1776 dicti
2364 1713 2639 1776 Salocha
2672 1723 2736 1774 et
2768 1711 3062 1794 Dragusa

376 1830 657 1910 coniuges
702 1848 739 1890 e
785 1829 1104 1891 contrario
1164 1829 1680 1912 respondebant:
1744 1828 1950 1902 frater,
1995 1831 2042 1888 si
2111 1847 2230 1888 nos
2293 1827 2558 1888 fecimus
2619 1826 2898 1886 hostium
2959 1844 3060 1885 ca-

373 1942 609 2002 merade
676 1960 793 2002 seu
861 1942 1095 2003 domus
1163 1951 1379 2003 nostre
1448 1961 1667 2003 uersus
1734 1943 1996 2002 boream
2067 1960 2254 2019 supra
2316 1943 2483 2001 viam
2549 1941 2893 2019 publicam,
2939 1957 3059 1998 nos

370 2054 615 2116 fecimus
660 2054 828 2116 bene
874 2065 938 2116 et
984 2055 1321 2116 utilitatem
1370 2066 1655 2116 nostram
1690 2065 1753 2115 et
1785 2055 1898 2115 tibi
1948 2053 2134 2115 nichil
2181 2053 2418 2115 exinde
2465 2064 2674 2126 nocet,
2705 2071 2825 2113 nec
2872 2051 3060 2112 nobis

368 2168 441 2228 de
485 2170 605 2228 iure
650 2168 1089 2229 contradicere
1134 2168 1350 2230 debes.
1397 2167 1693 2229 Tandem
1742 2167 1893 2228 dicti
1943 2167 2183 2250 (joillus
2229 2178 2291 2228 et
2337 2166 2613 2229 Salocha
2659 2185 2807 2227 curn
2839 2183 3059 2244 supra-

366 2282 578 2360 scripta
644 2300 847 2342 vxore
892 2300 1007 2342 sua
1053 2281 1136 2342 de
1182 2300 1405 2342 eorum
1475 2281 1648 2341 bona
1694 2292 1759 2341 et
1803 2281 2078 2362 gratuita
2146 2279 2474 2341 voluntate
2544 2279 2874 2360 elegerunt
2939 2297 3057 2338 nos

370 2395 609 2472 quidem
678 2393 1101 2456 Laurentium
1168 2393 1637 2456 Maldenarium
1706 2405 1769 2455 et
1837 2392 2235 2472 Stephanum
2308 2393 2552 2455 dictum
2622 2392 2816 2454 Rasol
2851 2365 3056 2453 'ciues

361 2505 678 2585 Jadrenses
724 2508 839 2568 sibi
888 2510 951 2568 in
997 2508 1237 2568 iudices
1282 2509 1571 2582 arbitros,
1616 2507 2130 2580 concordatoreS,
2163 2505 2525 2568 laudatores
2572 2516 2635 2566 et
2682 2504 3057 2565 diffinitores

364 2622 809 2700 promittentes,
855 2621 1033 2701 quod
1082 2621 1385 2700 quicquid
1430 2620 1667 2680 exinde
1713 2620 1794 2681 de
1842 2621 2148 2699 premissa
2217 2621 2553 2699 questione
2599 2621 2762 2679 inter
2807 2637 2919 2679 eos
2965 2618 3056 2678 di-

363 2749 653 2808 ceremuS,
698 2745 907 2795 ratum
954 2734 1112 2794 illud
1158 2745 1222 2795 et
1268 2733 1523 2794 firmum
1569 2735 1631 2794 in
1679 2744 2060 2812 perpetuum
2105 2733 2344 2794 habere
2375 2743 2439 2793 et
2471 2744 2686 2793 tenere
2735 2731 3052 2792 volebant.

362 2845 437 2907 Et
482 2855 626 2908 tunc
694 2865 815 2909 nos
881 2847 1033 2909 dicti
1103 2846 1483 2910 Laurentius
1544 2857 1607 2908 et
1668 2845 2032 2925 Stephanus
2099 2845 2182 2907 de
2251 2863 2568 2907 consensu
2615 2855 2679 2905 et
2724 2845 3054 2906 voluntate

360 2962 664 3040 Vtriusque
708 2964 902 3039 partis
946 2960 1233 3040 predicte
1278 2960 1560 3021 diximus
1606 2971 1739 3021 tam
1770 2978 1885 3040 per
1917 2960 2178 3021 laudum
2225 2978 2422 3038 quam
2469 2979 2584 3038 per
2629 2958 3050 3019 concordium

359 3074 486 3133 siue
527 3072 865 3148 arbitrium,
912 3069 1089 3153 quod
1136 3074 1370 3135 domus
1414 3092 1527 3135 seu
1572 3073 1914 3134 camerada
1975 3072 2408 3151 predictorum
2456 3070 2730 3134 Saloche
2777 3082 2842 3133 et
2889 3070 3048 3133 Dra—

358 3203 509 3267 guse
564 3190 925 3269 coniugum,
992 3190 1153 3249 sicut
1224 3205 1395 3248 nunc
1461 3198 1605 3259 stat,
1672 3197 1838 3248 stare
1902 3186 2135 3247 debeat
2198 3205 2343 3246 cum
2407 3205 2524 3246 suo
2572 3186 2780 3247 hostio
2827 3204 3048 3247 uersus

354 3299 603 3360 boream
650 3302 713 3361 in
762 3310 1143 3380 perpetuum
1190 3301 1365 3361 omni
1416 3302 1749 3379 questione
1796 3309 2046 3361 remota
2076 3310 2138 3359 et
2177 3299 2382 3361 dictus
2430 3298 2670 3382 §oillus
2715 3318 2864 3361 cum
2911 3303 3038 3361 suis

356 3412 681 3475 heredibus
728 3423 792 3474 et
836 3414 1308 3476 successoribus
1353 3413 1801 3493 perpetualiter
1847 3432 1962 3492 per
2005 3414 2498 3492 suprascriptam
2549 3414 2716 3473 viam
2781 3414 3046 3475 transire

356 3536 413 3587 et
456 3530 669 3589 uenire
729 3530 927 3607 possit
986 3544 1191 3608 usque
1236 3526 1319 3587 ad
1365 3527 1633 3587 domum
1696 3528 2266 3605 suprascriptorum
2328 3525 2601 3588 Saloche
2647 3538 2711 3587 et
2757 3526 3047 3607 Draguse

353 3639 659 3720 iugalium,
689 3651 754 3701 et
800 3660 945 3701 cum
992 3640 1075 3701 ad
1122 3639 1399 3701 eandem
1447 3639 1715 3701 domum
1755 3641 2116 3719 peruenerit
2163 3640 2381 3699 uoluat
2411 3658 2478 3700 se
2511 3658 2728 3700 uersus
2757 3649 3040 3700 austrum

350 3762 409 3813 et
450 3753 541 3813 sic
582 3754 775 3815 uadat
838 3764 983 3833 post
1046 3756 1251 3833 ipsam
1314 3754 1580 3814 domum
1646 3772 1755 3813 seu
1803 3753 2210 3814 cameradam
2261 3763 2324 3813 et
2370 3752 2718 3813 descendat
2765 3756 2827 3814 in
2875 3755 3043 3814 viam

350 3880 681 3927 comunem
727 3866 923 3927 libere
952 3876 1017 3928 et
1047 3867 1367 3946 expedite.
1414 3866 1497 3927 Et
1528 3868 1785 3945 insuper
1817 3884 1936 3927 nos
1968 3866 2116 3927 dicti
2152 3866 2533 3928 Laurentius
2563 3880 2626 3927 et
2657 3867 3043 3949 StephanuS‚

346 3981 679 4040 existentes
726 3980 963 4041 iudices
1006 3998 1131 4041 vna
1178 3999 1324 4041 cum
1372 3979 1667 4058 Nycolao
1715 3979 1797 4041 de
1847 3978 2042 4040 Paulo
2089 3979 2172 4040 de
2217 3982 2328 4040 viis
2375 4000 2487 4041 seu
2535 3983 2837 4057 maceriis,
2884 4002 3033 4044 cum

346 4090 541 4153 dictus
600 4092 840 4175 (Joillus
900 4110 1031 4153 non
1098 4093 1357 4154 haberet
1418 4095 1585 4153 viam
1651 4093 1841 4153 eundi
1889 4092 1975 4154 ad
2022 4112 2204 4154 suum
2269 4093 2650 4154 laborerium
2696 4114 2808 4155 seu
2855 4114 3038 4173 opuS,

349 4202 627 4266 dedimus
688 4208 743 4267 ei
808 4224 885 4266 ac
944 4209 1079 4267 eius
1146 4206 1485 4267 heredibus
1551 4205 1717 4265 viam
1785 4224 1901 4284 per
1967 4218 2201 4267 terram
2271 4206 2584 4268 dictorum
2656 4207 2928 4269 Saloche
2975 4220 3038 4269 ct

350 4313 617 4399 Draguse
663 4321 1011 4400 coniugum
1058 4319 1367 4391 videlicet,
1414 4319 1777 4397 incipiendo
1823 4337 2044 4380 uersus
2089 4330 2439 4380 trauersam
2486 4321 2570 4380 ab
2615 4321 2850 4401 angulo
2902 4340 3036 4383 ma-

348 4432 497 4491 cerie
560 4434 741 4493 vinee
812 4432 1144 4511 quondam
1216 4432 1550 4515 Nemagne
1618 4432 1721 4493 filii
1794 4433 2125 4511 quondam
2196 4432 2408 4511 Sopec
2455 4445 2517 4494 et
2564 4434 2885 4494 ueniendo
2951 4435 3036 4496 ad

344 4540 733 4606 came'radam
804 4544 1071 4624 Mathey
1138 4548 1387 4627 generis
1456 4546 1787 4625 quondam
1861 4544 2074 4625 Sopec
2142 4549 2544 4625 suprascripti
2592 4557 2654 4607 et
2701 4566 2901 4627 vsque
2949 4548 3034 4609 ad

350 4653 733 4740 Bersangam.
794 4660 1029 4736 Sicque
1090 4659 1209 4720 hec
1268 4661 1485 4720 omnia
1532 4672 1595 4721 et
1641 4656 1887 4741 singula
1953 4678 2080 4737 que
2124 4662 2547 4739 suprascripta
2592 4670 2656 4720 et
2704 4670 2770 4720 ut
2817 4676 3034 4740 supra-

344 4771 555 4847 scripta
614 4782 759 4832 sunt
822 4790 943 4833 nos
1004 4771 1153 4833 dicti
1216 4771 1607 4833 Laurencius
1652 4784 1715 4834 et
1760 4771 2127 4850 Stephanus
2173 4772 2455 4847 fecimus,
2511 4776 2923 4835 tractauimus
2969 4784 3033 4835 et

344 4880 605 4963 legaliter
662 4885 1132 4965 compleuimus
1177 4896 1243 4947 et
1288 4886 1373 4947 ita
1420 4906 1495 4946 ea
1559 4887 1623 4947 in
1684 4885 1958 4946 salutem
2019 4889 2376 4947 animarum
2440 4898 2796 4947 nostrarum
2861 4891 3032 4948 testi-

340 4990 584 5059 ficamur
650 5016 799 5058 vera
866 5018 1021 5074 esse,
1088 5000 1491 5078 presentibus
1555 5000 1669 5060 hiis
1732 5002 1973 5059 vocatis
2018 5012 2082 5061 et
2127 5001 2368 5079 rogatis
2411 5000 2693 5073 testibuS,
2738 5000 3032 5062 videlicet

342 5112 623 5190 magistro
670 5110 1117 5174 Bonohomine
1164 5112 1461 5194 caligario
1506 5122 1569 5173 et
1619 5113 1803 5173 Pribe
1850 5110 2126 5174 Arbensi
2175 5110 2532 5173 habitatore
2571 5113 2778 5197 Jadre.
