3797 5795
1502 320 1867 382 *57-

368 512 639 591 Spalatini
707 513 943 572 iuratus
1002 513 1283 572 notarius
1346 510 1439 570 his
1500 512 1747 572 interfui
1795 522 1857 572 et
1907 512 1990 573 de
2039 513 2344 573 mandato
2393 513 2640 575 domini
2687 517 3039 594 potestatiS‚

368 624 637 697 iudicum,
698 625 1173 684 consiliatorum
1220 634 1283 684 et
1330 625 1582 685 comitis
1642 637 1900 706 rogatus
1945 627 2160 704 scripsi
2208 637 2271 686 et
2317 637 2628 688 consueto
2692 631 2876 709 signo
2939 650 3038 689 ro-

370 739 579 798 boravi.
622 735 745 814 Qui
780 757 928 799 vero
960 738 1259 798 antedicti
1302 738 1501 798 nuntii
1536 750 1597 797 et
1632 753 2073 817 procuratores
2107 741 2331 800 virtute
2363 751 2428 799 et
2467 751 2786 818 potestate
2817 761 3035 821 supra-

367 852 517 912 dicte
573 854 1031 912 commissionis
1090 869 1236 910 cum
1302 851 1495 910 nobili
1560 853 1692 910 viro
1754 851 2020 912 domino
2074 850 2318 931 Jacobo
2368 851 2718 916 Contarino
2783 855 3036 936 Ragusii

367 967 581 1025 comite
643 965 983 1038 antedicto,
1036 963 1363 1037 iudicibus,
1430 964 1797 1023 consiliariis
1858 977 1920 1024 et
1981 967 2374 1026 comunitate
2437 967 2724 1027 universa
2773 970 3038 1029 civitatis

366 1078 625 1138 eiusdem
672 1097 819 1138 cum
864 1080 1075 1138 sonitu
1120 1095 1433 1156 campane
1494 1095 1606 1155 per
1668 1077 2102 1137 laudationem
2169 1078 2387 1156 populi
2455 1079 2708 1160 Ragusii
2782 1079 2866 1140 ad
2913 1081 3038 1141 tale

366 1191 753 1252 concordium
787 1190 1199 1264 devenerunt,
1228 1191 1493 1250 scilicet:
1542 1189 1719 1269 quod
1760 1209 1844 1250 ex
1874 1192 2127 1250 civitate
2158 1189 2486 1269 Spalatina
2531 1201 2834 1269 quattuor
2884 1193 3038 1252 boni

366 1303 634 1363 homines
678 1303 987 1386 eligantur
1024 1313 1087 1364 et
1132 1305 1323 1364 etiam
1356 1303 1627 1364 totidem
1661 1303 1743 1363 de
1776 1303 2072 1384 RagusiO,
2120 1306 2226 1381 qui
2267 1305 2391 1363 sint
2439 1303 2677 1364 iudices
2707 1305 2791 1365 ad
2824 1305 3038 1366 locum

366 1419 775 1490 constitutum,
834 1416 1070 1477 scilicet
1128 1416 1211 1476 ad
1274 1416 1639 1478 Stammum
1686 1416 1770 1476 ad
1818 1415 2102 1476 medium
2162 1435 2450 1476 mensem
2501 1417 2784 1478 madium
2832 1418 3039 1497 primo

366 1533 585 1590 venturi
644 1529 729 1590 ad
791 1532 1009 1590 omnia
1052 1529 1482 1608 reppressalia‚
1543 1529 1842 1600 robariaS,
1905 1529 2122 1590 debita
2186 1577 2623 1591 ........
2675 1533 3041 1610 questiones

366 1643 689 1716 tractanda,
756 1642 1155 1704 terminanda
1224 1655 1288 1704 et
1354 1645 1546 1704 etiam
1608 1642 1996 1704 restituenda
2061 1662 2186 1721 que
2261 1644 2386 1703 sint
2465 1644 2628 1704 inter
2703 1653 3040 1723 utramque

367 1757 665 1816 civitatem
709 1754 807 1816 vel
855 1755 1187 1835 quondam
1232 1757 1461 1817 suerint
1496 1803 1883 1816 .......
1934 1766 2150 1818 autem
2197 1756 2460 1834 aliquod
2510 1775 2858 1819 commune
2901 1775 3041 1836 pre-

370 1869 663 1928 dictarum
730 1866 1057 1930 civitatum‘
1123 1869 1207 1930 ad
1274 1869 1485 1930 locum
1546 1872 1964 1931 constitutum
2025 1871 2298 1930 termino
2355 1869 2684 1930 antedicto
2730 1869 3042 1930 voluerint

830 2031 841 2040 .
892 1985 1121 2043 iustum
1172 1982 1723 2061 impedimentum,
1768 1985 1844 2042 sit
1891 1982 2208 2061 culpabile
2253 1981 2426 2043 alteri
2478 1984 2824 2043 communi.
2907 1982 3042 2044 Ho-

366 2097 548 2155 mines
620 2114 771 2156 vero
846 2097 1273 2174 predictarum
1319 2097 1663 2168 civitatum,
1709 2097 1816 2175 qui
1866 2142 2367 2157 .........
2417 2114 2634 2156 coram
2683 2098 3042 2156 constitutis

368 2207 655 2269 iudicibus
700 2209 783 2270 ad
828 2209 1067 2270 dictum
1119 2209 1331 2269 locum
1380 2210 1653 2268 termino
1684 2207 2012 2268 antedicto
2059 2209 2370 2270 voluen'nt
2416 2227 2638 2287 parere
2659 2256 3041 2271 .......

364 2323 576 2383 iustum
636 2323 1169 2400 impedimentum
1230 2323 1292 2381 in
1356 2321 1735 2382 discretione
1817 2324 2142 2401 utriusque
2217 2324 2544 2383 civitatum
2609 2320 3040 2400 predictorum

363 2435 619 2495 iudicum
688 2435 922 2496 debeat
983 2453 1312 2496 remanere
1360 2482 1739 2494 .......
1811 2436 1918 2513 qui
1986 2437 2048 2493 in
2113 2435 2411 2513 predictis
2471 2435 2828 2494 civitatibus
2891 2445 3040 2494 tunc

366 2565 481 2606 non
528 2548 770 2618 fuerint,
816 2567 945 2607 non
1008 2551 1084 2608 sit
1157 2549 1571 2626 preiudicium
1640 2567 1759 2608 nec
1820 2565 2186 2630 gravamen.
2261 2547 2344 2608 Et
2411 2547 2704 2607 homines
2782 2593 2792 2606 .
2841 2593 2853 2605 .
2903 2592 2915 2605 .
2965 2594 2976 2604 .
3033 2595 3043 2604 .

416 2708 717 2720 ......
763 2663 822 2721 in
870 2661 1059 2721 rebus
1104 2671 1168 2720 et
1235 2663 1524 2739 personis
1596 2663 1838 2739 possint
1904 2659 2466 2740 venireRagusium
2528 2677 2643 2737 pro
2699 2661 2825 2719 suis
2885 2658 3045 2719 utili-

364 2775 579 2834 tatibus
646 2773 966 2834 faciendis,
1034 2773 1116 2834 Et
1162 2794 1198 2834 e
1246 2792 1555 2834 converso
1601 2775 1846 2852 possint
1895 2820 2276 2832 .......
2325 2791 2525 2851 usque
2572 2772 2656 2832 ad
2703 2774 3043 2832 terminum

359 2886 751 2948 antedictum.
813 2885 914 2949 De
969 2887 1092 2948 hoc
1155 2899 1371 2949 autem
1435 2885 1782 2948 concordio
1844 2897 1990 2948 sunt
2052 2885 2178 2947 due
2251 2897 2426 2947 carta
2487 2885 2740 2959 simileS,
2801 2885 2919 2946 hec
2981 2895 3044 2946 et

358 3000 467 3059 alia
524 3000 605 3061 de
652 3048 1029 3060 .......
1080 3001 1218 3062 tulit
1282 3000 1640 3061 antedictus
1700 2999 2001 3060 dominus
2069 3018 2289 3059 comes
2335 3000 2626 3059 comunis
2677 2999 2934 3080 Ragusii
2983 3010 3044 3058 et

358 3113 532 3174 aliam
607 3124 847 3175 cartam
914 3114 1189 3175 tulerunt
1236 3116 1660 3194 prenominati
1710 3115 1910 3173 nuntii
1975 3160 2355 3175 .......
2430 3111 2602 3173 nullo
2669 3113 3040 3172 testimonio

364 3230 556 3306 rumpi
601 3231 817 3307 possit.
863 3227 1103 3290 Actum
1152 3240 1246 3289 est
1278 3228 1401 3288 hoc
1448 3227 1703 3309 Ragusii
1750 3226 2043 3287 ordinata
2088 3227 2257 3286 curia
2290 3245 2435 3286 cum
2470 3226 2682 3285 sonitu
2729 3242 3046 3303 campane

367 3339 465 3400 Hii
496 3352 637 3402 sunt
670 3352 865 3403 testes
908 3340 1277 3403 Dommana
1322 3338 1605 3413 Guereri,
1665 3339 2048 3402 Theodorus
2094 3338 2418 3413 Bodatiae,
2479 3337 2776 3399 Andreas
2828 3337 3044 3411 Zreue,

366 3452 693 3515 Yelcassus
730 3452 1039 3534 Jobannis
1082 3466 1145 3514 et
1192 3453 1487 3515 Dimitrio
1535 3501 1792 3513 .....
1876 3454 2114 3515 iudices
2177 3452 2430 3533 Ragusii
2479 3462 2541 3511 et
2586 3451 2706 3511 alii.
2787 3451 2870 3511 Et
2925 3468 3048 3531 ego

360 3567 679 3645 presbyter
740 3566 1015 3627 Pascalis
1058 3578 1121 3627 et
1167 3568 1459 3627 comunis
1504 3566 1757 3645 Ragusii
1807 3568 2104 3635 notarius
2171 3566 2386 3643 scripsi
2444 3582 2558 3642 per
2604 3563 3045 3624 laudationem

356 3683 975 3756 praenominatorum
1025 3726 1399 3739 .......
1446 3690 1510 3739 et
1557 3680 1702 3739 iuris
1748 3677 2028 3738 iudicum
2075 3688 2138 3737 et
2185 3676 2660 3737 consiliatorum
2706 3686 2770 3737 et
2819 3676 3066 3761 populi·

355 3803 413 3852 et
454 3797 619 3854 curie
678 3812 825 3854 curn
885 3795 1095 3853 sonitu
1154 3810 1466 3871 campane
1530 3792 1782 3873 Ragusii
1845 3802 1909 3850 et
1969 3810 2083 3869 per
2137 3792 2538 3871 rogationem
2601 3789 3037 3868 predictorum

356 3907 713 3966 nuntiorum
760 3904 1252 3984 Spalatinorum‚
1330 3904 1619 3965 videlicet
1678 3904 1986 3984 johannis
2031 3914 2095 3964 et
2143 3902 2430 3985 Gregorii
2478 3906 2746 3981 scriptor
2794 3922 2934 3963 sum
2983 3913 3046 3962 et

356 4021 527 4080 testis
569 4030 634 4081 et
678 4028 989 4080 consueto
1038 4037 1183 4079 meo
1228 4021 1414 4099 signo
1457 4017 1767 4077 roboravi.

528 4221 824 4295 Original
864 4239 904 4276 u
950 4240 996 4277 c.
1033 4219 1089 4278 k.
1139 4222 1365 4295 tajnom
1412 4219 1636 4276 arkivu
1683 4240 1721 4276 u
1776 4221 1954 4275 Bec'u.
2007 4217 2197 4275 Rubr.
2249 4216 2504 4290 Spellato
2555 4208 2727 4291 163s5
2775 4216 3036 4286 Ragusa

356 4320 533 4401 4:37f5
575 4346 788 4383 veoma
828 4329 1079 4382 oftec‘en.
1126 4324 1233 4381 Να
1278 4324 1490 4399 ltjevoj
1514 4325 1723 4381 strani
1752 4342 1824 4380 uz
1853 4322 2000 4397 kraj
2016 4323 2305 4398 polivena
2345 4330 2726 4397 pergamena
2760 4336 3040 4373 ervenom

350 4430 556 4506 bajom,
600 4428 741 4505 koja
770 4432 847 4505 jc
892 4429 1145 4502 izgrtlzla
1198 4438 1579 4505 pergamena
1627 4430 1652 4484 i
1694 4447 1911 4501 mnogo
1959 4427 2224 4483 razorila
2287 4424 2500 4491 teksta,
2549 4431 2606 4478 te
2650 4439 2719 4479 se
2766 4441 2841 4477 ne
2886 4423 3048 4476 mose

350 4538 536 4594 eitatz.

535 4642 777 4701 Wenzel
826 4642 968 4703 Cod.
1018 4641 1163 4716 dipl.
1231 4640 1359 4699 Vll.
1413 4641 1763 4695 477—479.
1816 4670 1891 4676 -—-
1944 4635 2317 4710 Kukuljc‘z't'c‘
2355 4634 2509 4705 ch.
2561 4650 2653 4687 no,
2711 4631 2838 4685 731.
