3797 5795
1534 422 1952 484 -451—

1650 760 1840 839 915.

383 991 597 1068 1267,
644 993 751 1056 25.
798 993 1219 1060 novembra.
1272 993 1325 1059 U
1371 993 1490 1060 Sv.
1540 993 1875 1060 Geroldu.

562 1205 760 1294 B[ela]
810 1210 912 1271 dei
958 1214 1167 1290 gracia
1213 1232 1329 1272 rex
1380 1211 1703 1292 Hungarie
1751 1212 1920 1272 fideli
1969 1232 2086 1271 suo
2150 1213 2374 1271 comiti
2425 1209 2719 1274 Crisiensi
2767 1231 2884 1289 pro
2932 1224 3091 1272 tem-

386 1343 543 1402 pore
603 1327 949 1384 constituto
1011 1324 1281 1384 salutem
1327 1336 1391 1386 et
1438 1326 1733 1406 graciam.
1812 1323 1976 1388 Cum
2042 1327 2340 1406 magister
2415 1323 2706 1386 Thomas
2767 1323 3090 1385 familiaris

388 1439 668 1497 notarius
714 1450 927 1497 noster
974 1438 1457 1499 archidiaconus
1508 1439 2020 1516 wesprimiensis
2082 1448 2144 1499 et
2187 1436 2512 1517 Johannes
2559 1440 2750 1498 irater
2797 1437 3082 1498 eiusdem

384 1551 687 1610 continue
732 1552 856 1610 sint
902 1551 961 1610 in
1011 1552 1181 1610 curia
1228 1563 1442 1611 nostra
1491 1562 1550 1610 et
1600 1552 1786 1611 nobis
1834 1551 2102 1612 fideliter
2164 1551 2568 1625 famulentur,
2633 1551 2875 1612 eisdem
2923 1551 3088 1611 hanc

385 1665 662 1742 graciam
712 1661 1011 1723 duximus
1056 1664 1432 1736 faciendam,
1480 1663 1657 1742 quod
1704 1664 1912 1724 nullus
1974 1683 2192 1724 comes
2257 1662 2584 1727 Crisiensis
2631 1684 2747 1743 pro
2795 1675 3088 1743 tempore

384 1775 765 1836 constitutus
810 1779 1182 1856 magistrum
1229 1777 1550 1839 Thomam
1600 1788 1662 1837 et
1703 1776 2066 1856 Johannem
2129 1777 2452 1855 predictos
2509 1797 2583 1837 ac
2645 1777 2801 1837 alios
2867 1777 3089 1837 fratres

388 1890 671 1966 ipsorum
703 1889 801 1948 uel
837 1888 1111 1967 populos
1145 1887 1475 1971 (ipsoruml
1513 1891 1572 1949 in
1607 1891 1733 1950 iam
1768 1889 1942 1950 dicto
1978 1893 2287 1950 comitatu
2317 1893 2664 1950 existentes
2711 1909 2902 1968 super
2951 1893 3088 1968 qui-

388 2001 661 2062 buslibet
692 2003 965 2062 articulis
1011 2002 1110 2062 uel
1156 2005 1359 2063 causis
1393 2003 1666 2062 iudicare
1712 2003 1946 2063 audeat
1986 2012 2094 2063 aut
2142 2013 2550 2081 presummat.
2599 2000 2729 2064 Sed
2761 2004 2810 2063 si
2850 2005 2954 2081 qui
2988 2021 3088 2063 ac-

383 2115 636 2175 cionem
669 2125 777 2174 aut
809 2115 983 2175 litem
1018 2133 1278 2176 mouere
1314 2116 1626 2176 uoluerint
1657 2129 1879 2176 contra
1915 2117 2102 2193 ipsOS,
2144 2135 2360 2175 coram
2410 2116 2582 2175 bano
2629 2136 2746 2195 pro
2796 2129 3088 2194 tempore

383 2229 733 2288 constituto
802 2229 1065 2288 eosdem
1139 2228 1417 2288 debeant
1464 2229 1824 2302 conuenire,
1870 2247 2066 2308 quare
2115 2228 2224 2288 tibi
2289 2227 2672 2289 mandamus
2718 2227 2978 2289 firmiter
3024 2239 3087 2289 et

386 2340 665 2401 districte
710 2341 1139 2420 precipiendo,
1184 2351 1497 2420 quatenus
1558 2343 1767 2420 gracie
1828 2360 1942 2419 per
1990 2359 2107 2400 nos
2153 2341 2319 2402 facte
2365 2343 2670 2422 magistro
2719 2340 2974 2401 Thome
3020 2353 3084 2401 et

383 2455 512 2512 suis
580 2452 871 2513 fratribus
938 2455 1306 2514 memoratis
1374 2453 1731 2513 nullatenus
1801 2455 2251 2531 presummatis
2327 2453 2606 2526 obuiare,
2683 2453 2963 2532 alioquin
3036 2457 3085 2514 si

382 2585 564 2626 secus
609 2567 847 2640 feceris,
893 2578 1178 2626 nostram
1211 2567 1724 2648 indignacionem
1771 2579 1835 2626 te
1881 2569 2126 2626 sencies
2171 2569 2399 2626 merito
2447 2569 2792 2627 incurrisse.
2843 2565 3084 2627 Datum

380 2681 441 2738 in
492 2679 637 2738 uilla
683 2679 1168 2760 Sccnthgerolth
1216 2683 1279 2740 in
1328 2679 1664 2758 quindenis
1710 2680 1912 2739 sancti
1961 2678 2233 2740 Martini.

554 2899 620 2955 Iz
665 2900 1015 2973 oreginalne
1055 2902 1312 2976 potvrde
1356 2899 1561 2975 kralja
1608 2900 1869 2974 Andrz'je
1915 2912 1994 2955 oct
2029 2920 2094 2972 g.
2133 2902 2301 2955 1:292.
2339 2904 2423 2955 18.
2442 2900 2617 2974 jula.
2653 2933 2734 2940 —-
2786 2899 3086 2973 Orzssginal

372 3004 593 3059 unlazi
632 3024 699 3059 se
741 3003 866 3060 kod
905 3003 1241 3060 imovinske
1286 3005 1497 3080 opc'ine
1547 3005 1646 3061 Sv.
1702 3002 2238 3069 Jelene-Koruffke
2281 3002 2429 3078 kraj
2470 3002 2830 3059 Krifievaca.

1636 3339 1827 3417 916.

376 3546 581 3625 1267,
626 3548 737 3611 29.
786 3546 1191 3613 decembra.
1239 3549 1298 3613 U
1344 3548 1673 3632 Troqiru.

378 3778 731 3861 Gervazq'je
776 3778 1030 3864 Zupm'k·
1074 3781 1269 3843 crkve
1311 3802 1405 3843 sv.
1458 3780 1781 3843 Martina
1827 3781 2066 3864 sklapa
2126 3802 2377 3864 agovor
2433 3802 2466 3842 s
2513 3779 2826 3863 Lucz‘jem
2875 3780 3074 3843 bas‘lz'-

374 3890 604 3953 m'kom
643 3893 855 3963 crkve,
899 3900 983 3977 po
1020 3894 1231 3977 kojem
1276 3916 1347 3956 se
1377 3891 1623 3975 Lucije
1654 3894 1959 3977 obvezuje
1991 3915 2082 3955 na
2115 3892 2255 3955 υἱέε·
2277 3887 2516 3977 podz‘c‘z'
2541 3895 2719 3955 kuc‘u
2753 3894 3069 3955 crkvenu.

550 4112 733 4173 1267.
782 4113 885 4173 die
930 4114 1116 4173 tertio
1164 4126 1441 4173 exeunte
1503 4112 1875 4173 decembris.
1939 4111 2180 4173 Actum
2229 4114 2292 4171 in
2337 4112 2575 4190 palatio
2623 4112 2865 4172 domini
2913 4114 3072 4190 epis-

368 4226 537 4303 copi,
564 4235 859 4302 presente
890 4224 1153 4304 Duymo
1186 4224 1501 4286 Domiche
1534 4240 1595 4285 et
1632 4226 1901 4286 Bertane
1937 4225 2163 4286 Marini
2196 4226 2385 4297 Ruze,
2428 4226 2832 4285 examinator
2881 4222 3072 4283 Lam-

372 4338 629 4415 predius
668 4337 907 4418 Jacobi.
956 4336 1273 4399 Dominus
1326 4337 1665 4400 Gervasius
1718 4340 2108 4417 primicerius
2164 4348 2386 4411 rector,
2441 4356 2553 4397 seu
2606 4336 2920 4416 plebanus
2969 4355 3071 4396 ec-

365 4450 557 4510 clesie
602 4454 801 4511 sancti
850 4450 1102 4511 Martini
1136 4452 1217 4511 de
1256 4470 1571 4511 consensu
1604 4462 1664 4511 et
1699 4452 2026 4512 voluntate
2071 4450 2316 4511 domini
2357 4450 2657 4528 episcopi,
2705 4451 2955 4509 comitis
2999 4459 3062 4508 et

368 4563 779 4623 dominorum
826 4565 1077 4624 comitis
1124 4563 1345 4625 Marini
1379 4562 1712 4638 Amblasii,
1758 4562 1998 4642 Duymi
2046 4564 2129 4623 de
2178 4562 2350 4645 Cega
2399 4574 2461 4623 et
2505 4563 2832 4624 Valentini
2883 4561 3065 4636 Petri,

370 4676 644 4736 Bastiani
694 4676 871 4737 Luce
918 4676 1239 4746 Teodosii,
1292 4676 1495 4738 Desse
1541 4676 1857 4738 Amblasii
1904 4688 1968 4737 et
2008 4676 2229 4756 Jacobi
2278 4677 2497 4754 Peczy‚
2560 4678 2664 4754 qui
2711 4694 2780 4737 se
2826 4674 3071 4734 heredi-

366 4792 561 4850 tarios
607 4790 826 4850 dicunt
891 4810 1029 4849 esse
1074 4801 1138 4851 et
1184 4790 1485 4851 dicebam
1530 4809 1643 4869 per
1690 4790 2106 4869 parentellam
2173 4790 2423 4850 illorum
2471 4788 2554 4849 de
2602 4787 3070 4849 machenaturis

362 4916 627 4982 pactum
674 4906 995 4963 contraxit
1042 4922 1187 4963 cum
1238 4904 1442 4964 Lucio
1490 4902 1775 4977 Matthei,
1822 4905 1931 4984 qui
1963 4922 2033 4967 se
2062 4922 2178 4982 per
2208 4902 2504 4964 eamdem
2552 4902 2790 4962 dictam
2838 4919 3064 4979 paren-

362 5016 581 5077 tellam
642 5018 835 5095 ipsius
894 5016 1156 5077 ecclesie
1216 5016 1665 5077 hereditarium
1727 5018 1863 5077 fore
1926 5017 2196 5089 dicebat,
2257 5018 2320 5076 in
2367 5034 2496 5095 quo
2542 5014 2805 5095 quidem
2855 5012 3063 5073 dictus

368 5130 607 5191 Lucius
664 5131 955 5208 promisit
1015 5141 1209 5209 atque
1269 5128 1565 5190 convenit
1642 5130 1889 5190 elevare
1961 5130 2160 5211 altius!
2222 5129 2489 5189 domum
2552 5127 2720 5188 dicte
2781 5126 3066 5200 ecclesie,

2951 5276 2982 5311 *
