3797 5795
1912 321 2175 384 —466
2237 355 2322 364 —

756 513 992 570 comite
1060 510 1279 572 Abrae
1326 523 1389 572 et
1446 512 1530 571 ab
1592 514 1724 572 eius
1786 512 2127 573 heredibus
2185 523 2515 592 repeteret,
2561 514 2736 576 idem
2798 512 3212 576 Andronicus
3255 528 3316 577 et
3355 522 3440 579 sui

755 623 1022 685 heredes
1082 625 1387 703 expedire
1434 634 1800 686 tenerentur
1846 627 2114 705 propriis
2181 626 2506 688 laboribus
2550 636 2615 688 et
2659 629 2977 706 expensis
3025 628 3098 688 In
3145 631 3321 690 cuius
3361 635 3440 691 rei

753 739 1185 798 testimonium
1258 738 1341 798 ad
1394 741 1781 816 peticionem
1842 741 2128 818 parcium
2193 751 2521 819 presentes
2581 741 2878 802 dedimus
2936 741 3175 802 litteras
3238 753 3442 804 nostro

752 850 955 932 sigillo
1002 853 1445 913 communitas.
1487 851 1685 912 Anno
1716 852 1962 913 domini
1989 850 2330 916 MCCLX⁰
2371 862 2623 927 octauo,
2667 865 2903 915 octauo
2933 852 3248 916 kalendas
3289 857 3444 930 iunii,

748 966 1052 1045 magistro
1084 963 1414 1025 Demetrio
1446 965 1709 1025 ecclesie
1755 975 1971 1026 nostre
2017 966 2242 1039 elect0,
2285 966 2428 1026 aule
2472 968 2636 1048 regis
2670 967 3208 1038 uicecancellari0‚
3256 967 3440 1046 Myke

747 1089 1025 1153 cantore,
1071 1078 1125 1139 F
1126 1079 1395 1139 eliciano
1442 1079 1729 1150 custode,
1776 1078 2090 1139 Michaele
2137 1079 2387 1139 decano
2433 1080 2874 1141 existentibus,

930 1297 1228 1370 Ονιζξιήαί
1268 1317 1307 1352 u
1355 1296 1577 1354 arkivu
1624 1296 2112 1372 jugoslavenske
2173 1297 2522 1373 akademt'je
2542 1319 2564 1356 .·
2629 1297 2992 1375 Diplomata
3037 1319 3095 1356 a.
3143 1301 3316 1354 1268.
3364 1333 3440 1340 -—

742 1401 849 1458 Na
897 1402 1100 1460 listim'
1154 1403 1280 1459 visi
1321 1422 1354 1458 0
1398 1397 1641 1481 zelenoj
1680 1403 1706 1458 i
1746 1404 1912 1474 &utos
1966 1402 2231 1476 sve'lenoj
2283 1403 2460 1459 vrvci
2517 1402 2764 1476 okrugli
2821 1403 3076 1460 zlzlizani
3131 1407 3316 1479 pec'at
3372 1417 3443 1460 oe!

743 1507 1007 1581 bijeloga
1053 1506 1259 1563 voska.

1995 1797 2187 1875 932.

738 1960 935 2040 1268,
980 1960 1091 2028 26.
1138 1961 1361 2044 maja.
1408 1961 1467 2026 U
1512 1961 1797 2046 Poieqi.

733 2152 923 2215 Pred
962 2152 1295 2236 kaplolom
1323 2151 1655 2236 pofiekkz'm
1682 2151 1968 2236 prodaje
2015 2153 2234 2215 udova
2283 2153 2453 2215 Pofe
2483 2175 2560 2216 sa
2591 2152 2931 2217 sz'novz'ma
2962 2153 3162 2237 svoju
3199 2155 3433 2239 zemgju

732 2265 965 2349 medju
1008 2263 1341 2348 polocz'ma
1402 2264 1699 2327 Kneiz'm
1762 2264 1796 2326 τ’
1852 2265 2255 2338 Dubovcem,
2323 2265 2628 2350 Gregoru
2701 2266 2944 2329 Kneza
3004 2288 3082 2329 za
3161 2267 3440 2351 pedesel

1925 2379 2222 2440 maraka.

904 2569 1265 2650 Capitulum
1330 2572 1595 2632 ecclesie
1642 2571 1808 2631 beati
1860 2570 2024 2631 Petri
2073 2571 2154 2632 de
2201 2572 2442 2652 Pasaga
2504 2573 2803 2632 omnibus
2851 2569 3078 2634 Christi
3143 2571 3438 2632 fidelibus

727 2696 1093 2762 presentem
1162 2686 1464 2765 paginam
1526 2685 1900 2761 inspecturis
1967 2683 2239 2744 salutem
2287 2685 2352 2743 in
2398 2683 2683 2744 domino
2753 2684 3166 2746 Vniuersitati
3235 2694 3434 2744 vestre

727 2808 953 2858 notum
1016 2797 1284 2858 facimus
1329 2816 1443 2876 per
1487 2806 1829 2875 presentes
1893 2796 2071 2876 quod
2135 2796 2399 2857 domina
2461 2797 2674 2857 relicta
2721 2797 2882 2857 Posa
2929 2815 3052 2858 vna
3097 2815 3256 2857 cum
3303 2795 3434 2858 filiis

720 2914 865 2985 suis,
926 2910 1218 2971 videlicet
1279 2909 1589 2992 Gregorio
1635 2922 1699 2971 et
1744 2910 1962 2981 Paulo,
2007 2929 2083 2970 ac
2131 2910 2189 2971 N
2197 2911 2402 2970 icolao
2449 2930 2533 2970 ex
2579 2910 2778 2970 altero
2844 2913 3071 2971 marito
3117 2930 3246 2971 suo
3295 2931 3432 2989 pro-

718 3035 935 3085 creato
983 3044 1066 3084 ex
1111 3043 1234 3084 vna
1294 3034 1491 3102 parte,
1554 3020 1896 3105 Gregorius
1963 3022 2304 3101 Kenezyus
2365 3042 2448 3083 ex
2496 3022 2710 3096 altera,
2756 3022 2840 3084 ad
2886 3034 3176 3083 nostram
3227 3042 3432 3084 acces·

718 3147 935 3197 serunt
994 3138 1389 3216 presenciam
1453 3146 1517 3195 et
1578 3135 1864 3213 predicta
1927 3135 2191 3196 domina
2251 3154 2400 3196 cum
2461 3134 2717 3214 prefatis
2779 3134 2918 3196 filiis
2977 3138 3104 3196 suis
3175 3136 3428 3196 duobus

716 3248 1031 3331 Gregorio
1077 3260 1141 3310 et
1188 3249 1384 3310 Paulo
1432 3248 1723 3310 confessa
1772 3258 1884 3318 est,
1932 3267 2001 3308 se
2049 3248 2375 3325 quandam
2441 3259 2673 3309 terram
2733 3266 2914 3308 suam
2979 3250 3142 3309 inter
3189 3250 3426 3310 riuulos

718 3363 940 3424 Kenez
990 3373 1052 3423 et
1098 3361 1373 3423 Duboch
1425 3360 1660 3440 pataka
1722 3364 1908 3421 sitam
1970 3380 2118 3421 cum
2164 3362 2464 3421 omnibus
2510 3361 2872 3421 vtilitatibus
2918 3364 3044 3421 suis
3105 3374 3173 3421 et
3245 3365 3428 3441 perti-

718 3479 960 3537 nenciis
991 3476 1074 3536 ad
1106 3475 1399 3549 eandem,
1434 3476 1617 3535 metis
1648 3486 1711 3534 et
1744 3476 2028 3534 terminis
2049 3474 2456 3553 infrascriptis
2485 3473 2964 3549 circumdatam,
2990 3473 3073 3534 de
3103 3492 3425 3535 consensu

716 3591 1169 3668 prememorati
1221 3587 1328 3648 filii
1378 3590 1467 3648 sui
1519 3588 1575 3647 N
1583 3587 1764 3648 icolai
1796 3596 1859 3647 et
1892 3587 1974 3647 de
2008 3587 2334 3647 voluntate
2379 3596 2972 3649 commetaneorum
3003 3604 3296 3659 suorum,
3339 3589 3422 3645 vi-

710 3702 939 3763 delicet
986 3700 1162 3765 Cheh
1207 3699 1425 3761 Tarda
1470 3701 1715 3781 generis
1775 3701 1869 3760 sui
1912 3710 1976 3760 et
2022 3698 2225 3761 Draas
2271 3719 2488 3760 coram
2535 3700 2722 3761 nobis
2781 3699 3203 3778 personaliter
3267 3710 3418 3759 tunc

710 3818 1079 3889 astancium,
1126 3833 1246 3875 nec
1272 3813 1873 3888 ‘contradicencium
1906 3832 2024 3892 pro
2057 3814 2516 3894 quinquaginta
2552 3814 2778 3873 marcis
2807 3814 3051 3892 argenti
3099 3810 3420 3894 Gregorio

710 3927 1016 4005 Kenezyo
1080 3927 1477 3999 vendidisse,⁴
1503 3927 1616 3986 sibi
1666 3936 1730 3987 et
1777 3926 2115 3986 heredibus
2185 3928 2310 3986 suis
2377 3936 2688 4005 perpetuo
2751 3927 2963 4002 quiete
3025 3934 3088 3985 et
3149 3924 3420 4003 pacifice

705 4039 1162 4119 possidendam
1207 4052 1268 4100 et
1316 4042 1520 4118 ipsam
1580 4042 1920 4122 pecuniam
1967 4039 2050 4099 ab
2097 4038 2330 4099 eodem
2379 4038 2690 4119 Gregorio
2753 4036 3032 4117 plenarie
3078 4041 3418 4117 recepisse,

703 4154 963 4214 exclusa
1011 4142 1465 4213 tantummodo
1512 4154 1819 4230 porcione
1864 4150 2156 4230 predicto
2201 4151 2416 4213 Tarda
2463 4169 2702 4232 genero
2751 4170 2872 4212 suo
2919 4151 3266 4232 assignata,
3327 4154 3416 4213 in-

702 4285 891 4345 super
958 4267 1159 4327 eciam
1230 4265 1556 4344 quandam
1626 4266 1878 4325 vineam
1949 4284 2128 4325 suam
2198 4267 2260 4324 in
2331 4266 2644 4324 territorio
2705 4262 2885 4327 Cheh
2945 4267 3132 4325 sitam
3199 4265 3414 4326 eidem

702 4378 1012 4461 Gregorio
1075 4378 1382 4457 Kenezyo
1429 4379 1512 4439 ad
1562 4380 1884 4439 racionem
1953 4378 2237 4456 predicte
2295 4378 2564 4455 pecunie
2610 4380 2728 4439 sibi
2773 4378 3095 4458 persolute
3159 4378 3412 4457 prefata

698 4492 961 4553 domina
1020 4492 1305 4552 vendidit
1361 4510 1579 4552 coram
1627 4492 1813 4551 nobis
1856 4500 2170 4569 perpetuo
2218 4490 2694 4569 possidendam.
2745 4490 2940 4555 Cuius
2983 4500 3149 4551 terre
3195 4492 3404 4570 prima

699 4615 871 4667 meta
923 4607 1139 4685 incipit
1188 4608 1363 4666 iuxta
1396 4603 1719 4666 Dobouch
1766 4603 2019 4683 pataka,
2065 4605 2170 4664 vbi
2216 4615 2313 4665 est
2359 4605 2548 4665 arbor
2592 4607 2764 4683 pirus
2807 4604 3065 4665 inferius
3125 4603 3402 4665 domurn

695 4718 915 4791 Daras,
962 4716 1111 4779 inde
1156 4718 1333 4778 uadit
1377 4736 1593 4779 versus
1654 4720 1965 4778 orientem
2013 4718 2095 4780 ad
2145 4716 2512 4779 Laazkerek
2581 4728 2864 4789 uocatos
2909 4716 3060 4777 inde
3105 4737 3144 4777 a
3191 4720 3402 4796 oepite

694 4834 875 4892 vnius
935 4826 1141 4913 riuli(!)
1204 4832 1307 4908 qui
1372 4830 1547 4890 uadit
1594 4849 1810 4891 versus
1857 4830 2189 4891 meridiem
2238 4841 2301 4891 et
2347 4830 2517 4891 cadit
2563 4831 2626 4889 in
2673 4828 2940 4891 fluuium
2981 4830 3294 4910 Jazuinak
3339 4840 3402 4890 et

692 4964 806 5023 per
853 4943 1131 5005 eundem
1172 4942 1499 5022 jazuynak
1546 4942 1761 5003 eundo
1807 4945 1982 5003 venit
2024 4943 2108 5003 ad
2158 4943 2370 5003 locum
2419 4946 2526 5023 qui
2573 4942 2801 5003 dicitur
2834 4942 3402 5020 Kenoeemisyche,

689 5058 793 5117 vbi
840 5056 1011 5118 cadit
1056 5056 1119 5115 in
1152 5055 1627 5133 Kenezpataka,
1672 5056 1754 5115 ab
1800 5054 1949 5116 hinc
1981 5058 2113 5116 exit
2159 5056 2244 5117 de
2290 5059 2429 5135 ipso
2473 5054 2726 5135 pothok
2755 5066 2819 5116 et
2855 5055 3134 5116 declinat
3177 5072 3396 5115 versus
