3797 5795
1586 415 1851 479 ——427
1919 451 2002 460 —-

440 607 625 665 visuri
679 605 855 666 litem
902 616 966 666 et
1013 608 1432 685 questionem,
1500 625 1625 687 que
1693 607 2056 668 vertebatur
2121 608 2287 668 inter
2351 607 2645 668 homines
2712 616 2876 667 terre
2945 609 3144 668 sancti

442 713 739 798 S(c)ideri
786 730 851 779 et
895 728 1061 780 terre
1105 721 1305 779 sancti
1367 718 1710 793 Benedicti,
1754 722 2096 780 ocoesione
2141 731 2357 781 autem
2407 721 2508 781 vie
2553 723 2830 800 antique,
2877 739 3001 799 que
3045 721 3146 778 via

444 829 578 890 ibat
645 849 835 910 supra
880 832 1016 910 ipsa
1062 833 1125 891 in
1174 839 1337 892 terra
1403 834 1605 892 sancti
1671 831 1916 894 Scideri
1965 843 2026 893 et
2074 851 2200 911 qua
2262 835 2361 892 via
2425 829 2594 914 (itur)
2641 831 2724 893 ad
2773 831 3035 914 Vragna
3081 843 3144 892 et

443 945 647 1004 eciam
694 945 780 1004 ibi
830 945 943 1023 ipsi
1006 944 1177 1004 idem
1238 945 1616 1006 audiuerunt
1682 944 2171 1007 testificaciones
2234 945 2666 1025 quorumdam
2725 946 2991 1018 senium,
3036 945 3145 1024 qui

439 1054 741 1117 dixerunt
800 1058 1099 1130 similiter,
1162 1059 1399 1119 dictam
1460 1061 1629 1119 viam
1674 1058 1863 1120 fuisse
1916 1077 2106 1138 super
2152 1059 2356 1137 ripam
2405 1059 2469 1118 in
2517 1059 2686 1118 dicta
2733 1069 2898 1118 terra
2943 1059 3142 1118 sancti

440 1168 701 1230 Scideri.
752 1170 997 1232 Idcirco
1030 1191 1149 1232 nos
1179 1171 1329 1232 dicti
1361 1171 1599 1232 iudices
1642 1173 2140 1251 pronunciamus
2185 1170 2644 1232 sentenciando
2692 1170 2928 1230 dictam
2975 1171 3144 1230 viam

442 1281 659 1342 deberi
705 1285 931 1362 aperiri
976 1295 1041 1345 et
1087 1285 1359 1346 dimmiti
1405 1284 1677 1364 scapolis
1737 1295 1801 1345 et
1845 1284 2140 1364 apsoluta
2187 1304 2268 1364 ap
2317 1331 2328 1344 .
2377 1331 2390 1344 .
2437 1283 2476 1344 il
2535 1330 2792 1347 .....
2839 1301 2984 1343 eam
3033 1281 3143 1342 de·

441 1397 642 1456 tinere
686 1408 1027 1476 ocupatam
1076 1410 1139 1459 et
1172 1417 1309 1460 esse
1355 1398 1606 1470 debere,
1652 1399 1811 1459 sicut
1857 1399 2209 1476 antiquitus
2256 1398 2371 1458 suit
2417 1415 2607 1476 super
2653 1396 2892 1456 dictam
2940 1397 3142 1475 ripam

444 1509 505 1567 in
568 1508 738 1569 dicta
807 1522 970 1570 terra
1016 1514 1214 1572 sancti
1261 1509 1517 1574 Scideri.
1602 1509 1843 1572 Actum
1889 1521 1986 1571 est
2032 1510 2156 1571 hoc
2203 1513 2266 1571 in
2316 1509 2540 1588 lozia(!)
2605 1508 2960 1588 Spalatensi
3025 1509 3146 1568 sub

441 1624 810 1682 testimonio
854 1623 1021 1702 Jurie
1066 1623 1262 1686 Madii
1310 1635 1374 1684 et
1420 1623 1663 1685 Biualdi
1717 1622 1996 1702 Gumay.

614 1733 757 1816 Ego
802 1736 1047 1798 Tomas
1091 1736 1322 1798 Dusize
1366 1739 1659 1798 conscius
1702 1739 2086 1798 examinaui.

614 1847 755 1929 Ego
804 1847 1024 1910 Petrus
1090 1850 1329 1910 iuratus
1397 1852 1676 1910 notarius
1736 1849 2126 1929 Spalatensis
2189 1849 2539 1929 prolacioni
2601 1848 2784 1908 huius
2830 1848 3146 1908 sententie

448 1961 699 2022 interfui
744 1970 807 2021 et
854 1962 1162 2024 mandato
1208 1963 1523 2023 dictorum
1570 1963 1849 2024 iudicum
1896 1965 2113 2040 scripsi
2163 1973 2225 2022 et
2270 1961 2607 2042 publicani.

620 2077 916 2150 (Signum
962 2075 1198 2154 notar.)

626 2233 924 2307 Original
964 2253 1005 2290 u
1050 2233 1274 2290 arkivu
1318 2242 1675 2290 samostana
1720 2253 1805 2290 η).
1856 2233 2092 2308 Marzje
2139 2253 2179 2289 u
2225 2233 2459 2291 Zadru.
2533 2233 2778 2290 Listina
2845 2235 3056 2288 traina
3121 2232 3149 2286 τ’

441 2341 737 2395 οέἰείεηα.

441 2717 643 2796 1267,
688 2721 752 2783 6.
803 2716 1066 2798 aprile..
1112 2717 1171 2782 U
1216 2716 1513 2784 viterbi.
1696 2595 1890 2677 898.

445 2889 769 2952 Klement
829 2888 878 2951 J
888 2889 956 2951 V.
1017 2896 1197 2974 papa
1264 2890 1642 2974 dozvoljuje
1711 2889 2328 2954 Domz'm'kancz'ma
2399 2912 2444 2953 u
2507 2887 2987 2961 Dubrovm‘ku,
3051 2889 3142 2951 da

432 3002 749 3084 prodadu
801 3002 1036 3086 jednu
1100 3004 1303 3075 ἐκέκ,
1370 3004 1526 3087 koja
1588 3002 1681 3066 im
1721 3003 1807 3087 je
1867 3004 2235 3083 darovana,
2299 3002 2492 3065 dokle
2558 3008 2808 3065 ostana
2879 3024 2925 3063 u
2989 3002 3140 3064 Du-

1614 3116 1966 3180 brovm'ku.

617 3288 915 3354 Clemens
979 3294 1317 3372 episcopus
1378 3312 1593 3354 servus
1654 3312 1978 3353 servorum
2045 3293 2146 3354 dei
2193 3291 2440 3353 dilectis
2484 3292 2624 3353 filiis
2670 3293 2860 3370 priori
2907 3302 2971 3351 et
3017 3290 3137 3351 fra-

440 3404 639 3464 tribus
685 3404 923 3465 ordinis
966 3405 1441 3466 Predicatorum
1488 3406 2020 3488 Ragusinensium
2067 3405 2338 3467 salutern
2384 3415 2448 3465 et
2491 3405 2910 3484 apostolicam
2945 3403 3138 3463 bene-

440 3517 805 3579 dictionem.
851 3518 955 3579 Ex
1001 3529 1181 3597 parte
1228 3530 1431 3579 vestra
1464 3518 1579 3579 fuit
1612 3519 1797 3579 nobis
1826 3522 2211 3597 expositum,
2245 3518 2424 3597 quod
2457 3517 2788 3598 quondam
2823 3516 3138 3597 Jacobiza‚

438 3629 564 3691 filia
610 3632 718 3691 viri
770 3628 1147 3710 Capiteseldi
1195 3630 1279 3691 de
1322 3632 1620 3713 RagusiO,
1666 3642 1817 3693 tunc
1862 3632 2070 3712 vidua,
2118 3631 2442 3710 quandam
2515 3630 2784 3691 domum
2847 3648 3026 3690 suam
3075 3631 3136 3688 in

438 3743 717 3824 Ragusio
779 3745 898 3804 sub
959 3744 1159 3805 domo
1215 3744 1521 3824 Johannis
1583 3742 1875 3807 Corriazii
1923 3745 2007 3805 ad
2053 3764 2120 3805 se
2166 3754 2584 3824 spectantem,
2629 3762 2777 3805 cum
2839 3743 3140 3803 omnibus

435 3858 833 3933 pertinentiis
892 3868 955 3916 et
1017 3856 1387 3918 utensilibus
1448 3858 1576 3917 suis
1636 3858 1815 3918 vobis
1876 3856 2260 3931 habendam,
2320 3857 2778 3936 possidendam
2825 3866 3137 3934 perpetuo

434 3980 497 4031 et
544 3969 892 4031 tenendam
955 3988 1031 4031 ea
1076 3969 1447 4031 conditione
1514 3970 1763 4031 adiecta
1832 3973 1896 4031 in
1965 3971 2187 4031 ultima
2256 3969 2584 4032 voluntate
2653 3971 2901 4050 legavit,
2964 3982 3034 4029 ut
3079 3971 3132 4029 si

437 4100 587 4141 casu
633 4081 848 4160 aliquo
910 4102 1023 4143 vos
1081 4083 1479 4164 contingeret
1525 4083 1607 4143 de
1653 4085 1906 4143 civitate
1951 4082 2278 4145 discedere
2333 4084 2672 4165 Ragusina,
2720 4083 2954 4143 domus
3000 4084 3135 4161 ipsa

433 4193 698 4255 deberet
740 4194 824 4255 ad
871 4194 1135 4257 ecclesie
1179 4205 1397 4257 sancte
1444 4194 1645 4256 Marie
1699 4198 1953 4256 maioris
1999 4196 2357 4277 Ragusinos
2403 4198 2766 4269 canoniCOS,
2813 4195 2998 4255 nullis
3043 4196 3128 4255 ab

437 4309 583 4385 ipsis
614 4306 951 4368 alienanda
996 4307 1410 4386 temporibuS,
1442 4308 1755 4369 devenire.
1804 4306 1970 4372 Cum
2018 4311 2222 4390 igitur,
2255 4320 2322 4368 ut
2355 4310 2644 4381 asseritis,
2675 4308 3133 4369 deliberatione

430 4420 649 4482 habita
693 4420 1101 4495 firmaveritis‚
1148 4441 1479 4502 nunquam
1512 4423 1749 4483 dictam
1784 4422 2076 4482 deserere
2113 4424 2452 4494 civitatem,
2497 4440 2574 4481 ac
2613 4421 2880 4481 domum
2928 4422 3132 4499 ipsam

437 4553 629 4613 quam
678 4535 923 4595 habetis
969 4546 1204 4607 tenere,
1249 4538 1497 4596 statutis
1542 4537 1729 4596 vestri
1776 4535 2015 4595 ordinis
2061 4535 2464 4595 obviantibus
2513 4554 2642 4594 non
2677 4536 2948 4613 possitis
2988 4553 3134 4614 sup-

435 4647 711 4726 plicastis
775 4647 1110 4721 humiliter,
1158 4659 1228 4708 ut
1288 4648 1607 4709 vendendi
1670 4668 1813 4707 eam
1876 4660 1940 4707 et
1999 4651 2275 4725 pretium
2340 4648 2820 4727 percipiendum
2867 4669 2950 4709 ex
2997 4650 3132 4725 ipsa

432 4761 496 4820 in
542 4760 879 4820 utilitatem
939 4761 1060 4821 loci
1122 4764 1306 4822 vestri
1368 4761 1647 4822 totaliter
1705 4759 2137 4833 convertendi,
2198 4761 2568 4822 conditione
2631 4780 2761 4822 non
2833 4762 3132 4823 obstante

430 4872 734 4950 predicta,
778 4873 1101 4934 licentiam
1162 4874 1344 4934 vobis
1406 4873 1761 4935 concedere
1821 4892 2202 4935 curaremus,
2266 4874 2403 4935 Nos
2465 4878 2679 4955 itaque
2724 4877 2945 4935 vestris
2991 4895 3130 4953 pre-

427 4984 607 5047 cibus
674 4986 971 5060 inclinati‚
1040 4988 1365 5049 devotioni
1432 4998 1637 5048 vestre
1698 4990 2076 5048 auctoritate
2135 4989 2534 5065 presencium
2597 4987 2917 5049 licentiam
2979 5006 3128 5047 con·

432 5099 719 5159 cedimus
763 5100 1170 5178 postulatam,
1202 5103 1287 5161 ita
1325 5110 1560 5174 tamen,
1592 5100 1769 5181 quod
1803 5100 1885 5160 de
1918 5100 2287 5161 exhibendo
2333 5102 2446 5161 sibi
2496 5104 2701 5180 pretio
2748 5100 3131 5176 huiusmodi,
