3797 5795
1864 393 1945 400 -—
2007 357 2270 418 302-

713 544 965 608 Christo
1000 546 1269 607 filiorum
1324 557 1687 606 nostrorum
1736 547 1913 628 (Bele
1959 557 2022 607 et
2071 545 2294 626 Marie)
2343 548 2506 628 regis
2565 556 2630 607 et
2691 548 2907 628 regine
2961 547 3240 628 Ungarie
3293 545 3434 605 illu-

710 661 951 730 strium,
1014 678 1285 738 quorum
1350 670 1533 720 natus
1600 661 1835 733 existis,
1903 662 2026 720 tuis
2085 660 2262 720 iustis
2324 660 2846 738 suplicationibus
2903 673 3282 732 annuentes,
3347 658 3434 718 de

712 774 1018 854 Baragna‚
1082 773 1288 846 chQ
1334 771 1617 853 Simigi0,
1664 773 1809 833 Zala
1841 783 1904 832 et
1939 771 2144 834 Olcha
2190 783 2392 832 castra
2439 791 2586 833 cum
2635 773 2872 833 iuribus
2915 784 2980 833 et
3023 773 3437 852 pertinentiis

711 886 1086 960 eorundem,
1148 904 1266 946 nec
1314 904 1443 946 non
1491 884 1653 946 sales
1713 889 2044 964 aquaticos
2105 885 2188 946 ad
2254 885 2558 946 ducatum
2606 894 2786 946 tuum
2833 885 3168 947 Sclavonie
3227 895 3436 964 prout

711 1000 934 1059 asseris
978 1001 1377 1077 pertinentia,
1422 1001 1579 1059 sicut
1628 1017 1701 1058 ea
1748 1000 1909 1059 iuste
1969 998 2259 1078 possides
2304 1009 2368 1059 et
2414 1001 2607 1078 quite,
2662 998 2772 1059 tibi
2821 1000 3198 1058 auctoritate
3261 1017 3434 1076 apo-

712 1112 935 1172 stolica
982 1110 1437 1172 confirmamus
1504 1124 1567 1171 et
1612 1114 1923 1190 presentis
1983 1113 2193 1190 scripti
2257 1112 2612 1190 patrocinio
2684 1113 3178 1171 communimus.
3247 1109 3432 1170 Nulli

712 1242 866 1306 ergo
928 1235 1045 1284 etc.
1106 1235 1320 1284 nostre
1367 1223 1866 1284 confirmationis
1913 1235 2030 1284 etc.
2077 1223 2316 1284 Datum
2367 1224 2538 1303 apud
2591 1223 2833 1286 Urbem
2883 1235 3158 1283 veterem
3211 1223 3430 1282 idibus

712 1337 858 1410 iulii,
901 1335 1311 1416 pontificatus
1358 1339 1551 1396 nostri
1602 1355 1775 1396 anno
1822 1339 2024 1396 tertio.

895 1529 1159 1586 Theiner
1200 1529 1372 1586 Mon.
1435 1530 1649 1603 llung.
1699 1529 1751 1586 I.
1801 1549 1898 1586 no.
1953 1532 2092 1585 498.
2139 1538 2249 1586 str.
2300 1530 2442 1584 273.
2491 1527 2558 1586 [ε
2604 1549 2731 1602 reg.
2779 1529 2936 1602 ortgr.
2985 1547 3088 1584 an.
3141 1527 3258 1584 HJ.
3324 1537 3426 1602 ep.

712 1638 873 1689 1815.
946 1634 1107 1691 Tom.
1170 1631 1285 1690 Ill
1337 1633 1469 1709 fol.
1522 1634 1663 1688 337.
1712 1665 1793 1674 ---
1858 1634 2102 1690 Wenzel
2170 1633 2315 1690 Cod.
2385 1633 2619 1709 Arpad.
2689 1631 2813 1690 III.
2867 1636 2960 1688 98.
3014 1665 3089 1674 -
3143 1632 3432 1689 Pottltast

710 1740 864 1812 Reg.
902 1739 1133 1814 ponus.
1184 1737 1271 1795 ll.
1320 1757 1416 1794 no.
1468 1739 1703 1792 18.974.
1750 1771 1836 1778 -—
1882 1737 2262 1812 Kukuljevic‘
2299 1739 2452 1810 Reg.
2501 1757 2598 1794 no.
2651 1739 2790 1792 867.

1975 2027 2168 2108 798.

716 2197 920 2276 1264,
964 2197 1074 2262 15.
1114 2195 1299 2278 julo.
1344 2195 1405 2260 U
1451 2192 1904 2260 Gittavechii.

730 2386 963 2449 Urbem
1016 2386 1061 2447 l
1074 2385 1147 2452 V.
1188 2392 1370 2470 papa
1412 2383 1651 2470 priora
1698 2383 2280 2456 Domzm'kanoca,
2331 2385 2504 2446 neka
2561 2405 2646 2446 ne
2705 2385 2881 2446 dade
2943 2383 3416 2446 uznemirivatt

1375 2497 1673 2581 kraljz'cu
1722 2495 2000 2582 lidan-'ju
2051 2520 2096 2558 ιι
2135 2497 2427 2582 posjedu
2475 2497 2744 2583 Poaege.

892 2691 1187 2754 Urbanus
1262 2692 1604 2769 episcopus
1679 2709 1894 2750 servus
1971 2709 2296 2750 servorum
2375 2691 2475 2750 dei
2556 2689 2790 2750 dilecto
2867 2688 2997 2749 filio
3046 2738 3059 2749 .
3107 2689 3412 2768 ..priori

715 2803 1078 2883 provinciali
1150 2803 1409 2864 fratrum
1486 2802 1960 2863 Predicatorum
2030 2803 2112 2864 de
2185 2803 2462 2884 Ungaria
2530 2802 2797 2863 salutem
2869 2815 2931 2864 et
2993 2803 3407 2882 apostolicam

714 2917 1249 2978 benedictionem.
1289 2916 1466 2996 Justa
1514 2916 1825 2977 desideria
1871 2918 2191 2977 carissime
2237 2916 2297 2975 in
2333 2914 2584 2980 Christo
2629 2914 2755 2977 filie
2802 2928 3016 2977 nostre
3064 2916 3267 2977 Marie
3297 2926 3410 2976 etc.

715 3030 827 3090 iuri
874 3032 1007 3091 eius
1038 3032 1257 3109 petitio
1305 3028 1491 3089 nobis
1535 3030 1819 3091 exhibita
1864 3028 2252 3103 continebat,
2297 3029 2475 3108 quod
2521 3048 2667 3091 cum
2717 3030 2908 3091 iidem
2941 3049 3054 3089 rex
3087 3041 3154 3090 et
3182 3031 3413 3110 regina,

715 3161 789 3203 ac
850 3142 1025 3203 multi
1090 3142 1335 3203 nobiles
1395 3146 1566 3223 regni
1636 3142 1914 3223 Ungarie
1974 3153 2234 3221 propter
2294 3144 2590 3203 timorem
2654 3142 2736 3203 de
2781 3142 3106 3203 Tartarica
3171 3142 3414 3202 feritate

714 3268 1097 3335 conceptum
1176 3256 1258 3316 ad
1339 3256 1479 3316 loca
1556 3256 1869 3315 maritima
1946 3254 2241 3316 fecissent
2327 3257 2678 3329 transitum,
2753 3254 2923 3315 dicta
2999 3256 3216 3335 regina
3294 3256 3411 3313 iam

717 3368 899 3429 dictis
944 3368 1263 3429 nobilibus
1307 3369 1531 3447 positis
1578 3369 1639 3427 in
1686 3370 1857 3448 gravi
1910 3369 2286 3429 necessitate
2332 3370 2748 3447 compatienS,
2792 3387 2910 3447 pro
2957 3370 3416 3429 sustentatione

717 3482 996 3560 ipsorum
1060 3482 1142 3542 de
1202 3484 1327 3542 suis
1387 3479 1886 3559 parafernalibus
1947 3482 2133 3542 bonis
2193 3500 2322 3541 non
2381 3481 2704 3543 modicam
2772 3481 3081 3560 expendit
3149 3482 3416 3560 pecunie

716 3596 1154 3673 quantitatem.
1202 3592 1481 3655 Demum
1530 3613 1681 3653 vero
1727 3594 1900 3655 idem
1963 3614 2078 3655 rex
2140 3594 2498 3655 huiusmodi
2545 3596 2796 3674 pietatis
2842 3614 3005 3673 opus
3071 3594 3418 3655 clementer

716 3707 1074 3781 attendenS,
1138 3720 1410 3767 castrum
1478 3707 1560 3767 de
1628 3707 1906 3789 Possega
1973 3707 2056 3768 ad
2114 3726 2260 3768 eum
2322 3710 2647 3787 pertinens
2691 3710 2754 3767 in
2800 3707 3036 3767 ducatu
3081 3704 3416 3769 Sclavonie

718 3822 1154 3892 constitutum,
1198 3820 1544 3880 accedente
1606 3820 1871 3881 demum
1933 3820 2016 3881 ad
2077 3820 2142 3881 id
2195 3839 2514 3883 consensu
2557 3823 2855 3881 carissimi
2905 3821 2966 3879 in
3015 3816 3269 3883 Christo
3315 3818 3416 3879 filii

718 3934 913 3993 nostri
960 3932 1265 4010 Stephani
1314 3934 1475 4014 regis
1522 3932 1775 3993 illustris
1820 3935 2226 4014 primogeniti
2273 3953 2348 3993 ac
2395 3933 2626 3994 nobilis
2673 3935 2779 3993 viri
2831 3933 2980 3993 Bele
3025 3932 3205 3993 ducis
3251 3932 3416 3994 Scla-

718 4047 906 4105 vonie
952 4046 1082 4104 nati
1128 4044 1443 4105 dictorum
1508 4048 1672 4126 regis
1734 4056 1798 4106 et
1859 4049 2092 4127 regine,
2155 4065 2273 4107 nec
2335 4065 2464 4107 non
2527 4046 2913 4126 prelatorum
2977 4058 3038 4106 et
3103 4044 3416 4106 baronum

718 4158 1060 4236 supradicti
1122 4160 1295 4239 regni
1362 4169 1424 4218 et
1488 4159 1705 4239 regine
1772 4157 2015 4237 prefate
2083 4162 2252 4240 regia
2321 4158 2692 4220 liberalitate
2759 4158 3040 4231 donavit,
3107 4171 3298 4237 prout
3357 4159 3416 4217 in

718 4270 1083 4349 patentibus
1129 4270 1347 4331 litteris
1380 4273 1543 4352 regis
1574 4272 1861 4332 eiusdem
1895 4272 2203 4332 confectis
2249 4272 2484 4333 exinde
2529 4272 2774 4352 plenius
2820 4272 3047 4332 dicitur
3091 4274 3418 4333 contineri.

720 4382 935 4460 Quare
982 4402 1097 4462 pro
1158 4394 1338 4462 parte
1399 4384 1715 4445 dictorum
1765 4388 1928 4467 regis
1973 4396 2034 4445 et
2081 4386 2297 4468 regine
2357 4386 2693 4464 petebatur
2739 4406 2775 4445 a
2823 4385 3026 4459 nobiS,
3091 4396 3157 4445 ut
3221 4384 3418 4444 dona-

720 4497 959 4555 tionem
1010 4496 1389 4567 huiusmodi,
1437 4516 1564 4557 non
1600 4498 2002 4558 obstantibus
2047 4498 2606 4559 constitutionibus
2650 4499 2979 4559 contrariis
3025 4508 3143 4558 etc.
3191 4500 3254 4557 in
3303 4498 3422 4557 hoc

719 4626 873 4668 casu
916 4608 1335 4669 donationem
1384 4612 1607 4689 ipsam,
1648 4612 1809 4670 sicut
1870 4610 2024 4671 alias
2083 4611 2349 4689 provide
2410 4610 2574 4672 facta
2635 4622 2748 4683 est,
2812 4620 3013 4671 ratam
3062 4622 3127 4671 et
3173 4610 3420 4671 firmam

720 4719 1046 4795 habenteS,
1107 4740 1251 4781 eam
1320 4742 1451 4783 non
1522 4724 1924 4784 obstantibus
1986 4723 2345 4784 huiusmodi
2422 4724 2978 4785 constitutionibus
3051 4726 3426 4784 auctoritate

719 4833 1074 4912 apostolica
1129 4835 1432 4897 duximus
1485 4835 2013 4896 confirmandam.
2062 4835 2378 4914 Quocirca
2424 4837 2781 4898 discretioni
2853 4848 2957 4897 tue
3025 4836 3426 4907 mandamus

722 4954 1040 5024 quatenus
1109 4948 1342 5009 dictam
1412 4951 1696 5030 reginam
1760 4967 1891 5009 non
1951 4950 2283 5027 permittas
2351 4969 2540 5029 super
2583 4952 2906 5029 premissis
2947 4958 3172 5010 contra
3219 4948 3424 5009 huius-

722 5059 899 5119 modi
948 5059 1447 5121 confirmationis
1494 5072 1707 5122 nostre
1755 5072 2046 5122 tenorem
2093 5063 2176 5122 ab
2215 5063 2530 5143 aliquibus
2574 5063 2856 5125 indebite
2903 5064 3241 5129 molestari.
3291 5084 3427 5125 mo-
