3797 5795
1566 375 1833 440 -523
1895 411 1976 420 -

1674 694 1866 773 985.

417 858 619 939 1270,
666 860 729 925 5.
768 858 1111 942 janum-a..
1159 859 1221 926 U
1264 859 1765 927 Dubrovniku.

416 1046 669 1113 Kle'rzk
734 1048 987 1133 Barsz
1041 1050 1199 1135 daje
1241 1050 1467 1136 sedan
1529 1048 1871 1135 vz'nograd
1913 1048 1948 1112 ι’
1986 1050 2231 1136 Ζεφπζῂι
2294 1052 2489 1115 crkve
2531 1056 2710 1115 svele
2754 1051 2982 1115 Fuske
3027 1072 3122 1115 na

1598 1162 1932 1249 polovicu.

589 1353 628 1435 †
674 1353 871 1416 Anno
918 1358 1369 1417 incarnationis
1414 1356 1661 1417 domini
1721 1356 2060 1418 millesimo
2122 1356 2567 1418 ducentesimo
2628 1356 3121 1439 septuagesimO,

418 1469 653 1529 mensis
694 1471 975 1543 ianuarii,
1021 1470 1242 1549 quinto
1274 1470 1379 1531 die
1410 1471 1702 1545 intrante,
1733 1488 1952 1531 coram
1999 1470 2187 1531 nobis
2231 1469 2601 1549 subscriptis
2645 1469 2930 1530 testibuS.
2976 1468 3119 1551 Ego

420 1582 679 1660 quidem
726 1562 990 1644 clericus
1036 1583 1301 1644 Barbius
1345 1581 1507 1643 filius
1550 1582 1879 1645 Theodori
1949 1582 2306 1645 Dabranize
2350 1582 2554 1643 abbas
2597 1592 2660 1643 et
2706 1581 3120 1644 hereditarius

417 1694 680 1756 ecclesie
740 1705 959 1757 sancte
1020 1694 1074 1757 F
1077 1714 1227 1757 usce
1272 1695 1356 1757 de
1400 1692 1717 1757 Grauosio
1777 1696 2107 1772 confiteor,
2155 1698 2462 1776 quoniam
2508 1698 2762 1757 uincam
2811 1704 2876 1757 et
2923 1705 3120 1758 terras

418 1827 566 1869 cum
624 1784 924 1869 omnibus
983 1828 1199 1869 earum
1262 1811 1669 1887 pertinenciis
1727 1810 1898 1871 dicte
1943 1810 2208 1871 ecclesie
2254 1822 2474 1871 sancte
2517 1809 2572 1871 F
2574 1829 2742 1883 usce,
2790 1828 2916 1889 que
2962 1820 3110 1871 sunt

418 1922 480 1982 in
521 1919 771 2001 Jupana
815 1930 879 1983 et
924 1941 1009 1983 ex
1053 1932 1235 2001 parte
1295 1922 1506 2005 pelagi
1565 1921 1895 1984 confinant
1958 1942 2108 1984 cum
2166 1925 2353 1984 uinea
2399 1934 2465 1985 et
2510 1933 2673 1985 terra
2735 1922 2938 1983 sancti
2983 1920 3121 1985 Elie

418 2032 737 2095 Dalafodii
768 2046 831 2096 et
863 2054 949 2095 ex
978 2046 1158 2114 parte
1204 2035 1555 2097 occidentis
1600 2035 1932 2097 confinant
1977 2054 2125 2097 cum
2173 2046 2338 2097 terra
2385 2039 2585 2097 sancti
2633 2036 2764 2098 Viti
2800 2035 2882 2098 de
2913 2033 3117 2097 insula

420 2144 764 2210 Calamotti
809 2161 873 2209 et
920 2167 1003 2208 ex
1070 2158 1251 2227 parte
1318 2147 1635 2227 aquilonis
1703 2150 2049 2210 terminant
2116 2167 2260 2210 cum
2330 2150 2517 2211 vinea
2563 2159 2627 2210 et
2672 2159 2836 2210 terra
2905 2149 3120 2209 vxoris

418 2260 748 2338 quondam
810 2259 1065 2322 Martoli
1126 2260 1209 2323 de
1270 2259 1569 2322 Gulerico
1616 2271 1680 2322 et
1727 2280 1811 2322 ex
1855 2272 2038 2341 parte
2097 2263 2288 2323 austri
2357 2261 2686 2324 confinant
2757 2280 2907 2322 cum
2953 2270 3119 2322 terra

410 2371 717 2453 Johannis
763 2373 846 2434 de
878 2373 1139 2455 Mariga,
1184 2373 1333 2435 dedi
1379 2374 1465 2435 ad
1507 2374 1934 2435 laborandum
1977 2374 2064 2435 ad
2110 2375 2544 2451 medietatem,
2589 2373 2944 2435 Radochne
2988 2372 3124 2433 filio-

421 2484 635 2550 Crisici
681 2498 744 2548 et
788 2487 1007 2549 heredi
1068 2490 1201 2549 eius
1249 2488 1532 2549 masculo
1579 2490 1643 2548 in
1692 2490 1822 2550 uita
1882 2507 2104 2549 eorum
2153 2488 2262 2550 tali
2306 2488 2605 2550 uidelicet
2653 2487 2896 2561 ordine,
2941 2484 3121 2565 quod

419 2599 568 2660 dicti
628 2600 984 2662 Radochna
1029 2611 1093 2662 et
1138 2600 1321 2662 heres
1366 2603 1500 2663 eius
1543 2600 1838 2662 laborent
1908 2600 2148 2662 dictam
2192 2602 2450 2663 uineam
2511 2601 2867 2662 secundum
2931 2616 3117 2660 usum

418 2712 692 2795 Ragusii.
724 2712 807 2776 Et
839 2713 921 2774 de
951 2724 1093 2774 toto
1124 2714 1331 2775 fructu
1364 2713 1533 2775 dicte
1564 2716 1752 2775 uince
1790 2713 2037 2775 dabunt
2084 2714 2236 2775 mihi
2281 2715 2572 2794 predicto
2617 2714 2846 2775 clerico
2889 2711 3118 2774 Barbio

416 2826 828 2887 medietatem
873 2837 937 2888 et
982 2828 1170 2888 aliam
1219 2827 1631 2889 medietatem
1661 2827 1992 2889 habebunt
2035 2828 2172 2906 sibi,
2216 2839 2493 2908 excepto
2540 2828 2748 2889 fructu
2795 2825 3112 2887 malorum

416 2950 847 3022 granatorum,
917 2941 1096 3019 quod
1164 2941 1439 3002 fructum
1508 2950 1718 3002 totum
1788 2941 2034 3003 dabunt
2103 2942 2271 3003 mihi.
2317 2942 2402 3004 Et
2448 2941 2532 3003 de
2578 2941 2762 3002 dictis
2805 2941 3002 3014 terris,
3047 2948 3116 3000 ut

415 3055 739 3132 pastinent
784 3053 931 3114 hinc
976 3073 1177 3133 usque
1223 3054 1305 3114 ad
1352 3065 1478 3115 tres
1523 3073 1745 3130 annos,
1790 3074 1991 3117 unum
2037 3055 2316 3117 solidum
2361 3055 2452 3117 de.
2488 3057 2678 3117 uinea
2722 3064 2786 3115 et
2831 3053 3004 3114 idem
3053 3054 3114 3112 in

416 3176 606 3227 antea
636 3169 976 3246 pastinent,
1006 3167 1361 3228 secundum
1393 3166 1569 3245 quod
1600 3169 1900 3247 poterint,
1932 3179 1996 3230 et
2027 3178 2238 3230 totum
2271 3166 2448 3247 quod
2481 3162 3006 3250 (pastinau)erint,
3037 3166 3134 3246 sit

418 3279 501 3340 ad
548 3278 957 3340 medietatem
1004 3281 1067 3340 in
1114 3281 1244 3341 uita
1291 3299 1532 3342 eorum.
1579 3281 1663 3342 Et
1709 3281 1861 3342 dicti
1908 3281 2263 3344 Radochna
2302 3291 2366 3342 et
2398 3280 2581 3342 heres
2610 3280 2744 3342 eius
2783 3289 3119 3341 teneantur

418 3393 571 3475 dare
615 3395 794 3453 omni
838 3410 1013 3454 anno
1059 3412 1177 3472 pro
1224 3411 1419 3454 censu
1481 3393 1639 3454 duas
1700 3393 1890 3456 libras
1955 3394 2036 3455 de
2098 3414 2241 3457 cera
2304 3395 2514 3456 colata
2581 3394 2848 3455 ecclesie
2901 3409 3117 3470 supra-

420 3506 588 3568 dicte
632 3507 696 3566 in
742 3505 905 3568 festo
951 3506 1257 3582 eiusdem,
1300 3520 1451 3588 post
1498 3516 1775 3568 mortem
1820 3526 1977 3569 uero
2022 3507 2455 3587 predictorum
2502 3504 2855 3568 Radochne
2900 3512 2966 3564 et
3011 3503 3118 3564 he-

418 3620 585 3681 redis
630 3621 781 3694 eiuS,
826 3619 997 3681 dicta
1041 3622 1229 3681 uinea
1273 3639 1421 3681 cum
1467 3623 1720 3699 pastino
1768 3619 1946 3701 quod
1991 3622 2456 3700 pascinauerint
2501 3629 2568 3682 et
2597 3637 2746 3680 cum
2777 3628 2962 3691 terra,
2992 3634 3118 3700 que

420 3732 627 3794 adhuc
672 3751 803 3794 non
849 3735 965 3793 erit
1008 3734 1325 3812 pastinata
1370 3743 1434 3794 et
1479 3752 1624 3794 cum
1689 3734 1991 3795 omnibus
2048 3752 2267 3795 earum
2319 3733 2714 3812 pertinentiis
2774 3731 3119 3793 deueniant

417 3845 711 3908 absolute
770 3845 855 3907 ad
915 3864 1019 3907 me
1078 3849 1597 3925 prenominatum
1657 3847 1955 3908 clericum
2001 3846 2301 3908 Barbium
2365 3846 2468 3908 uel
2512 3845 2596 3906 ad
2640 3844 2800 3926 illos,
2845 3846 2952 3924 qui
2998 3862 3115 3922 pro

420 3958 590 4020 dicta
633 3954 897 4020 ecclesia
942 3958 1189 4020 suerint.
1236 3958 1378 4041 Ego
1423 3962 1904 4038 prenominatus
1949 3959 2320 4033 Radochna,
2352 3959 2416 4020 in
2463 3957 2761 4019 omnibus
2805 3957 2922 4018 hiis
2966 3975 3121 4018 con-

420 4074 642 4132 sentio.
689 4071 827 4133 Nos
871 4082 1087 4132 autem
1132 4074 1557 4152 prenominati
1606 4072 1867 4134 clericus
1915 4071 2179 4134 Barbius
2225 4083 2290 4133 et
2335 4071 2690 4133 Radochna
2736 4072 2953 4133 omnia
3000 4069 3119 4130 hec

420 4184 705 4264 predicta
751 4183 1145 4246 affirmamus
1189 4204 1303 4264 per
1348 4184 1492 4246 fidei
1541 4187 1987 4258 iuramentum,
2028 4196 2096 4246 ut
2141 4185 2432 4264 predicto
2481 4183 2705 4244 ordine
2750 4185 2876 4244 sint
2921 4179 3118 4243 firma.

422 4297 566 4380 Ego
612 4297 873 4359 clericus'
918 4297 1250 4359 Prasnicus
1294 4297 1457 4359 filius
1504 4298 1831 4361 Michaelis
1876 4297 2122 4360 Proculi
2185 4281 2596 4360 hereditarius
2641 4297 2810 4358 dicte
2855 4295 3120 4372 ecclesie

422 4410 485 4471 in
534 4410 833 4490 omnibus
879 4411 993 4471 hiis
1039 4413 1391 4473 consenti0.
1432 4412 1580 4494 ‘Ego
1626 4411 1889 4474 clericus
1923 4389 2153 4474 Vitalis
2198 4409 2360 4476 filius
2395 4395 2644 4475 ⁴Vrsatii
2690 4407 3121 4494 Bodacie'he-

422 4523 753 4584 reditarius
816 4522 983 4584 dicte
1046 4522 1311 4586 ecclesie
1356 4544 1441 4586 ex
1486 4531 1666 4604 parte
1699 4525 2034 4587 ‘Theodori
2080 4525 2307 4587 Tacrie
2355 4525 2417 4584 in
2463 4507 2780 4585 omnibus
2809 4522 2926 4582 hiis
2969 4540 3122 4582 con-

422 4639 645 4698 sentio,
690 4635 833 4718 Ego
880 4636 1143 4699 clericus
1190 4637 1463 4699 pascalis
1508 4637 1669 4700 filius
1718 4637 2072 4718 Lampridii
2119 4637 2446 4700 Mauresse
2492 4619 2905 4698 hereditarius
2952 4634 3121 4695 dicte

422 4749 686 4812 ecclesie
732 4768 817 4811 ex
870 4761 1052 4830 parte
1112 4750 1360 4812 illorum
1409 4751 1492 4812 de
1538 4749 1897 4813 Dabraniza
1944 4753 2005 4812 in
2055 4750 2354 4834 omnibus
2398 4750 2517 4811 hiis
2562 4750 2911 4810 consentio
2980 4747 3122 4829 Ego

422 4861 926 4954 stancius—filius
972 4863 1138 4952 Petri
1185 4863 1267 4924 de
1315 4912 1327 4925 .
1438 4912 1448 4922 .
1502 4901 1516 4924 ὁ
1562 4913 1577 4924 .
1686 4913 1697 4924 .
1740 4913 1758 4926 .
1808 4913 1819 4925 .
1867 4864 2044 4948 Deso
2091 4864 2503 4946 hereditarius
2549 4862 2717 4924 dicte
2762 4860 3027 4924 ecclesie
3057 4862 3122 4921 in

424 4950 724 5038 omnibus
769 4975 887 5037 hiis
931 4951 1285 5038 consentio,
1342 4977 1441 5040 De
1487 4979 1612 5041 hoc
1656 4989 1870 5040 autem
1919 4980 2090 5041 facto
2136 4990 2284 5041 sunt
2329 4979 2454 5040 due
2485 4987 2657 5039 carte
2700 4975 3138 5050 similes,.una2

425 5102 490 5154 et
536 5091 672 5151 alia.
722 5089 865 5152 Hec
910 5100 1128 5152 autem
1173 5103 1346 5152 carta
1392 5092 1567 5154 nullo
1614 5095 1982 5155 testimonio
2028 5093 2498 5173 rumpipossit.
2547 5091 2654 5153 Hii
2699 5099 2847 5152 sunt
2891 5093 3122 5150 testes:
