3797 5795
1813 410 2225 473 —27sffl

650 620 772 661 nos
807 619 926 660 vna
964 618 1112 660 cum
1147 599 1289 661 fidis
1322 612 1386 659 et
1417 599 1662 660 dilectis
1701 600 2079 679 primatibus
2114 602 2345 660 nostris
2376 610 2559 659 extra
2612 599 3047 660 monarchiam
3085 609 3373 660 nostram

651 732 853 792 Vsque
915 712 1000 773 ad
1063 712 1273 773 littora
1334 716 1547 792 pontis
1593 715 1987 773 atrocissime
2034 724 2511 791 persequenteS,
2558 715 2619 773 in
2683 713 3035 792 quamdam
3100 712 3376 774 insulam

647 827 1030 908 repellentes
1077 828 1478 897 coercuisset,
1523 827 1605 887 de
1653 845 1778 902 qua
1839 828 2031 907 etiam
2084 838 2147 886 vt
2194 846 2313 889 nos
2362 846 2483 890 vna
2546 845 2691 907 cum
2754 837 2947 909 gente
2994 836 3211 890 nostra
3254 846 3371 889 ex·

649 941 899 1003 trahere
967 951 1345 1021 satagenteS,
1407 940 1510 999 vbi
1572 942 1633 999 in
1704 939 2006 1001 conflictu
2073 941 2437 1001 certaminis
2506 942 2666 1000 inter
2734 948 2986 999 nostros
3056 951 3123 999 et
3198 942 3375 1019 ipsos

649 1056 952 1117 Tartaros
998 1054 1406 1114 strenuissimi
1459 1056 1566 1113 viri
1615 1052 1941 1132 Philippus
1986 1066 2051 1112 et
2100 1052 2590 1113 Bartholomeus
2628 1050 2989 1135 Schalich(!)
3038 1053 3122 1113 de
3175 1052 3365 1131 Lyka

652 1169 911 1229 natione
959 1186 1071 1245 per
1119 1185 1341 1227 eorum
1388 1176 1645 1226 strenua
1690 1168 2039 1226 certamina
2087 1165 2407 1244 quosdam
2461 1168 2763 1245 primates
2810 1168 3092 1245 ipsorum
3140 1166 3367 1228 Tarta-

652 1299 866 1341 rorum
931 1298 1364 1360 sequacesque
1434 1297 1656 1339 eorum
1726 1289 1951 1358 captos
2022 1279 2207 1338 nobis
2276 1278 2524 1351 offerre,
2570 1278 2729 1339 alios
2793 1298 2943 1338 vero
3005 1278 3143 1339 dire
3191 1281 3367 1339 necis

653 1396 1038 1455 exterminio
1071 1411 1296 1453 necare
1331 1392 1721 1465 militassent,
1745 1392 1848 1451 vbi
1881 1394 2076 1452 etiam
2108 1392 2331 1452 crebra
2362 1394 2659 1473 stigmata
2691 1402 2755 1452 et
2788 1394 3002 1473 grauia
3033 1392 3365 1452 sustulere.

655 1506 942 1585 Quorum
995 1507 1081 1565 ob
1130 1507 1424 1566 meritum
1472 1504 1682 1565 donec
1714 1506 1917 1566 latiori
1952 1505 2193 1565 eisdem
2226 1504 2679 1583 prouideamus
2726 1506 3157 1577 retributione,
3190 1506 3367 1583 ipsos
3420 1518 3433 1529 ’

655 1619 1013 1699 Philippum
1062 1631 1123 1679 et
1175 1618 1694 1680 Bartholomeum
1741 1615 2062 1700 Scalichll)
2128 1618 2209 1680 de
2256 1618 2426 1678 dicta
2474 1618 2638 1680 Lika
2693 1635 3046 1695 eorumque
3094 1617 3366 1678 heredes

653 1744 717 1793 et
764 1750 1159 1792 successores
1221 1735 1546 1793 vniuersos
1592 1733 1675 1793 de
1722 1732 1988 1793 consilio
2050 1732 2333 1793 fidelium
2397 1743 2758 1793 nostrorum
2823 1732 3189 1811 primatum,
3236 1734 3371 1792 vni-

653 1848 851 1906 uersis
898 1846 1148 1914 iuribus,
1195 1847 1425 1927 gratiis,
1473 1846 1821 1906 honoribus
1868 1856 1932 1905 et
1973 1847 2271 1926 insigniis,
2304 1845 2693 1925 quadrature
2725 1844 3018 1906 videlicet
3049 1863 3367 1905 cornuum

651 1960 1053 2019 ceruinorum
1102 1968 1164 2019 et
1210 1957 1680 2039 signaculorum
1741 1958 1890 2019 solis
1938 1970 2001 2019 et
2048 1958 2213 2033 lune,
2276 1977 2423 2018 cum
2488 1969 2785 2018 ornature
2848 1968 3063 2018 nostre
3126 1976 3369 2017 corone

650 2083 715 2131 et
764 2072 1124 2131 solennium
1172 2071 1620 2133 liberalitatum
1681 2074 1852 2153 regni
1920 2074 2113 2132 nostri
2166 2070 2495 2153 Hungarie
2540 2071 2976 2153 prerogatiuiS,
3020 2070 3367 2149 participes

649 2194 718 2244 et
764 2203 1144 2244 communes
1203 2186 1587 2245 instituimus
1648 2195 1710 2245 et
1773 2185 2058 2259 sacimuS,
2102 2197 2297 2263 atque
2358 2188 2419 2244 in
2485 2185 2877 2245 consortium
2926 2197 2988 2246 et
3034 2195 3365 2244 cateruam

647 2308 718 2357 et
751 2315 1088 2357 numerum
1136 2299 1648 2360 commilitonum
1697 2312 2063 2359 nostrorum
2096 2297 2399 2369 locamuS,
2448 2297 2793 2377 locumque
2826 2298 2915 2356 eis
2946 2298 3365 2375 ipsorumque

647 2409 992 2470 heredibus
1038 2421 1100 2471 et
1146 2411 1621 2489 posteritatibus
1667 2412 2072 2472 conferimus
2122 2410 2513 2488 Eisdemque
2561 2412 2817 2489 insuper
2848 2421 3127 2470 castrum
3150 2406 3365 2468 Zkrad

651 2522 719 2582 in
766 2541 962 2604 regno
1026 2534 1244 2584 nostro
1308 2522 1562 2587 Croatie
1623 2524 1909 2586 habitum
1978 2545 2090 2603 per
2152 2524 2475 2585 defectum
2526 2526 2784 2585 seminis
2828 2522 2912 2583 ad
2960 2524 3366 2583 maiestatem

652 2655 938 2696 nostram
989 2655 1158 2697 nunc
1189 2637 1584 2711 deuolutum,
1614 2657 1760 2699 cum
1794 2638 2095 2698 omnibus
2140 2636 2427 2697 eiusdem
2469 2638 2654 2698 castri
2688 2637 3101 2715 pertinentiis,
3134 2636 3368 2713 quouis

654 2752 932 2810 nominis
960 2749 1273 2810 vocabulo
1299 2752 1604 2825 vocitatis,
1622 2751 1874 2826 iuribus,
1893 2750 2125 2823 vsibus‚
2143 2750 2685 2811 fructuositatibus
2708 2749 2790 2810 ad
2817 2748 3058 2809 dictum
3084 2756 3363 2808 castrum

651 2860 738 2926 ab
783 2864 1048 2942 antiquo
1097 2862 1178 2926 de
1224 2865 1355 2925 iure
1400 2864 1837 2942 spectantibus
1885 2874 1949 2925 et
1995 2866 2311 2944 pertinere
2360 2862 2761 2938 debentibus,
2806 2861 3261 2942 perpetualiter
3299 2869 3364 2922 et

653 2977 1149 3040 irreuocabiliter
1195 2976 1422 3038 damus
1469 2988 1531 3038 et
1579 2978 1982 3038 conferimus,
2034 2977 2191 3038 Item
2241 2979 2305 3038 in
2351 2977 2477 3041 alio
2538 2977 2683 3042 loco
2743 2987 2949 3038 totam
2997 2986 3233 3037 terram
3278 2994 3369 3036 ex

652 3097 916 3164 Vtraque
962 3099 1142 3168 parte
1191 3089 1361 3163 Hun,
1407 3090 1688 3152 similiter
1735 3109 1880 3152 cum
1930 3091 2230 3150 omnibus
2280 3091 2676 3168 pertinentiis
2722 3099 2786 3150 et
2819 3087 3366 3150 fructuositatibus

651 3202 971 3274 vniuersis,
1034 3203 1164 3262 imo
1226 3201 1539 3276 dedimuS,
1601 3202 1985 3263 donauimus
2052 3217 2114 3264 et
2177 3203 2565 3265 contulimus
2613 3205 2777 3281 ipsis,
2846 3219 3205 3280 eorumque
3252 3199 3363 3262 he-

647 3314 908 3377 redibus
967 3316 1270 3376 vniuersis
1331 3317 1461 3376 iure
1522 3328 1832 3395 perpetuo
1889 3327 1952 3376 ct
2000 3317 2495 3376 irreuocabiliter
2540 3315 2871 3388 tenendas,
2918 3313 3363 3394 possidendaS,

649 3431 884 3507 pariter
929 3439 992 3489 et
1038 3427 1368 3489 habendas
1414 3440 1478 3488 et
1524 3429 2119 3511 quomodocunque
2178 3429 2446 3490 voluerit
2507 3428 2958 3507 disponendas
3007 3427 3363 3504 Prescripta

649 3548 867 3600 autem
926 3541 1169 3622 singula
1231 3560 1345 3620 per
1405 3560 1523 3601 nos
1586 3541 1844 3620 prefatis
1908 3541 2199 3621 Philippo
2248 3553 2309 3602 ct
2360 3541 2817 3602 Bartholomeo
2865 3535 3191 3622 Skalicho)
3239 3557 3361 3618 pro

650 3655 841 3714 tantis
887 3653 1296 3715 famulatibus
1356 3674 1579 3715 eorum
1641 3655 1987 3717 clementer
2050 3655 2295 3716 indulta
2340 3666 2405 3715 et
2449 3665 2873 3728 remunerata,
2918 3655 3247 3714 vniuersos
3296 3663 3361 3714 et

649 3765 932 3845 singulos
977 3785 1373 3827 successores
1420 3777 1672 3827 nostros
1718 3767 1933 3829 felices
1980 3767 2307 3849 Hungarie
2354 3787 2534 3849 reges
2582 3770 2643 3828 in
2693 3765 2945 3830 Christo
2992 3783 3141 3847 rege
3190 3783 3358 3825 sem-

649 3877 902 3954 piterno
950 3879 1360 3940 deuotissime
1392 3880 1820 3955 obsecramuS,
1853 3902 1933 3944 ne
1970 3891 2409 3956 contemnant,
2445 3900 2563 3944 nec
2595 3879 3153 3963 transgrediantur,
3202 3879 3361 3958 quin

646 3990 781 4051 imo
845 4003 980 4052 rata
1023 4003 1240 4054 tenere
1286 4005 1350 4054 et
1396 4003 1662 4073 accepta
1723 3997 2063 4056 obseruare
2131 3995 2474 4076 dignentur
2520 3997 2735 4076 vigore
2780 3995 3093 4073 presentis
3138 4002 3359 4055 nostre

646 4106 896 4186 pagine.
947 4105 1037 4164 Vt
1083 4107 1266 4186 igitur
1311 4109 1798 4185 prescriptarum
1845 4109 2189 4188 gratiarum
2222 4117 2285 4168 ct
2319 4108 2742 4168 donationum
2792 4117 2855 4167 et
2904 4106 3355 4166 liberalitatum

646 4220 1050 4300 prerogatiua
1119 4231 1424 4298 perpetua
1491 4219 1787 4281 firmitate
1855 4220 2177 4294 solidetur,
2223 4233 2551 4300 presentes
2611 4221 3047 4281 concessimus
3110 4218 3359 4280 eisdem

648 4327 964 4410 dupplicis
1029 4333 1208 4413 sigilli
1279 4337 1472 4393 nostri
1547 4335 1897 4394 munimine
1965 4335 2316 4394 roboratas
2386 4333 2587 4394 Datas
2657 4334 2833 4393 iuxta
2898 4331 3179 4392 Boznam
3244 4351 3367 4411 per

649 4461 878 4505 manus
925 4443 1172 4505 discreti
1223 4447 1332 4506 viri
1381 4447 1658 4526 magistri
1708 4445 1761 4506 F
1763 4445 1989 4507 arkasii
2038 4445 2339 4508 Albensis
2393 4447 2656 4507 ecclesie
2702 4445 2905 4521 electi,
2950 4445 3092 4506 aule
3140 4457 3360 4507 nostre

647 4555 1136 4618 vicecancellarii
1185 4558 1398 4619 dilecti
1430 4570 1493 4619 et
1523 4557 1730 4620 fidelis
1774 4562 1989 4620 nostri.
2040 4559 2237 4622 Anno
2282 4562 2481 4641 gratie
2528 4559 2867 4621 millesimo
2914 4559 3366 4620 ducentesimo

647 4671 1050 4750 sexagesimo
1097 4673 1300 4743 terti0,
1346 4675 1523 4753 regni
1571 4675 1766 4732 nostri
1813 4691 1986 4732 anno
2034 4674 2342 4754 vigesimo
2389 4684 2634 4751 quart0.

832 4905 1132 4964 Oc'evidni
1171 4907 1494 4983 salzg'fikat
1527 4917 1872 4984 poznatoga
1922 4927 2188 4983 managa
2236 4909 2511 4984 sljepara
2559 4910 2764 4966 Pavla
2817 4908 3089 4966 Skalic‘a.

821 5010 1010 5086 Fejdr
1055 5012 1160 5070 IV.
1215 5015 1292 5080 3.,
1343 5015 1540 5066 129-
1551 5015 1687 5080 131.,
1735 5012 1864 5088 koji
1907 5015 2151 5070 domec'e
2170 5033 2191 5069 .·
2246 5014 2385 5070 >Ex
2426 5013 2855 5090 encyclopedia
2906 5013 2968 5070 S.
3018 5011 3186 5072 orbis
3230 5015 3363 5072 dis-

643 5115 1020 5191 ciplinarum
1055 5123 1178 5172 tam
1209 5136 1556 5185 sacrarum,
1603 5137 1789 5192 quam
1811 5121 2241 5194 prqfanarum
2282 5119 2611 5193 epistemon
2644 5128 2829 5194 opera
2878 5117 3072 5174 Pauli
3102 5117 3361 5176 Skalick
