3797 5795
1545 442 1801 505 -123
1871 479 1955 485 —

399 636 614 713 possit.
683 633 768 693 Hi
838 644 982 693 sunt
1050 644 1271 693 testes:
1332 632 1627 695 Andreas
1687 634 1885 695 Zreue
1949 645 2011 694 et
2084 634 2423 695 Velcassus
2470 633 2829 716 J0h(ann)is
2908 636 3087 695 iurati

400 747 638 807 iudices
683 757 746 807 et
792 747 892 806 alii
938 747 1164 825 plures
1232 748 1317 809 Et
1363 766 1486 829 ego
1531 748 1838 827 presbiter
1900 746 2172 808 Pascalis
2230 762 2291 807 et
2338 751 2628 808 comunis
2684 749 2940 829 Ragusii
2986 768 3099 807 no-

401 862 590 920 tarius
634 862 873 920 iuratus
917 863 1184 939 scriptor
1228 879 1368 920 sum
1418 873 1480 921 et
1526 864 1702 921 testis
1745 861 2065 939 solitoque
2113 879 2260 920 meo
2306 862 2488 942 signo
2535 862 2830 921 roboraui
2878 861 3011 921 hee.

573 1010 600 1073 (
605 1002 759 1073 ὁῖζξη
765 1021 865 1057 um
913 1002 1160 1057 notarii.
1169 1003 1194 1065 )

585 1200 882 1273 Oerg-inal
920 1221 1004 1258 na
1047 1204 1412 1277 pergameni
1455 1223 1494 1259 u
1540 1204 1784 1259 sredim'
1810 1206 2197 1279 prosja‘e’noj
2226 1224 2263 1261 u
2297 1203 2501 1261 obliku
2548 1201 2737 1259 krizffa.
2796 1203 2857 1259 U
2878 1201 3100 1258 arkivn

382 1306 618 1379 jugosl.
654 1304 835 1362 akad.
875 1326 914 1362 u
945 1306 1248 1379 Zagre’bu.
1299 1308 1657 1382 Diplomata
1704 1328 1763 1367 a.
1813 1310 1981 1362 1259.

1658 1762 1852 1843 632.

395 1971 602 2046 1259,
650 1971 972 2052 mjeseea
1016 1969 1383 2036 februare.
1431 1970 1490 2035 U
1535 1969 1798 2037 Zadru.

401 2177 621 2239 Stana
670 2177 890 2238 udova
936 2174 1190 2237 Nikole
1257 2176 1539 2237 Camasa
1588 2174 1999 2239 Zadram'na
2060 2176 2219 2261 daje
2274 2177 2534 2239 Desadc'
2574 2178 2845 2257 pokc‘erz'
2896 2200 3099 2263 svoga

1240 2288 1578 2373 pokojnog
1637 2298 1830 2351 muria
1893 2296 1977 2352 60
2026 2289 2263 2352 libam.

573 2497 612 2577 †
661 2499 730 2559 In
781 2502 1040 2560 nomine
1102 2500 1343 2559 domini
1405 2503 1606 2560 eterni
1666 2519 1874 2563 amen.
1946 2500 2143 2563 Anno
2204 2500 2288 2561 ab
2350 2503 2793 2561 incarnacione
2856 2501 3099 2561 domini

401 2615 597 2673 nostri
637 2612 784 2691 Jesu
819 2610 1043 2675 Christi
1083 2608 1470 2695 [milliesimo
1516 2614 1958 2674 ducentesimo
2008 2615 2537 2695 quinquagesimo
2583 2625 2835 2687 octauO,
2870 2618 3101 2675 mensis

402 2726 692 2787 februarii
739 2726 842 2786 die
889 2736 984 2785 ter
1015 2773 1215 2785 .....
1261 2720 1628 2808 [in]dicione
1674 2727 1971 2799 secunda,
2012 2726 2255 2806 Jadere.
2308 2726 2721 2787 Manifestum
2771 2727 2934 2787 facio
2980 2745 3101 2807 ego

401 2840 598 2903 Stana
645 2840 858 2900 relicta
907 2834 1200 2922 Nico[lai]
1253 2836 1529 2902 Camaso
1568 2839 1908 2919 Jadrensi5‚
1954 2842 2101 2920 quia
2149 2858 2298 2901 cum
2349 2843 2505 2901 meis
2550 2840 2988 2901 succesoribus
3036 2844 3097 2900 in

400 2954 501 3013 dei
549 2965 612 3013 et
661 2950 886 3016 Christi
937 2954 1200 3014 nornine
1245 2953 1349 3026 do,
1413 2952 1590 3013 dono
1636 2965 1830 3032 atque
1877 2963 2197 3013 transacto
2246 2955 2354 3012 tibi
2402 2952 2682 3030 Dessace
2728 2953 2853 3014 filie
2901 2972 3104 3031 quon-

397 3067 549 3126 dam
596 3065 902 3143 adoptiue
949 3065 1234 3126 defuncti
1287 3068 1396 3125 viri
1464 3067 1586 3126 mei
1648 3085 1766 3144 pro
1836 3066 2123 3125 remedio
2192 3067 2403 3126 anime
2473 3068 2665 3144 ipsius
2727 3077 2789 3126 et
2851 3085 2994 3126 mee
3042 3079 3103 3126 et

399 3181 522 3239 tuis
569 3178 908 3239 heredibus
954 3191 1016 3238 et
1063 3179 1529 3240 successoribus
1573 3178 1658 3240 ad
1704 3179 2180 3240 extrahendum
2228 3189 2290 3238 et
2354 3179 2722 3239 habendum
2788 3178 2870 3238 de
2915 3179 3104 3238 bonis

401 3311 528 3369 que
574 3291 825 3352 suerunt
873 3292 1140 3370 predicti
1185 3291 1470 3352 defuncti
1521 3295 1645 3352 mei
1692 3295 1800 3351 viri
1849 3302 2100 3352 tantum
2181 3293 2289 3371 qui
2336 3295 2461 3351 sint
2523 3292 2755 3351 ualoris
2800 3291 3099 3350 librarum

404 3407 736 3485 sexaginta
783 3405 1190 3464 denariorum
1238 3415 1615 3464 venetorum
1664 3423 2026 3483 paruorum,
2072 3423 2230 3484 quas
2275 3406 2407 3483 ipse
2454 3405 2603 3464 mihi
2647 3404 2729 3464 de
2762 3406 2887 3464 suis
2920 3404 3105 3463 bonis

408 3537 522 3596 per
569 3527 808 3577 cartam
856 3518 948 3578 sui
998 3520 1358 3577 testamenti
1405 3517 1490 3576 ad
1535 3536 1719 3578 suum
1767 3517 2015 3577 obitum
2062 3517 2396 3577 extrahere
2451 3518 2703 3590 dimisit,
2749 3517 3103 3576 secundum

408 3629 584 3708 quod
631 3632 692 3688 in
740 3629 908 3690 dicta
955 3640 1128 3691 carta
1173 3631 1366 3708 ipsius
1420 3633 1781 3690 testamenti
1830 3631 2077 3708 plenius
2128 3679 2383 3690 .....
2446 3632 2867 3691 continentur.
2929 3629 3107 3709 Quas

405 3745 738 3826 sexaginta
785 3742 974 3802 libras
1035 3742 1438 3803 denariorum
1499 3762 1841 3821 paruorum
1890 3764 1927 3803 a
1974 3743 2175 3803 modo
2222 3747 2283 3803 in
2330 3753 2519 3804 antea
2565 3754 2949 3821 potestatem
2998 3744 3105 3803 ha-

403 3858 556 3917 beas
602 3855 996 3926 extrahendi‚
1041 3855 1337 3929 habendi,
1383 3856 1662 3928 tenendi,
1724 3855 1938 3928 dandi,
2006 3856 2310 3930 donandi,
2379 3855 2716 3927 vendendi,
2762 3856 3105 3936 obligandi,

401 3989 520 4048 pro
567 3973 780 4030 anima
825 3968 1147 4029 iudicandi
1209 3979 1272 4028 et
1336 3979 1538 4030 totam
1602 3975 1800 4028 tuam‘
1840 3971 2237 4030 uoluntatem
2299 3969 2569 4029 faciendi
2633 3981 2827 4047 atque
2889 3971 2949 4028 in
2999 3983 3105 4028 tua

397 4084 590 4162 plena
638 4086 868 4143 uirtute
913 4092 977 4141 et
1023 4093 1342 4160 potestate
1393 4083 1681 4160 relinquo
1741 4097 1937 4159 atque
2004 4103 2046 4160 p
2096 4130 2350 4141 .....
2413 4093 2475 4142 et
2538 4103 2574 4142 a
2620 4095 2685 4142 te
2731 4100 2843 4160 per
2890 4084 3106 4141 omnia

397 4197 548 4256 foris
595 4196 834 4255 faciens
881 4197 942 4254 in
989 4206 1368 4273 perpetuum
1421 4197 1805 4274 nemineque
1853 4196 1962 4254 tibi
2027 4195 2524 4256 contradicente.
2596 4193 2773 4272 Quas
2842 4194 3102 4272 quidem

402 4310 590 4369 libras
657 4310 988 4388 sexaginta
1032 4307 1308 4368 debeam
1357 4319 1419 4368 et
1466 4318 1685 4368 tenear
1730 4327 1877 4368 cum
1940 4311 2098 4368 meis
2159 4309 2627 4368 successoribus
2687 4308 2797 4368 tibi
2862 4318 2925 4366 et
2986 4308 3109 4368 tuis

405 4421 744 4482 heredibus
789 4431 851 4481 et
898 4421 1364 4481 successoribus
1410 4421 1942 4500 discalumpniare
1988 4435 2051 4482 et
2098 4421 2431 4482 defensare
2494 4422 2577 4481 ab
2625 4422 2800 4481 omni
2848 4421 3108 4480 homine

406 4535 541 4596 illas
585 4535 1061 4613 calumpniante
1121 4552 1309 4612 super
1372 4553 1475 4593 me
1535 4544 1598 4594 et
1661 4537 1876 4594 omnia
1948 4535 2119 4594 bona
2193 4554 2337 4594 mea
2408 4535 2623 4595 habita
2684 4546 2747 4593 et
2810 4531 3108 4592 habenda

404 4651 466 4707 in
515 4648 638 4707 hoc
683 4647 916 4708 seculo
982 4645 1222 4707 Actum
1284 4657 1379 4707 est
1441 4643 1591 4728 hfoc
1636 4643 1722 4728 et]
1787 4647 2237 4708 confirmatum
2306 4666 2524 4707 coram
2582 4646 2676 4705 his
2738 4648 2979 4706 uocatis
3045 4657 3109 4705 et

403 4763 640 4842 rogatis
685 4760 950 4821 testibus
996 4760 1260 4820 scilicet:
1311 4807 1564 4818 .....
1634 4760 1817 4820 Blasii
1879 4773 1944 4821 et
2010 4762 2300 4841 Petrigna
2365 4760 2493 4820 filio
2560 4759 2889 4840 quondam
2942 4759 3108 4819 Vite.

573 4874 717 4954 Ego
763 4871 1158 4953 Grisogonus
1205 4872 1432 4935 Mauro
1477 4876 1879 4934 examinator
1930 4893 2121 4935 manu
2167 4893 2311 4935 mea
2362 4875 2519 4934 misi.

581 5051 873 5122 (Signum
922 5050 1200 5106 notarii).
