3797 5795
1781 387 1866 396 —
1926 351 2194 415 462-

621 543 957 616 firmitatis,
1004 563 1123 605 nec
1169 562 1467 622 processu
1519 544 1825 620 temporis
1869 543 2070 621 possit
2099 560 2212 619 per
2247 543 2626 620 quempiam
2673 544 2974 614 reuocari,
3021 552 3354 620 presentes

630 645 868 716 litteras
914 658 1301 717 contulimus
1346 654 1664 734 dupplicis
1702 654 1883 735 sigilli
1917 656 2112 714 nostri
2159 656 2512 715 munimine
2559 654 2906 716 roboratas
2953 654 3202 716 Datum
3235 673 3354 733 per

630 787 858 828 manus
927 767 1257 829 Laurencii
1330 768 1636 846 prepositi
1702 769 1902 830 sancti
1974 765 2207 827 Yrenei
2255 765 2664 845 Syrimiensis
2724 767 2868 828 aule
2913 779 3131 828 nostre
3179 770 3350 828 vice-

626 881 985 941 cancellarii
1022 881 1229 942 dilecti
1266 892 1330 941 et
1360 879 1565 941 fidelis
1598 883 1814 953 nostri,
1838 899 2010 940 anno
2035 881 2118 940 ab
2144 882 2592 940 incarnacione
2624 881 2868 941 domini
2903 878 3171 944 M⁰CC⁰
3191 879 3352 941 LX⁰

634 1004 887 1068 octau0‚
934 993 1110 1054 XVI.
1158 992 1466 1054 kalendas
1514 994 1740 1072 aprilis,

807 1185 873 1242 [ε
916 1187 1267 1260 orzginalne
1317 1189 1576 1262 potvrde
1635 1186 1843 1261 kragja
1907 1187 2312 1260 Szgt'smunda
2373 1187 2458 1242 od
2505 1187 2651 1260 god.
2715 1188 2892 1242 1396.
2959 1189 3050 1244 10.
3084 1189 3263 1260 juna
3313 1205 3353 1240 u

620 1290 835 1365 prilog
851 1311 871 1346 .·
926 1292 1198 1348 >domini
1243 1291 1561 1358 Johanm's
1604 1291 2053 1366 archiepiscopi
2095 1291 2544 1364 Strigom'ensis
2599 1310 2711 1347 nec
2763 1311 2883 1348 non
2931 1331 3348 1348 .......

634 1393 891 1450 Ni'colae
933 1396 1381 1452 taverntcorum
1429 1405 1492 1451 et
1536 1395 1837 1472 S'teplzam
1898 1397 2238 1452 i'anztorum
2315 1403 2660 1453 nostrorum
2705 1397 3146 1470 magistrorum
3201 1440 3212 1450 .
3269 1441 3284 1453 .
3341 1435 3354 1448 .

836 1499 1168 1573 ‚filmrum
1228 1499 1467 1556 sci'lzcet
1522 1502 1779 1557 condam
1826 1501 2118 1574 magtstri
2163 1499 2481 1565 Jokanms
2525 1501 2602 1556 de
2648 1500 2940 1572 Kanysa‹
3005 1521 3046 1557 u
3093 1500 3188 1556 kr.
3242 1519 3347 1573 ug.

632 1603 762 1658 dri.
811 1601 1033 1660 arkivu
1081 1623 1122 1659 u
1168 1601 1444 1661 Budzmu
1494 1605 1583 1660 M
1642 1604 1712 1663 O.
1762 1605 1844 1661 D.
1892 1604 1966 1660 L.
2015 1624 2112 1661 no.
2167 1607 2289 1658 644
2357 1604 2579 1676 (Stara
2625 1606 2956 1678 signatura
3003 1605 3090 1660 N
3141 1605 3221 1660 R.
3272 1605 3349 1660 A.

636 1707 793 1766 fasc.
850 1709 982 1763 645.
1029 1727 1124 1764 no.
1179 1711 1269 1762 55.
1322 1741 1397 1748 —-
1449 1709 1729 1767 Potvrda
1788 1729 1854 1765 se
1915 1729 1992 1765 ne
2049 1711 2118 1765 c'e
2173 1709 2481 1784 prissopcztt
2511 1710 2626 1782 jer
2684 1729 2762 1764 ne
2821 1710 3019 1784 spada
3068 1728 3154 1764 na
3207 1727 3346 1764 nas.

634 1841 719 1848 -—-
768 1809 1125 1867 lndirektno
1192 1812 1505 1868 sadriana
1574 1831 1688 1869 ova
1756 1813 1973 1869 listina
2021 1832 2062 1870 u
2096 1814 2309 1888 pismu
2376 1831 2528 1869 suca
2597 1813 2878 1885 kraljeva
2953 1812 3212 1878 Jakova
3277 1814 3355 1869 de

638 1914 871 1988 Scepus
913 1914 1161 1990 kaptolu
1206 1915 1641 1990 vesprimskom
1687 1917 1772 1973 od
1800 1919 1945 1990 god.
2006 1919 2182 1972 1374.
2235 1919 2330 1972 24.
2363 1919 2658 1992 januara
2707 1919 2814 1988 (sr.
2863 1919 2951 1974 M.
3013 1918 3084 1976 Ο.
3137 1918 3222 1973 l).
3275 1917 3349 1975 L.

632 2037 729 2074 ne.
787 2022 959 2074 6166.
1026 2021 1215 2077 Stara
1263 2021 1595 2094 signatura
1641 2021 1726 2078 N.
1774 2021 1852 2077 R.
1900 2021 1974 2078 Α.
2019 2025 2183 2092 fasc.
2238 2025 2375 2078 645.
2425 2041 2523 2078 no.
2577 2024 2704 2094 52.)

810 2123 1193 2199 NepotpunO,
1261 2143 1294 2180 s
1358 2125 1490 2181 υἱέε
1554 2122 1946 2200 pogry'es'aka.
2016 2126 2207 2201 Fejer
2273 2125 2418 2184 Cod.
2482 2127 2698 2200 Hung.
2761 2127 2870 2184 IV.
2940 2129 3018 2195 3.‚
3071 2130 3218 2184 462.
3271 2161 3356 2168 ——

654 2229 899 2284 lVenzel
960 2229 1101 2286 Cod.
1162 2230 1310 2304 dipl.
1378 2229 1611 2306 Arpaa'.
1661 2239 1817 2287 cont.
1883 2230 2048 2288 VIII.
2113 2233 2446 2289 193—195.
2513 2241 2612 2306 (po
2681 2236 2892 2287 nez-siem
2957 2233 3218 2298 e‘zvoru).
3279 2267 3352 2275 —

638 2340 1015 2416 Kukuljevic‘
1052 2343 1203 2416 leeg.
1254 2362 1350 2399 κο.
1411 2344 1545 2397 949.

1906 2685 2094 2764 928.

637 2862 839 2941 1268,
885 2861 991 2925 31.
1041 2861 1308 2925 marta.
1356 2859 1415 2925 U
1458 2859 1756 2927 viterbi.

637 3068 967 3131 Klemenl
1009 3068 1057 3129 J
1068 3068 1137 3129 V.
1182 3075 1363 3151 papa
1432 3068 1749 3152 uredjuje
1814 3076 2073 3151 pravne
2135 3067 2386 3152 prz'lz'ke
2452 3068 2618 3130 reda
2676 3090 2770 3130 sv.
2824 3070 3087 3153 Franje
3154 3070 3354 3132 *Male

1891 3180 2095 3244 brafe.

814 3371 1115 3436 Clemens
1160 3376 1495 3453 episcopus
1556 3393 1771 3434 servus
1832 3392 2164 3435 servorum
2213 3373 2314 3433 dei
2361 3373 2607 3434 dilectis
2653 3373 2791 3433 filiis
2838 3371 3008 3436 Cose
3054 3374 3344 3436 Saladini

627 3485 921 3563 ,jadrensi
954 3534 1454 3545 .........
1506 3485 1745 3547 Azonis
1784 3487 2317 3565 Justinapolitano
2363 3496 2426 3546 et
2471 3484 2726 3546 Thome
2775 3485 2982 3545 Basilii
3018 3485 3346 3550 Catarensi

631 3600 880 3661 civibus
942 3598 1209 3659 salutem
1273 3610 1335 3659 et
1380 3600 1806 3678 apostolicam
1867 3599 2401 3659 benedictionem.
2468 3596 2631 3661 Cum
2695 3598 2904 3658 dilecti
2970 3597 3074 3658 filii
3122 3600 3347 3660 fratres

638 3710 923 3773 Minores
980 3732 1063 3773 ex
1124 3712 1529 3789 professionis
1590 3732 1701 3772 sue
1768 3722 1921 3772 voto
1985 3711 2150 3771 adeo
2212 3730 2280 3771 se
2339 3712 2692 3772 voluntarie
2739 3712 3144 3772 submiserint
3189 3731 3344 3790 pau-

635 3800 885 3902 pertati,
930 3834 999 3885 ut
1046 3842 1166 3884 nec
1210 3824 1456 3884 divisim
1506 3843 1623 3885 nec
1670 3827 2100 3885 communiter
2159 3824 2394 3904 aliquid
2453 3826 2691 3903 proprii
2740 3824 2993 3884 valeant
3039 3825 3348 3897 obtinere,

634 3937 754 3996 sed
815 3940 1031 3997 omnia
1098 3955 1223 4015 que
1292 3938 1440 4015 ipsis
1503 3938 1565 3996 in
1631 3938 2052 3998 elemosinam
2123 3946 2480 4019 erogantur,
2526 3956 2637 3997 seu
2682 3937 2835 3997 alias
2903 3956 3124 3997 eorum
3195 3956 3348 3997 con-

576 4062 581 4065 ·
638 4050 1056 4128 templatione
1124 4052 1508 4127 proveniunt
1568 4052 1677 4109 iuri
1739 4060 1804 4109 et
1869 4052 2240 4128 proprietati
2307 4051 2574 4111 ecclesie
2641 4068 2910 4111 romane
2983 4069 3345 4110 accrescere

636 4162 1069 4235 dinoscantur,
1114 4182 1188 4223 ac
1233 4175 1495 4241 propter
1542 4163 1665 4223 hoc
1714 4162 1797 4223 ad
1844 4182 1963 4223 nos
2030 4166 2362 4241 pertineat,
2407 4174 2478 4223 ut
2522 4178 3001 4242 procuratorem
3051 4166 3112 4224 in
3161 4164 3346 4223 bonis

635 4274 999 4337 huiusmodi
1070 4287 1438 4337 statuamus
1508 4276 1647 4336 Nos
1691 4275 1774 4336 de
1827 4274 1958 4336 fida
2026 4285 2234 4337 uestre
2304 4278 2888 4355 circumspectionis
2949 4276 3345 4337 solicitudine

638 4388 896 4466 plenam
958 4389 1257 4450 fiduciam
1306 4390 1686 4462 obtinentes,
1732 4408 1846 4447 vos
1892 4399 1957 4449 et
2003 4390 2356 4468 quemlibet
2403 4391 2466 4449 in
2513 4389 2806 4463 solidum,
2852 4392 2937 4450 ita
2985 4389 3160 4466 quod
3207 4406 3334 4448 non

638 4500 718 4560 sit
750 4502 973 4563 melior
1019 4506 1392 4580 occupantis
1437 4502 1731 4562 condicio
1762 4502 1826 4561 in
1865 4502 2167 4562 omnibus
2205 4503 2391 4562 bonis
2439 4502 2783 4562 mobilibus
2813 4512 2878 4562 et
2909 4500 3345 4561 immobilibus

639 4632 715 4673 ac
760 4632 897 4676 sese
946 4614 1353 4676 moventibus
1398 4615 1609 4675 eidem
1660 4613 1929 4675 ecclesie
1989 4633 2256 4675 romane
2324 4614 2703 4676 dilectorum
2767 4613 3040 4674 filiorum
3088 4660 3341 4673 .....

644 4728 907 4788 ministri
968 4741 1031 4789 et
1076 4729 1341 4789 fratrum
1411 4727 1976 4788 administrationis
2036 4729 2361 4807 provincie
2425 4726 2764 4789 Sclavonie
2824 4726 3343 4804 contemplationi

630 4839 879 4901 collatis
924 4852 985 4901 et
1034 4844 1095 4902 in
1142 4853 1471 4920 posterum
1518 4839 1924 4901 conferendis
1968 4850 2032 4901 et
2078 4843 2394 4915 omnibuS,
2442 4858 2569 4920 que
2615 4842 2678 4900 in
2723 4842 2874 4918 ipsis
2919 4856 3186 4899 romane
3231 4856 3328 4897 ec-

630 4954 829 5015 clesie
873 4956 1156 5032 ipsorum
1206 4956 1436 5015 intuitu
1480 4963 1913 5033 provenerunt
1943 4964 2010 5014 et
2038 4956 2416 5033 provenient
2463 4955 2525 5013 in
2575 4952 2879 5026 futurum,
2909 4961 3343 5031 procuratores

640 5070 1067 5148 negotiorum,
1128 5078 1429 5150 gestores,
1490 5064 1792 5145 syndicos
1860 5068 2301 5127 constituimus
2346 5076 2411 5125 et
2457 5076 2722 5139 actoreS,
2789 5064 3019 5125 dantes
3062 5064 3243 5124 vobis
3283 5072 3340 5122 et
