<?xml version="1.0" encoding="UTF-8"?>
<!DOCTYPE html PUBLIC "-//W3C//DTD XHTML 1.0 Transitional//EN"
    "http://www.w3.org/TR/xhtml1/DTD/xhtml1-transitional.dtd">
<html xmlns="http://www.w3.org/1999/xhtml" xml:lang="en" lang="en">
 <head>
  <title>
</title>
<meta http-equiv="Content-Type" content="text/html;charset=utf-8" />
  <meta name='ocr-system' content='tesseract 3.04.00' />
  <meta name='ocr-capabilities' content='ocr_page ocr_carea ocr_par ocr_line ocrx_word'/>
</head>
<body>
  <div class='ocr_page' id='page_1' title='image "./codexdiplomatic00umjegoog_0250.png"; bbox 0 0 3797 5795; ppageno 0'>
   <div class='ocr_carea' id='block_1_1' title="bbox 1591 418 2002 480">
    <p class='ocr_par' dir='ltr' id='par_1_1' title="bbox 1591 418 2002 480">
     <span class='ocr_line' id='line_1_1' title="bbox 1591 418 2002 480; baseline 0.002 -1"><span class='ocrx_word' id='word_1_1' title='bbox 1591 418 2002 480; x_wconf 80' lang='lat'><strong>—237--</strong></span> 
     </span>
    </p>
   </div>
   <div class='ocr_carea' id='block_1_2' title="bbox 427 608 3161 1254">
    <p class='ocr_par' dir='ltr' id='par_1_2' title="bbox 427 608 3161 1254">
     <span class='ocr_line' id='line_1_2' title="bbox 427 608 3160 689; baseline -0 -22"><span class='ocrx_word' id='word_1_2' title='bbox 427 608 647 672; x_wconf 86' lang='lat' dir='ltr'><strong>suerit</strong></span> <span class='ocrx_word' id='word_1_3' title='bbox 675 630 780 689; x_wconf 88' lang='lat' dir='ltr'><strong>pro</strong></span> <span class='ocrx_word' id='word_1_4' title='bbox 809 608 1093 669; x_wconf 88' lang='lat' dir='ltr'><strong>eiusdem</strong></span> <span class='ocrx_word' id='word_1_5' title='bbox 1140 610 1380 669; x_wconf 86' lang='lat' dir='ltr'><strong>comite</strong></span> <span class='ocrx_word' id='word_1_6' title='bbox 1411 609 1764 683; x_wconf 87' lang='lat' dir='ltr'><strong>consilium,</strong></span> <span class='ocrx_word' id='word_1_7' title='bbox 1810 608 2119 671; x_wconf 84' lang='lat' dir='ltr'><strong>auxilium</strong></span> <span class='ocrx_word' id='word_1_8' title='bbox 2150 620 2213 669; x_wconf 86' lang='lat' dir='ltr'><strong>et</strong></span> <span class='ocrx_word' id='word_1_9' title='bbox 2246 609 2527 669; x_wconf 85' lang='lat' dir='ltr'><strong>favorem</strong></span> <span class='ocrx_word' id='word_1_10' title='bbox 2562 627 2709 669; x_wconf 92' lang='lat' dir='ltr'><strong>cum</strong></span> <span class='ocrx_word' id='word_1_11' title='bbox 2758 610 3160 687; x_wconf 81' lang='lat' dir='ltr'>opportuerit</span> 
     </span>
     <span class='ocr_line' id='line_1_3' title="bbox 427 722 3161 804; baseline -0 -23"><span class='ocrx_word' id='word_1_12' title='bbox 427 723 550 783; x_wconf 86' lang='lat' dir='ltr'><strong>ad</strong></span> <span class='ocrx_word' id='word_1_13' title='bbox 597 722 1197 783; x_wconf 89' lang='lat' dir='ltr'><strong>manutenirnentum</strong></span> <span class='ocrx_word' id='word_1_14' title='bbox 1255 722 1448 800; x_wconf 91' lang='lat' dir='ltr'><strong>ipsius</strong></span> <span class='ocrx_word' id='word_1_15' title='bbox 1509 724 1830 804; x_wconf 87' lang='lat' dir='ltr'><strong>regiminis</strong></span> <span class='ocrx_word' id='word_1_16' title='bbox 1884 722 2221 801; x_wconf 83' lang='lat' dir='ltr'><strong>prebeatiS,</strong></span> <span class='ocrx_word' id='word_1_17' title='bbox 2268 740 2386 782; x_wconf 89' lang='lat' dir='ltr'><strong>nos</strong></span> <span class='ocrx_word' id='word_1_18' title='bbox 2448 722 2624 801; x_wconf 90' lang='lat' dir='ltr'><strong>quod</strong></span> <span class='ocrx_word' id='word_1_19' title='bbox 2672 722 2823 781; x_wconf 89' lang='lat' dir='ltr'><strong>inde</strong></span> <span class='ocrx_word' id='word_1_20' title='bbox 2885 722 3161 782; x_wconf 78' lang='lat' dir='ltr'><strong>feceritis</strong></span> 
     </span>
     <span class='ocr_line' id='line_1_4' title="bbox 427 834 3158 915; baseline -0 -20"><span class='ocrx_word' id='word_1_21' title='bbox 427 845 708 915; x_wconf 84' lang='lat' dir='ltr'><strong>gratum</strong></span> <span class='ocrx_word' id='word_1_22' title='bbox 749 834 1052 896; x_wconf 88' lang='lat' dir='ltr'><strong>habentes</strong></span> <span class='ocrx_word' id='word_1_23' title='bbox 1097 845 1305 895; x_wconf 87' lang='lat' dir='ltr'><strong>vestra</strong></span> <span class='ocrx_word' id='word_1_24' title='bbox 1349 847 1686 896; x_wconf 85' lang='lat' dir='ltr'><strong>teneamus</strong></span> <span class='ocrx_word' id='word_1_25' title='bbox 1729 838 2099 913; x_wconf 83' lang='lat' dir='ltr'><strong>precamina</strong></span> <span class='ocrx_word' id='word_1_26' title='bbox 2144 836 2453 895; x_wconf 90' lang='lat' dir='ltr'><strong>libencius</strong></span> <span class='ocrx_word' id='word_1_27' title='bbox 2499 834 2825 909; x_wconf 85' lang='lat' dir='ltr'><strong>exaudire,</strong></span> <span class='ocrx_word' id='word_1_28' title='bbox 2864 836 3158 907; x_wconf 87' lang='lat' dir='ltr'><strong>scientes,</strong></span> 
     </span>
     <span class='ocr_line' id='line_1_5' title="bbox 430 947 3144 1026; baseline -0.001 -17"><span class='ocrx_word' id='word_1_29' title='bbox 430 949 643 1025; x_wconf 85' lang='lat' dir='ltr'><strong>quod</strong></span> <span class='ocrx_word' id='word_1_30' title='bbox 683 948 910 1013; x_wconf 86' lang='lat' dir='ltr'><strong>Sclavis</strong></span> <span class='ocrx_word' id='word_1_31' title='bbox 952 958 1016 1008; x_wconf 90' lang='lat' dir='ltr'><strong>et</strong></span> <span class='ocrx_word' id='word_1_32' title='bbox 1063 948 1308 1009; x_wconf 89' lang='lat' dir='ltr'><strong>Latinis</strong></span> <span class='ocrx_word' id='word_1_33' title='bbox 1367 948 1536 1009; x_wconf 90' lang='lat' dir='ltr'><strong>dicte</strong></span> <span class='ocrx_word' id='word_1_34' title='bbox 1598 947 1796 1009; x_wconf 87' lang='lat' dir='ltr'><strong>insule</strong></span> <span class='ocrx_word' id='word_1_35' title='bbox 1865 948 2331 1021; x_wconf 81' lang='lat' dir='ltr'><strong>mandauimuS,</strong></span> <span class='ocrx_word' id='word_1_36' title='bbox 2399 959 2467 1008; x_wconf 89' lang='lat' dir='ltr'><strong>ut</strong></span> <span class='ocrx_word' id='word_1_37' title='bbox 2514 947 2758 1008; x_wconf 88' lang='lat' dir='ltr'><strong>dictum</strong></span> <span class='ocrx_word' id='word_1_38' title='bbox 2806 959 2919 1021; x_wconf 87' lang='lat' dir='ltr'><strong>est,</strong></span> <span class='ocrx_word' id='word_1_39' title='bbox 2966 947 3144 1026; x_wconf 91' lang='lat' dir='ltr'><strong>quod</strong></span> 
     </span>
     <span class='ocr_line' id='line_1_6' title="bbox 431 1060 3159 1140; baseline -0.001 -19"><span class='ocrx_word' id='word_1_40' title='bbox 431 1062 674 1122; x_wconf 84' lang='lat' dir='ltr'><strong>eidem</strong></span> <span class='ocrx_word' id='word_1_41' title='bbox 703 1064 758 1122; x_wconf 89' lang='lat' dir='ltr'><strong>in</strong></span> <span class='ocrx_word' id='word_1_42' title='bbox 789 1060 1084 1122; x_wconf 91' lang='lat' dir='ltr'><strong>omnibus</strong></span> <span class='ocrx_word' id='word_1_43' title='bbox 1128 1071 1436 1140; x_wconf 87' lang='lat' dir='ltr'><strong>tanquam</strong></span> <span class='ocrx_word' id='word_1_44' title='bbox 1483 1080 1600 1122; x_wconf 91' lang='lat' dir='ltr'><strong>suo</strong></span> <span class='ocrx_word' id='word_1_45' title='bbox 1645 1063 1864 1121; x_wconf 89' lang='lat' dir='ltr'><strong>comiti</strong></span> <span class='ocrx_word' id='word_1_46' title='bbox 1911 1060 2189 1123; x_wconf 85' lang='lat' dir='ltr'><strong>debeant</strong></span> <span class='ocrx_word' id='word_1_47' title='bbox 2238 1061 2515 1121; x_wconf 90' lang='lat' dir='ltr'><strong>obedire.</strong></span> <span class='ocrx_word' id='word_1_48' title='bbox 2563 1060 2804 1121; x_wconf 90' lang='lat' dir='ltr'><strong>Datum</strong></span> <span class='ocrx_word' id='word_1_49' title='bbox 2839 1062 2902 1120; x_wconf 89' lang='lat' dir='ltr'><strong>in</strong></span> <span class='ocrx_word' id='word_1_50' title='bbox 2936 1070 3159 1120; x_wconf 87' lang='lat' dir='ltr'><strong>nostro</strong></span> 
     </span>
     <span class='ocr_line' id='line_1_7' title="bbox 431 1174 3065 1254; baseline 0 -21"><span class='ocrx_word' id='word_1_51' title='bbox 431 1174 672 1237; x_wconf 89' lang='lat' dir='ltr'><strong>ducali</strong></span> <span class='ocrx_word' id='word_1_52' title='bbox 709 1175 953 1254; x_wconf 81' lang='lat' dir='ltr'><strong>palatIO,</strong></span> <span class='ocrx_word' id='word_1_53' title='bbox 997 1174 1102 1235; x_wconf 91' lang='lat' dir='ltr'><strong>die</strong></span> <span class='ocrx_word' id='word_1_54' title='bbox 1146 1175 1503 1254; x_wconf 89' lang='lat' dir='ltr'><strong>penultimo</strong></span> <span class='ocrx_word' id='word_1_55' title='bbox 1549 1185 1828 1235; x_wconf 88' lang='lat' dir='ltr'><strong>exeunte</strong></span> <span class='ocrx_word' id='word_1_56' title='bbox 1877 1176 2111 1235; x_wconf 85' lang='lat' dir='ltr'><strong>mensis</strong></span> <span class='ocrx_word' id='word_1_57' title='bbox 2157 1174 2541 1247; x_wconf 84' lang='lat' dir='ltr'><strong>novembris,</strong></span> <span class='ocrx_word' id='word_1_58' title='bbox 2589 1174 2938 1233; x_wconf 83' lang='lat' dir='ltr'><strong>indictione</strong></span> <span class='ocrx_word' id='word_1_59' title='bbox 2986 1174 3065 1235; x_wconf 83' lang='lat' dir='ltr'><strong>V.</strong></span> 
     </span>
    </p>
   </div>
   <div class='ocr_carea' id='block_1_3' title="bbox 641 1366 3159 1439">
    <p class='ocr_par' dir='ltr' id='par_1_3' title="bbox 641 1366 3159 1439">
     <span class='ocr_line' id='line_1_8' title="bbox 641 1366 3159 1439; baseline -0 -15"><span class='ocrx_word' id='word_1_60' title='bbox 641 1368 854 1424; x_wconf 81' lang='lat' dir='ltr'><strong>Lucius</strong></span> <span class='ocrx_word' id='word_1_61' title='bbox 901 1367 996 1422; x_wconf 77' lang='lat' dir='ltr'><strong>De</strong></span> <span class='ocrx_word' id='word_1_62' title='bbox 1041 1387 1230 1439; x_wconf 85' lang='lat' dir='ltr'><strong>regno</strong></span> <span class='ocrx_word' id='word_1_63' title='bbox 1276 1367 1642 1424; x_wconf 81' lang='lat' dir='ltr'><strong>Dalmatiae</strong></span> <span class='ocrx_word' id='word_1_64' title='bbox 1688 1377 1794 1425; x_wconf 78' lang='lat' dir='ltr'><strong>etc.</strong></span> <span class='ocrx_word' id='word_1_65' title='bbox 1826 1368 1864 1425; x_wconf 90' lang='lat' dir='ltr'><strong>l.</strong></span> <span class='ocrx_word' id='word_1_66' title='bbox 1898 1369 2011 1425; x_wconf 89' lang='lat' dir='ltr'><strong>IV.</strong></span> <span class='ocrx_word' id='word_1_67' title='bbox 2061 1388 2107 1425; x_wconf 81' lang='lat' dir='ltr'><strong>c,</strong></span> <span class='ocrx_word' id='word_1_68' title='bbox 2160 1372 2210 1425; x_wconf 85' lang='grc'><strong>8.</strong></span> <span class='ocrx_word' id='word_1_69' title='bbox 2262 1372 2393 1422; x_wconf 75' lang='lat'><strong><em>174.</em></strong></span> <span class='ocrx_word' id='word_1_70' title='bbox 2444 1400 2529 1407; x_wconf 94' lang='lat'><strong>—</strong></span> <span class='ocrx_word' id='word_1_71' title='bbox 2576 1366 2809 1423; x_wconf 79' lang='lat' dir='ltr'><strong>Lucius</strong></span> <span class='ocrx_word' id='word_1_72' title='bbox 2856 1368 3159 1424; x_wconf 52' lang='lat' dir='ltr'><strong>sile-morie</strong></span> 
     </span>
    </p>
   </div>
   <div class='ocr_carea' id='block_1_4' title="bbox 433 1472 3165 1649">
    <p class='ocr_par' dir='ltr' id='par_1_4' title="bbox 433 1472 3165 1649">
     <span class='ocr_line' id='line_1_9' title="bbox 433 1472 3165 1548; baseline 0.001 -21"><span class='ocrx_word' id='word_1_73' title='bbox 433 1473 530 1527; x_wconf 78' lang='lat' dir='ltr'><strong>di</strong></span> <span class='ocrx_word' id='word_1_74' title='bbox 601 1472 754 1528; x_wconf 67' lang='lat' dir='ltr'><strong>Traia</strong></span> <span class='ocrx_word' id='word_1_75' title='bbox 809 1474 1068 1528; x_wconf 79' lang='lat'><strong><em>107—8.</em></strong></span> <span class='ocrx_word' id='word_1_76' title='bbox 1137 1506 1210 1514; x_wconf 95' lang='lat'><strong>—</strong></span> <span class='ocrx_word' id='word_1_77' title='bbox 1286 1473 1523 1529; x_wconf 69' lang='lat' dir='ltr'><em>lVenzel</em></span> <span class='ocrx_word' id='word_1_78' title='bbox 1578 1472 1718 1531; x_wconf 83' lang='lat' dir='ltr'><em>Cod.</em></span> <span class='ocrx_word' id='word_1_79' title='bbox 1773 1473 1920 1548; x_wconf 82' lang='lat' dir='ltr'><em>dipl.</em></span> <span class='ocrx_word' id='word_1_80' title='bbox 1970 1473 2202 1548; x_wconf 83' lang='lat' dir='ltr'><strong>Arpad.</strong></span> <span class='ocrx_word' id='word_1_81' title='bbox 2268 1473 2433 1531; x_wconf 85' lang='lat' dir='ltr'><em>VIII.</em></span> <span class='ocrx_word' id='word_1_82' title='bbox 2504 1476 2597 1529; x_wconf 70' lang='lat'><strong>46.</strong></span> <span class='ocrx_word' id='word_1_83' title='bbox 2654 1506 2735 1512; x_wconf 87' lang='lat'><strong>-—</strong></span> <span class='ocrx_word' id='word_1_84' title='bbox 2786 1472 3165 1547; x_wconf 70' lang='lat' dir='ltr'><strong>Kukuljew&#39;c&#39;</strong></span> 
     </span>
     <span class='ocr_line' id='line_1_10' title="bbox 439 1577 928 1649; baseline 0.002 -18"><span class='ocrx_word' id='word_1_85' title='bbox 439 1577 621 1649; x_wconf 66' lang='lat' dir='ltr'><strong>lx&#39;eg.</strong></span> <span class='ocrx_word' id='word_1_86' title='bbox 669 1596 752 1633; x_wconf 78' lang='lat' dir='ltr'><strong>no,</strong></span> <span class='ocrx_word' id='word_1_87' title='bbox 799 1579 928 1632; x_wconf 75' lang='lat'><em>829.</em></span> 
     </span>
    </p>
   </div>
   <div class='ocr_carea' id='block_1_5' title="bbox 437 1866 1914 2121">
    <p class='ocr_par' dir='ltr' id='par_1_5' title="bbox 437 1866 1914 2121">
     <span class='ocr_line' id='line_1_11' title="bbox 1705 1866 1901 1946; baseline -0.026 0"><span class='ocrx_word' id='word_1_88' title='bbox 1705 1866 1901 1946; x_wconf 80' lang='lat'><strong>741.</strong></span> 
     </span>
     <span class='ocr_line' id='line_1_12' title="bbox 437 2040 1914 2121; baseline -0.001 -16"><span class='ocrx_word' id='word_1_89' title='bbox 437 2042 664 2121; x_wconf 83' lang='lat'><strong>1262,</strong></span> <span class='ocrx_word' id='word_1_90' title='bbox 709 2043 804 2108; x_wconf 88' lang='lat'><strong>12.</strong></span> <span class='ocrx_word' id='word_1_91' title='bbox 855 2040 1264 2109; x_wconf 77' lang='lat' dir='ltr'><strong>decembra.</strong></span> <span class='ocrx_word' id='word_1_92' title='bbox 1312 2045 1363 2109; x_wconf 86' lang='lat' dir='ltr'>U</span> <span class='ocrx_word' id='word_1_93' title='bbox 1409 2040 1914 2108; x_wconf 81' lang='lat' dir='ltr'><strong>Dubrovniku.</strong></span> 
     </span>
    </p>
   </div>
   <div class='ocr_carea' id='block_1_6' title="bbox 707 2230 2888 2317">
    <p class='ocr_par' dir='ltr' id='par_1_6' title="bbox 707 2230 2888 2317">
     <span class='ocr_line' id='line_1_13' title="bbox 707 2230 2888 2317; baseline -0.001 -24"><span class='ocrx_word' id='word_1_94' title='bbox 707 2232 930 2294; x_wconf 79' lang='lat' dir='ltr'><strong>Pavao</strong></span> <span class='ocrx_word' id='word_1_95' title='bbox 977 2232 1250 2294; x_wconf 74' lang='lat' dir='ltr'><em>Leonov</em></span> <span class='ocrx_word' id='word_1_96' title='bbox 1290 2230 1602 2317; x_wconf 74' lang='lat' dir='ltr'><strong>prt&#39;zmzje</strong></span> <span class='ocrx_word' id='word_1_97' title='bbox 1645 2254 1716 2294; x_wconf 80' lang='lat' dir='ltr'><strong>se</strong></span> <span class='ocrx_word' id='word_1_98' title='bbox 1762 2230 2129 2295; x_wconf 62' lang='lat' dir='ltr'><strong>daim&#39;kom</strong></span> <span class='ocrx_word' id='word_1_99' title='bbox 2179 2231 2595 2295; x_wconf 69' lang='lat' dir='ltr'><strong>dubrovac&#39;ke</strong></span> <span class='ocrx_word' id='word_1_100' title='bbox 2641 2232 2888 2316; x_wconf 71' lang='lat' dir='ltr'><strong>opc‘z&#39;ue.</strong></span> 
     </span>
    </p>
   </div>
   <div class='ocr_carea' id='block_1_7' title="bbox 443 2423 3161 3860">
    <p class='ocr_par' dir='ltr' id='par_1_7' title="bbox 443 2423 3161 3747">
     <span class='ocr_line' id='line_1_14' title="bbox 637 2423 3156 2506; baseline 0 -22"><span class='ocrx_word' id='word_1_101' title='bbox 637 2423 672 2500; x_wconf 67' lang='grc' dir='ltr'><strong>’ξ-</strong></span> <span class='ocrx_word' id='word_1_102' title='bbox 710 2424 898 2485; x_wconf 88' lang='lat' dir='ltr'><strong>Anno</strong></span> <span class='ocrx_word' id='word_1_103' title='bbox 967 2426 1418 2485; x_wconf 84' lang='lat' dir='ltr'><strong>incarnationis</strong></span> <span class='ocrx_word' id='word_1_104' title='bbox 1493 2424 1736 2485; x_wconf 88' lang='lat' dir='ltr'><strong>domini</strong></span> <span class='ocrx_word' id='word_1_105' title='bbox 1809 2424 2147 2485; x_wconf 86' lang='lat' dir='ltr'><strong>millesimo</strong></span> <span class='ocrx_word' id='word_1_106' title='bbox 2224 2424 2669 2485; x_wconf 88' lang='lat' dir='ltr'><strong>ducentesimo</strong></span> <span class='ocrx_word' id='word_1_107' title='bbox 2746 2428 3156 2506; x_wconf 81' lang='lat' dir='ltr'><strong>sexagesimo</strong></span> 
     </span>
     <span class='ocr_line' id='line_1_15' title="bbox 443 2537 3155 2616; baseline 0 -19"><span class='ocrx_word' id='word_1_108' title='bbox 443 2537 752 2611; x_wconf 81' lang='lat' dir='ltr'><strong>secundO,</strong></span> <span class='ocrx_word' id='word_1_109' title='bbox 813 2540 1050 2598; x_wconf 89' lang='lat' dir='ltr'><strong>mensis</strong></span> <span class='ocrx_word' id='word_1_110' title='bbox 1095 2537 1469 2611; x_wconf 78' lang='lat' dir='ltr'><strong>decembris,</strong></span> <span class='ocrx_word' id='word_1_111' title='bbox 1517 2537 1906 2599; x_wconf 90' lang='lat' dir='ltr'><strong>duodecimo</strong></span> <span class='ocrx_word' id='word_1_112' title='bbox 1961 2537 2064 2597; x_wconf 90' lang='lat' dir='ltr'><strong>die</strong></span> <span class='ocrx_word' id='word_1_113' title='bbox 2111 2539 2401 2611; x_wconf 86' lang='lat' dir='ltr'><strong>intrante,</strong></span> <span class='ocrx_word' id='word_1_114' title='bbox 2448 2540 2510 2597; x_wconf 91' lang='lat' dir='ltr'><strong>in</strong></span> <span class='ocrx_word' id='word_1_115' title='bbox 2556 2540 2873 2616; x_wconf 80' lang='lat' dir='ltr'><strong>presentia</strong></span> <span class='ocrx_word' id='word_1_116' title='bbox 2924 2538 3155 2598; x_wconf 84' lang='lat' dir='ltr'><strong>nobilis</strong></span> 
     </span>
     <span class='ocr_line' id='line_1_16' title="bbox 443 2648 3153 2731; baseline -0 -20"><span class='ocrx_word' id='word_1_117' title='bbox 443 2651 578 2711; x_wconf 89' lang='lat' dir='ltr'><strong>uiri</strong></span> <span class='ocrx_word' id='word_1_118' title='bbox 622 2648 848 2711; x_wconf 89' lang='lat' dir='ltr'><strong>domini</strong></span> <span class='ocrx_word' id='word_1_119' title='bbox 895 2649 1164 2728; x_wconf 82' lang='lat' dir='ltr'><strong>Philippi</strong></span> <span class='ocrx_word' id='word_1_120' title='bbox 1214 2648 1540 2713; x_wconf 86' lang='lat' dir='ltr'><strong>Contarini</strong></span> <span class='ocrx_word' id='word_1_121' title='bbox 1589 2652 1840 2711; x_wconf 86' lang='lat' dir='ltr'><strong>comitis</strong></span> <span class='ocrx_word' id='word_1_122' title='bbox 1886 2650 2142 2731; x_wconf 87' lang='lat' dir='ltr'><strong>Ragusii.</strong></span> <span class='ocrx_word' id='word_1_123' title='bbox 2190 2660 2251 2710; x_wconf 84' lang='lat' dir='ltr'><strong>et</strong></span> <span class='ocrx_word' id='word_1_124' title='bbox 2299 2669 2516 2711; x_wconf 90' lang='lat' dir='ltr'><strong>coram</strong></span> <span class='ocrx_word' id='word_1_125' title='bbox 2549 2651 2735 2710; x_wconf 88' lang='lat' dir='ltr'><strong>uobis</strong></span> <span class='ocrx_word' id='word_1_126' title='bbox 2781 2651 3153 2728; x_wconf 83' lang='lat' dir='ltr'><strong>subscriptis</strong></span> 
     </span>
     <span class='ocr_line' id='line_1_17' title="bbox 445 2761 3156 2845; baseline 0 -22"><span class='ocrx_word' id='word_1_127' title='bbox 445 2764 732 2823; x_wconf 83' lang='lat' dir='ltr'><strong>testibus.</strong></span> <span class='ocrx_word' id='word_1_128' title='bbox 785 2762 924 2845; x_wconf 84' lang='lat' dir='ltr'><strong>Ego</strong></span> <span class='ocrx_word' id='word_1_129' title='bbox 971 2762 1233 2842; x_wconf 90' lang='lat' dir='ltr'><strong>quidem</strong></span> <span class='ocrx_word' id='word_1_130' title='bbox 1299 2764 1528 2824; x_wconf 84' lang='lat' dir='ltr'><strong>Paulus</strong></span> <span class='ocrx_word' id='word_1_131' title='bbox 1574 2763 1735 2824; x_wconf 89' lang='lat' dir='ltr'><strong>filius</strong></span> <span class='ocrx_word' id='word_1_132' title='bbox 1782 2763 2022 2823; x_wconf 89' lang='lat' dir='ltr'><strong>Leonis</strong></span> <span class='ocrx_word' id='word_1_133' title='bbox 2066 2766 2319 2823; x_wconf 86' lang='lat' dir='ltr'><strong>comitis</strong></span> <span class='ocrx_word' id='word_1_134' title='bbox 2364 2761 2573 2824; x_wconf 85' lang='lat' dir='ltr'><strong>Alexii</strong></span> <span class='ocrx_word' id='word_1_135' title='bbox 2623 2763 2949 2833; x_wconf 89' lang='lat' dir='ltr'><strong>confiteor,</strong></span> <span class='ocrx_word' id='word_1_136' title='bbox 2996 2781 3156 2842; x_wconf 87' lang='lat' dir='ltr'><strong>quo-</strong></span> 
     </span>
     <span class='ocr_line' id='line_1_18' title="bbox 449 2876 3157 2958; baseline 0.001 -23"><span class='ocrx_word' id='word_1_137' title='bbox 449 2878 637 2936; x_wconf 87' lang='lat' dir='ltr'><strong>niam</strong></span> <span class='ocrx_word' id='word_1_138' title='bbox 679 2896 860 2956; x_wconf 87' lang='lat' dir='ltr'><strong>super</strong></span> <span class='ocrx_word' id='word_1_139' title='bbox 907 2896 1012 2938; x_wconf 89' lang='lat' dir='ltr'><strong>me</strong></span> <span class='ocrx_word' id='word_1_140' title='bbox 1057 2888 1121 2938; x_wconf 92' lang='lat' dir='ltr'><strong>et</strong></span> <span class='ocrx_word' id='word_1_141' title='bbox 1167 2895 1357 2956; x_wconf 88' lang='lat' dir='ltr'><strong>super</strong></span> <span class='ocrx_word' id='word_1_142' title='bbox 1420 2879 1637 2937; x_wconf 89' lang='lat' dir='ltr'><strong>omnia</strong></span> <span class='ocrx_word' id='word_1_143' title='bbox 1687 2896 1830 2938; x_wconf 88' lang='lat' dir='ltr'><strong>mea</strong></span> <span class='ocrx_word' id='word_1_144' title='bbox 1891 2876 2103 2937; x_wconf 89' lang='lat' dir='ltr'><strong>debeo</strong></span> <span class='ocrx_word' id='word_1_145' title='bbox 2167 2876 2319 2936; x_wconf 88' lang='lat' dir='ltr'><strong>dare</strong></span> <span class='ocrx_word' id='word_1_146' title='bbox 2382 2886 2639 2938; x_wconf 87' lang='lat' dir='ltr'><strong>centurn</strong></span> <span class='ocrx_word' id='word_1_147' title='bbox 2692 2879 3157 2958; x_wconf 84' lang='lat' dir='ltr'><strong>quinquaginta</strong></span> 
     </span>
     <span class='ocr_line' id='line_1_19' title="bbox 447 2991 3157 3072; baseline 0 -24"><span class='ocrx_word' id='word_1_148' title='bbox 447 2999 749 3068; x_wconf 83' lang='lat' dir='ltr'><strong>quattuor</strong></span> <span class='ocrx_word' id='word_1_149' title='bbox 777 2991 1014 3051; x_wconf 86' lang='lat' dir='ltr'><strong>solidos</strong></span> <span class='ocrx_word' id='word_1_150' title='bbox 1046 2991 1452 3052; x_wconf 82' lang='lat' dir='ltr'><strong>denariorum</strong></span> <span class='ocrx_word' id='word_1_151' title='bbox 1499 3009 1863 3072; x_wconf 86' lang='lat' dir='ltr'><strong>grossorum</strong></span> <span class='ocrx_word' id='word_1_152' title='bbox 1911 2992 2172 3051; x_wconf 90' lang='lat' dir='ltr'><strong>comuni</strong></span> <span class='ocrx_word' id='word_1_153' title='bbox 2221 2991 2481 3072; x_wconf 88' lang='lat' dir='ltr'><strong>Ragusii</strong></span> <span class='ocrx_word' id='word_1_154' title='bbox 2530 3010 2729 3070; x_wconf 86' lang='lat' dir='ltr'><strong>usque</strong></span> <span class='ocrx_word' id='word_1_155' title='bbox 2762 2991 2845 3050; x_wconf 89' lang='lat' dir='ltr'><strong>ad</strong></span> <span class='ocrx_word' id='word_1_156' title='bbox 2876 2991 3157 3068; x_wconf 88' lang='lat' dir='ltr'><strong>primum</strong></span> 
     </span>
     <span class='ocr_line' id='line_1_20' title="bbox 449 3103 3161 3182; baseline -0 -20"><span class='ocrx_word' id='word_1_157' title='bbox 449 3115 786 3164; x_wconf 88' lang='lat' dir='ltr'><strong>uenturum</strong></span> <span class='ocrx_word' id='word_1_158' title='bbox 831 3105 1060 3165; x_wconf 88' lang='lat' dir='ltr'><strong>festum</strong></span> <span class='ocrx_word' id='word_1_159' title='bbox 1107 3107 1304 3165; x_wconf 87' lang='lat' dir='ltr'><strong>sancti</strong></span> <span class='ocrx_word' id='word_1_160' title='bbox 1356 3104 1685 3165; x_wconf 85' lang='lat' dir='ltr'><strong>Michaelis</strong></span> <span class='ocrx_word' id='word_1_161' title='bbox 1745 3104 1826 3164; x_wconf 92' lang='lat' dir='ltr'><strong>de</strong></span> <span class='ocrx_word' id='word_1_162' title='bbox 1873 3104 2238 3182; x_wconf 88' lang='lat' dir='ltr'><strong>septembri,</strong></span> <span class='ocrx_word' id='word_1_163' title='bbox 2299 3106 2347 3164; x_wconf 90' lang='lat' dir='ltr'><strong>si</strong></span> <span class='ocrx_word' id='word_1_164' title='bbox 2412 3115 2627 3164; x_wconf 81' lang='lat' dir='ltr'><strong>autem</strong></span> <span class='ocrx_word' id='word_1_165' title='bbox 2688 3103 2850 3163; x_wconf 81' lang='lat' dir='ltr'><strong>ultra</strong></span> <span class='ocrx_word' id='word_1_166' title='bbox 2915 3104 3161 3166; x_wconf 86' lang='lat' dir='ltr'><strong>dictum</strong></span> 
     </span>
     <span class='ocr_line' id='line_1_21' title="bbox 452 3216 3157 3290; baseline 0.001 -16"><span class='ocrx_word' id='word_1_167' title='bbox 452 3219 787 3277; x_wconf 86' lang='lat' dir='ltr'><strong>terminum</strong></span> <span class='ocrx_word' id='word_1_168' title='bbox 847 3227 1114 3278; x_wconf 88' lang='lat' dir='ltr'><strong>tenuero</strong></span> <span class='ocrx_word' id='word_1_169' title='bbox 1182 3217 1388 3278; x_wconf 87' lang='lat' dir='ltr'><strong>dictos</strong></span> <span class='ocrx_word' id='word_1_170' title='bbox 1449 3217 1690 3277; x_wconf 87' lang='lat' dir='ltr'><strong>solidos</strong></span> <span class='ocrx_word' id='word_1_171' title='bbox 1735 3238 1772 3277; x_wconf 89' lang='lat' dir='ltr'><strong>a</strong></span> <span class='ocrx_word' id='word_1_172' title='bbox 1816 3217 1992 3278; x_wconf 91' lang='lat' dir='ltr'><strong>dicto</strong></span> <span class='ocrx_word' id='word_1_173' title='bbox 2055 3219 2329 3278; x_wconf 89' lang='lat' dir='ltr'><strong>termino</strong></span> <span class='ocrx_word' id='word_1_174' title='bbox 2385 3220 2447 3277; x_wconf 90' lang='lat' dir='ltr'><strong>in</strong></span> <span class='ocrx_word' id='word_1_175' title='bbox 2504 3230 2710 3290; x_wconf 86' lang='lat' dir='ltr'><strong>antea,</strong></span> <span class='ocrx_word' id='word_1_176' title='bbox 2772 3218 2923 3277; x_wconf 90' lang='lat' dir='ltr'><strong>dicti</strong></span> <span class='ocrx_word' id='word_1_177' title='bbox 2973 3216 3157 3277; x_wconf 89' lang='lat' dir='ltr'><strong>solidi</strong></span> 
     </span>
     <span class='ocr_line' id='line_1_22' title="bbox 451 3329 3158 3410; baseline 0 -22"><span class='ocrx_word' id='word_1_178' title='bbox 451 3329 590 3388; x_wconf 80' lang='lat' dir='ltr'><strong>sint</strong></span> <span class='ocrx_word' id='word_1_179' title='bbox 630 3331 686 3388; x_wconf 89' lang='lat' dir='ltr'><strong>in</strong></span> <span class='ocrx_word' id='word_1_180' title='bbox 730 3349 890 3408; x_wconf 86' lang='lat' dir='ltr'><strong>pena</strong></span> <span class='ocrx_word' id='word_1_181' title='bbox 936 3330 1019 3391; x_wconf 92' lang='lat' dir='ltr'><strong>de</strong></span> <span class='ocrx_word' id='word_1_182' title='bbox 1065 3332 1349 3409; x_wconf 89' lang='lat' dir='ltr'><strong>quinque</strong></span> <span class='ocrx_word' id='word_1_183' title='bbox 1382 3331 1444 3390; x_wconf 92' lang='lat' dir='ltr'><strong>in</strong></span> <span class='ocrx_word' id='word_1_184' title='bbox 1476 3349 1592 3390; x_wconf 87' lang='lat' dir='ltr'><strong>sex</strong></span> <span class='ocrx_word' id='word_1_185' title='bbox 1626 3348 1738 3408; x_wconf 86' lang='lat' dir='ltr'><strong>per</strong></span> <span class='ocrx_word' id='word_1_186' title='bbox 1768 3349 2027 3402; x_wconf 89' lang='lat' dir='ltr'><strong>annum,</strong></span> <span class='ocrx_word' id='word_1_187' title='bbox 2059 3330 2413 3390; x_wconf 86' lang='lat' dir='ltr'><strong>secundum</strong></span> <span class='ocrx_word' id='word_1_188' title='bbox 2462 3330 2639 3410; x_wconf 86' lang='lat' dir='ltr'><strong>quod</strong></span> <span class='ocrx_word' id='word_1_189' title='bbox 2686 3341 2953 3391; x_wconf 83' lang='lat' dir='ltr'><strong>tenuero</strong></span> <span class='ocrx_word' id='word_1_190' title='bbox 3000 3329 3158 3389; x_wconf 72' lang='lat' dir='ltr'><strong>illos</strong></span> 
     </span>
     <span class='ocr_line' id='line_1_23' title="bbox 453 3440 3159 3522; baseline 0 -22"><span class='ocrx_word' id='word_1_191' title='bbox 453 3440 611 3501; x_wconf 90' lang='lat' dir='ltr'><strong>Hec</strong></span> <span class='ocrx_word' id='word_1_192' title='bbox 649 3453 850 3504; x_wconf 87' lang='lat' dir='ltr'><strong>autem</strong></span> <span class='ocrx_word' id='word_1_193' title='bbox 880 3455 1056 3504; x_wconf 87' lang='lat' dir='ltr'><strong>carta</strong></span> <span class='ocrx_word' id='word_1_194' title='bbox 1087 3442 1263 3504; x_wconf 82' lang='lat' dir='ltr'><strong>nullo</strong></span> <span class='ocrx_word' id='word_1_195' title='bbox 1309 3443 1682 3504; x_wconf 87' lang='lat' dir='ltr'><strong>testimonio</strong></span> <span class='ocrx_word' id='word_1_196' title='bbox 1729 3443 1936 3522; x_wconf 89' lang='lat' dir='ltr'><strong>rumpi</strong></span> <span class='ocrx_word' id='word_1_197' title='bbox 1968 3445 2183 3522; x_wconf 87' lang='lat' dir='ltr'><strong>possit.</strong></span> <span class='ocrx_word' id='word_1_198' title='bbox 2235 3442 2341 3503; x_wconf 90' lang='lat' dir='ltr'><strong>Hii</strong></span> <span class='ocrx_word' id='word_1_199' title='bbox 2388 3454 2535 3504; x_wconf 88' lang='lat' dir='ltr'><strong>sunt</strong></span> <span class='ocrx_word' id='word_1_200' title='bbox 2582 3454 2805 3504; x_wconf 87' lang='lat' dir='ltr'><strong>testes:</strong></span> <span class='ocrx_word' id='word_1_201' title='bbox 2854 3443 3159 3504; x_wconf 83' lang='lat' dir='ltr'><strong>Dabrana</strong></span> 
     </span>
     <span class='ocr_line' id='line_1_24' title="bbox 455 3554 3158 3635; baseline -0.001 -20"><span class='ocrx_word' id='word_1_202' title='bbox 455 3554 816 3634; x_wconf 87' lang='lat' dir='ltr'><strong>Lampridii‚</strong></span> <span class='ocrx_word' id='word_1_203' title='bbox 879 3557 1153 3620; x_wconf 85' lang='lat' dir='ltr'><strong>Michael</strong></span> <span class='ocrx_word' id='word_1_204' title='bbox 1215 3558 1458 3618; x_wconf 89' lang='lat' dir='ltr'><strong>Pezane</strong></span> <span class='ocrx_word' id='word_1_205' title='bbox 1519 3568 1582 3618; x_wconf 88' lang='lat' dir='ltr'><strong>et</strong></span> <span class='ocrx_word' id='word_1_206' title='bbox 1645 3555 1975 3617; x_wconf 87' lang='lat' dir='ltr'><strong>Dimitrius</strong></span> <span class='ocrx_word' id='word_1_207' title='bbox 2045 3555 2268 3617; x_wconf 88' lang='lat' dir='ltr'><strong>Mentii</strong></span> <span class='ocrx_word' id='word_1_208' title='bbox 2357 3558 2538 3618; x_wconf 86' lang='lat' dir='ltr'><strong>iurati</strong></span> <span class='ocrx_word' id='word_1_209' title='bbox 2600 3557 2855 3617; x_wconf 77' lang='lat' dir='ltr'><strong>iudices</strong></span> <span class='ocrx_word' id='word_1_210' title='bbox 2905 3556 2987 3616; x_wconf 78' lang='lat' dir='ltr'><strong>Et</strong></span> <span class='ocrx_word' id='word_1_211' title='bbox 3034 3572 3158 3635; x_wconf 81' lang='lat' dir='ltr'><strong>ego</strong></span> 
     </span>
     <span class='ocr_line' id='line_1_25' title="bbox 449 3669 3013 3747; baseline 0 -21"><span class='ocrx_word' id='word_1_212' title='bbox 449 3669 782 3747; x_wconf 87' lang='lat' dir='ltr'><strong>presbyter</strong></span> <span class='ocrx_word' id='word_1_213' title='bbox 827 3671 1098 3732; x_wconf 86' lang='lat' dir='ltr'><strong>Pascalis</strong></span> <span class='ocrx_word' id='word_1_214' title='bbox 1143 3682 1207 3732; x_wconf 90' lang='lat' dir='ltr'><strong>et</strong></span> <span class='ocrx_word' id='word_1_215' title='bbox 1253 3672 1545 3732; x_wconf 87' lang='lat' dir='ltr'><strong>comunis</strong></span> <span class='ocrx_word' id='word_1_216' title='bbox 1593 3671 1876 3730; x_wconf 88' lang='lat' dir='ltr'><strong>notarius</strong></span> <span class='ocrx_word' id='word_1_217' title='bbox 1922 3671 2160 3729; x_wconf 87' lang='lat' dir='ltr'><strong>iuratus</strong></span> <span class='ocrx_word' id='word_1_218' title='bbox 2206 3672 2475 3747; x_wconf 84' lang='lat' dir='ltr'><strong>scriptor</strong></span> <span class='ocrx_word' id='word_1_219' title='bbox 2520 3688 2661 3730; x_wconf 90' lang='lat' dir='ltr'><strong>sum</strong></span> <span class='ocrx_word' id='word_1_220' title='bbox 2710 3679 2773 3729; x_wconf 92' lang='lat' dir='ltr'><strong>et</strong></span> <span class='ocrx_word' id='word_1_221' title='bbox 2821 3670 3013 3728; x_wconf 66' lang='lat' dir='ltr'><strong>testis</strong></span> 
     </span>
    </p>

    <p class='ocr_par' dir='ltr' id='par_1_8' title="bbox 641 3785 1255 3860">
     <span class='ocr_line' id='line_1_26' title="bbox 641 3785 1255 3860; baseline -0.005 -14"><span class='ocrx_word' id='word_1_222' title='bbox 641 3785 918 3860; x_wconf 74' lang='lat' dir='ltr'><strong>(Signum</strong></span> <span class='ocrx_word' id='word_1_223' title='bbox 967 3786 1255 3858; x_wconf 83' lang='lat' dir='ltr'><strong>notarii.)</strong></span> 
     </span>
    </p>
   </div>
   <div class='ocr_carea' id='block_1_8' title="bbox 649 3974 2529 4051">
    <p class='ocr_par' dir='ltr' id='par_1_9' title="bbox 649 3974 2529 4051">
     <span class='ocr_line' id='line_1_27' title="bbox 649 3974 2529 4051; baseline -0.001 -19"><span class='ocrx_word' id='word_1_224' title='bbox 649 3975 930 4051; x_wconf 49' lang='lat' dir='ltr'><strong>Ortssgae&#39;nal</strong></span> <span class='ocrx_word' id='word_1_225' title='bbox 969 3997 1010 4033; x_wconf 90' lang='lat' dir='ltr'><em>u</em></span> <span class='ocrx_word' id='word_1_226' title='bbox 1057 3975 1504 4033; x_wconf 68' lang='lat' dir='ltr'><strong>dubrovad&#39;kom</strong></span> <span class='ocrx_word' id='word_1_227' title='bbox 1551 3975 1794 4032; x_wconf 82' lang='lat' dir='ltr'><strong>arkivu.</strong></span> <span class='ocrx_word' id='word_1_228' title='bbox 1846 3975 2077 4032; x_wconf 72' lang='lat' dir='ltr'><strong>Zbirka</strong></span> <span class='ocrx_word' id='word_1_229' title='bbox 2126 3977 2301 4032; x_wconf 65' lang='lat' dir='ltr'><strong>Saea</strong></span> <span class='ocrx_word' id='word_1_230' title='bbox 2350 3974 2529 4031; x_wconf 78' lang='lat' dir='ltr'><em>XIII.</em></span> 
     </span>
    </p>
   </div>
   <div class='ocr_carea' id='block_1_9' title="bbox 461 4345 1896 4598">
    <p class='ocr_par' dir='ltr' id='par_1_10' title="bbox 461 4345 1896 4598">
     <span class='ocr_line' id='line_1_28' title="bbox 1706 4345 1896 4423; baseline -0.021 0"><span class='ocrx_word' id='word_1_231' title='bbox 1706 4345 1896 4423; x_wconf 83' lang='lat'><strong>742.</strong></span> 
     </span>
     <span class='ocr_line' id='line_1_29' title="bbox 461 4518 1866 4598; baseline -0.004 -13"><span class='ocrx_word' id='word_1_232' title='bbox 461 4521 649 4598; x_wconf 86' lang='lat'><strong>1262,</strong></span> <span class='ocrx_word' id='word_1_233' title='bbox 690 4523 792 4588; x_wconf 86' lang='lat'><strong>13.</strong></span> <span class='ocrx_word' id='word_1_234' title='bbox 842 4518 1251 4587; x_wconf 81' lang='lat' dir='ltr'><strong>decembra.</strong></span> <span class='ocrx_word' id='word_1_235' title='bbox 1299 4518 1358 4586; x_wconf 91' lang='lat' dir='ltr'><strong>U</strong></span> <span class='ocrx_word' id='word_1_236' title='bbox 1407 4518 1866 4585; x_wconf 78' lang='lat' dir='ltr'><strong>Gittavechii.</strong></span> 
     </span>
    </p>
   </div>
   <div class='ocr_carea' id='block_1_10' title="bbox 478 4701 3159 4907">
    <p class='ocr_par' dir='ltr' id='par_1_11' title="bbox 478 4701 3159 4907">
     <span class='ocr_line' id='line_1_30' title="bbox 478 4701 3159 4796; baseline -0 -26"><span class='ocrx_word' id='word_1_237' title='bbox 478 4711 692 4774; x_wconf 70' lang='lat' dir='ltr'><strong>(frban</strong></span> <span class='ocrx_word' id='word_1_238' title='bbox 743 4711 788 4772; x_wconf 87' lang='lat' dir='ltr'><em>J</em></span> <span class='ocrx_word' id='word_1_239' title='bbox 801 4711 870 4773; x_wconf 83' lang='lat' dir='ltr'><strong>V.</strong></span> <span class='ocrx_word' id='word_1_240' title='bbox 915 4717 1093 4796; x_wconf 72' lang='lat' dir='ltr'><strong>papa</strong></span> <span class='ocrx_word' id='word_1_241' title='bbox 1150 4708 1584 4792; x_wconf 76' lang='lat' dir='ltr'><strong>nadbz&#39;skupu</strong></span> <span class='ocrx_word' id='word_1_242' title='bbox 1655 4708 1997 4771; x_wconf 71' lang='lat' dir='ltr'><strong>kaloc&#39;kom</strong></span> <span class='ocrx_word' id='word_1_243' title='bbox 2047 4707 2219 4768; x_wconf 80' lang='lat' dir='ltr'><strong>neka</strong></span> <span class='ocrx_word' id='word_1_244' title='bbox 2256 4703 2483 4789; x_wconf 70' lang='lat' dir='ltr'><strong>primi</strong></span> <span class='ocrx_word' id='word_1_245' title='bbox 2521 4705 2806 4768; x_wconf 79' lang='lat' dir='ltr'><strong>oslavku</strong></span> <span class='ocrx_word' id='word_1_246' title='bbox 2870 4701 3159 4788; x_wconf 67' lang='lat' dir='ltr'><strong>biskupa</strong></span> 
     </span>
     <span class='ocr_line' id='line_1_31' title="bbox 711 4818 2879 4907; baseline -0.003 -20"><span class='ocrx_word' id='word_1_247' title='bbox 711 4822 1158 4907; x_wconf 58' lang='lat' dir='ltr'><strong>srq&#39;jemskoga</strong></span> <span class='ocrx_word' id='word_1_248' title='bbox 1206 4819 1240 4883; x_wconf 81' lang='grc' dir='ltr'><strong>ι’</strong></span> <span class='ocrx_word' id='word_1_249' title='bbox 1279 4823 1452 4884; x_wconf 80' lang='lat' dir='ltr'><strong>neka</strong></span> <span class='ocrx_word' id='word_1_250' title='bbox 1500 4819 1764 4886; x_wconf 75' lang='lat' dir='ltr'><strong>dozvoli</strong></span> <span class='ocrx_word' id='word_1_251' title='bbox 1804 4821 1892 4882; x_wconf 79' lang='lat' dir='ltr'><strong>da</strong></span> <span class='ocrx_word' id='word_1_252' title='bbox 1938 4818 2137 4904; x_wconf 75' lang='lat' dir='ltr'><strong>stupz&#39;</strong></span> <span class='ocrx_word' id='word_1_253' title='bbox 2176 4840 2221 4881; x_wconf 85' lang='lat' dir='ltr'><em>u</em></span> <span class='ocrx_word' id='word_1_254' title='bbox 2271 4819 2391 4882; x_wconf 82' lang='lat' dir='ltr'><strong>red</strong></span> <span class='ocrx_word' id='word_1_255' title='bbox 2436 4819 2627 4881; x_wconf 63' lang='grc' dir='ltr'><strong>ΔΜανῖε</strong></span> <span class='ocrx_word' id='word_1_256' title='bbox 2674 4819 2879 4881; x_wconf 71' lang='grc' dir='ltr'><em>ὂναέε.</em></span> 
     </span>
    </p>
   </div>
   <div class='ocr_carea' id='block_1_11' title="bbox 457 5009 3158 5210">
    <p class='ocr_par' dir='ltr' id='par_1_12' title="bbox 457 5009 3158 5210">
     <span class='ocr_line' id='line_1_32' title="bbox 629 5009 3157 5095; baseline -0.003 -16"><span class='ocrx_word' id='word_1_257' title='bbox 629 5018 923 5080; x_wconf 88' lang='lat' dir='ltr'><strong>Urbanus</strong></span> <span class='ocrx_word' id='word_1_258' title='bbox 967 5017 1306 5095; x_wconf 85' lang='lat' dir='ltr'><strong>episcopus</strong></span> <span class='ocrx_word' id='word_1_259' title='bbox 1349 5033 1566 5074; x_wconf 86' lang='lat' dir='ltr'><strong>servus</strong></span> <span class='ocrx_word' id='word_1_260' title='bbox 1611 5031 1939 5075; x_wconf 88' lang='lat' dir='ltr'><strong>servorum</strong></span> <span class='ocrx_word' id='word_1_261' title='bbox 1986 5012 2091 5073; x_wconf 87' lang='lat' dir='ltr'><strong>dei</strong></span> <span class='ocrx_word' id='word_1_262' title='bbox 2134 5012 2475 5072; x_wconf 86' lang='lat' dir='ltr'><strong>venerabili</strong></span> <span class='ocrx_word' id='word_1_263' title='bbox 2524 5011 2696 5072; x_wconf 88' lang='lat' dir='ltr'><strong>fratri</strong></span> <span class='ocrx_word' id='word_1_264' title='bbox 2745 5009 3157 5093; x_wconf 84' lang='lat' dir='ltr'><strong>(Smaragdo)</strong></span> 
     </span>
     <span class='ocr_line' id='line_1_33' title="bbox 457 5124 3158 5210; baseline -0.003 -19"><span class='ocrx_word' id='word_1_265' title='bbox 457 5131 924 5210; x_wconf 86' lang='lat' dir='ltr'><strong>archiepiscopo</strong></span> <span class='ocrx_word' id='word_1_266' title='bbox 957 5127 1294 5192; x_wconf 87' lang='lat' dir='ltr'><strong>Colocensi</strong></span> <span class='ocrx_word' id='word_1_267' title='bbox 1333 5127 1605 5188; x_wconf 87' lang='lat' dir='ltr'><strong>salutem</strong></span> <span class='ocrx_word' id='word_1_268' title='bbox 1635 5138 1699 5188; x_wconf 91' lang='lat' dir='ltr'><strong>et</strong></span> <span class='ocrx_word' id='word_1_269' title='bbox 1729 5126 2155 5205; x_wconf 89' lang='lat' dir='ltr'><strong>apostolicam</strong></span> <span class='ocrx_word' id='word_1_270' title='bbox 2186 5125 2719 5186; x_wconf 88' lang='lat' dir='ltr'><strong>benedictionem.</strong></span> <span class='ocrx_word' id='word_1_271' title='bbox 2769 5124 3158 5206; x_wconf 76' lang='lat' dir='ltr'><strong>Significavit</strong></span> 
     </span>
    </p>
   </div>
  </div>
 </body>
</html>
