3797 5795
1796 381 1881 395 —-
1941 346 2210 411 524—

652 530 947 594 Matheus
991 534 1243 595 Veresti
1312 536 1548 597 iuratus
1592 536 1803 597 iudex.
1852 535 1934 597 Et
1980 556 2105 619 ego
2173 540 2509 618 presbyter
2576 540 2796 602 Petrus
2864 554 2929 603 et
2995 545 3366 605 communis

650 646 932 707 notarius
979 648 1214 708 iuratus
1258 651 1527 727 scriptor
1571 668 1713 711 sum
1760 659 1826 710 et
1872 652 2064 713 testis.

830 770 1128 845 (Signum
1174 770 1409 848 notar.)

839 960 1137 1035 Ortjginal
1176 982 1217 1019 u
1263 962 1708 1027 dubrovaffkom
1755 965 1980 1023 arkz'vu
2003 986 2028 1033 ,·
2073 968 2266 1026 iznad
2307 966 2504 1025 teksta
2540 969 2828 1045 pismena
2864 979 3230 1047 prerezana.
3273 1004 3370 1013 —

656 1064 886 1123 Zbirka
934 1066 1110 1123 Saec,
1159 1066 1340 1126 XIII.

1920 1361 2109 1441 986.

657 1552 860 1631 1270,
904 1551 1005 1621 11.
1046 1550 1387 1633 januam..
1434 1552 1493 1617 U
1536 1552 1796 1619 Zadru.
1909 1614 1917 1617 ,
2009 1614 2012 1617 ,

660 1740 831 1826 llzja
878 1740 1158 1804 Rubeus
1202 1742 1317 1807 sin
1368 1742 1671 1807 Stankov
1732 1742 1954 1827 z‘zdaje
2015 1744 2293 1810 namiru
2364 1745 2592 1810 Grubi
2643 1748 2738 1811 od
2777 1746 3014 1811 Rz‘tese
3058 1769 3137 1812 za
3185 1748 3383 1813 deset

780 1855 1059 1933 dukata,
1108 1861 1215 1919 S‘to
1262 1854 1334 1919 ih
1363 1856 1446 1942 je
1491 1858 1656 1943 ovaj
1684 1855 1909 1943 plotio
1953 1880 2002 1921 u
2048 1857 2180 1922 ime
2227 1861 2412 1945 daga
2458 1861 2550 1922 od
2589 1860 2918 1925 letrdeset
2956 1861 3243 1925 dukata.

838 2047 912 2110 In
960 2049 1223 2109 nomine
1269 2048 1512 2110 domini
1559 2068 1765 2111 amen.
1826 2048 2026 2111 Anno
2075 2053 2525 2113 incarnationis
2569 2054 2705 2114 eius
2751 2052 3088 2114 millesimo
3133 2053 3384 2114 ducen—

661 2164 896 2223 tesimo
942 2164 1349 2244 sexagesimo
1382 2181 1574 2238 nono,
1606 2166 1842 2224 mensis
1873 2166 2152 2237 ianuarii,
2184 2164 2288 2225 die
2319 2165 2658 2226 vndecima
2698 2175 2994 2240 exeunte,
3026 2162 3386 2226 indictione

663 2276 848 2336 tertia
909 2274 1177 2349 decima,
1216 2273 1463 2355 Jadere,
1530 2277 1930 2355 temporibus
1997 2277 2296 2355 equidem
2359 2278 2605 2338 domini
2663 2276 2988 2340 Laurentii
3056 2277 3384 2357 Theupoli

667 2387 863 2448 incliti
932 2387 1110 2449 ducis
1171 2389 1448 2450 Venetie
1511 2398 1576 2449 et
1635 2391 1915 2470 magistri
1987 2389 2312 2451 Laurentii
2381 2390 2758 2452 venerabilis
2811 2389 3132 2471 Jadrensis
3177 2390 3386 2450 archi-

668 2503 970 2580 episcopi,
1037 2520 1113 2561 ac
1181 2500 1425 2562 domini
1486 2501 1861 2565 Thomasini
1918 2500 2300 2586 Justin(iani)
2364 2505 2598 2585 egregii
2659 2504 2914 2565 comitis
2987 2504 3251 2583 plenam
3322 2513 3387 2563 et

669 2610 1205 2697 irr(euocabilem)
1281 2616 1684 2676 securitatem
1760 2614 1923 2677 facio
2000 2635 2121 2698 ego
2199 2635 2477 2697 namque
2553 2616 2799 2695 Helyas
2873 2617 3135 2678 Rubeus
3215 2614 3385 2676 filius

674 2727 1005 2806 quondam
1067 2727 1283 2805 Stanci
1347 2728 1668 2789 habitator
1720 2728 1951 2810 Jadere
1996 2749 2144 2791 cum
2190 2730 2530 2791 heredibus
2577 2741 2639 2791 et
2685 2728 3156 2791 successoribus
3219 2728 3385 2789 meis

669 2840 785 2901 tibi
830 2841 1092 2922 quidem
1154 2838 1376 2904 Grube
1420 2842 1504 2904 de
1550 2843 1766 2905 Ritesa
1827 2842 2166 2906 habitatori
2224 2843 2552 2925 Jaderensi
2609 2845 2864 2924 tuisque
2925 2840 3272 2904 heredibus
3318 2852 3382 2902 et

671 2956 1140 3016 successoribus
1187 2954 1269 3016 de
1313 2955 1511 3018 soldis
1571 2957 1847 3019 Venetie
1906 2959 2141 3040 grossis
2201 2958 2446 3032 decern,
2493 2976 2656 3036 quos
2725 2956 2878 3017 mihi
2923 2957 3091 3016 bene
3135 2965 3199 3016 et
3248 2953 3385 3034 ple-

671 3069 843 3128 narie
890 3067 1120 3130 dedisti
1151 3078 1216 3129 et
1245 3070 1604 3148 persoluisti
1650 3089 1768 3150 pro
1814 3088 1988 3132 anno
2033 3072 2310 3150 presenti
2340 3073 2406 3132 in
2439 3073 2752 3132 rationem
2802 3068 3134 3131 cuiusdam
3178 3067 3386 3128 debiti

671 3179 1005 3241 soldorum
1054 3181 1331 3243 Venetie
1376 3201 1745 3264 grossorum
1794 3183 2245 3266 quadraginta3
2292 3202 2463 3244 nunc
2494 3193 2728 3257 autem,
2760 3181 3024 3263 quando
3070 3192 3138 3241 tu
3170 3178 3385 3241 dictus

673 3290 895 3354 Grube
963 3294 1169 3356 dictos
1236 3295 1457 3357 soldos
1522 3315 1779 3379 grossos
1848 3297 2001 3359 mihi
2067 3296 2422 3376 persoluisti
2469 3305 2534 3358 et
2579 3295 2809 3358 dedisti
2872 3296 3116 3373 absque
3161 3293 3383 3372 aliquo

675 3405 933 3467 defectu
978 3408 1081 3481 ita,
1129 3408 1306 3488 quod
1352 3408 1541 3471 nichil
1587 3429 1673 3471 ex
1718 3411 1807 3471 eis
1850 3412 2173 3484 remansit,
2227 3410 2471 3471 amodo
2537 3412 2724 3492 igitur
2768 3412 2830 3468 in
2878 3418 3068 3468 antea
3114 3416 3183 3467 tu
3231 3423 3386 3466 cum

675 3516 1016 3581 heredibus
1061 3532 1124 3582 et
1169 3523 1640 3584 successoribus
1686 3526 1807 3584 tuis
1852 3543 1891 3584 a
1939 3542 2044 3585 me
2084 3526 2370 3604 meisque
2413 3522 2754 3584 heredibus
2799 3531 2861 3582 et
2908 3519 3387 3581 successoribus

676 3629 875 3694 libere
919 3649 1177 3696 securus
1220 3637 1455 3714 pariter
1499 3646 1562 3697 et
1608 3637 1860 3717 quietus
1906 3637 2142 3698 exinde
2189 3640 2251 3698 in
2297 3645 2678 3716 perpetuum
2713 3651 2974 3695 maneas
3019 3643 3084 3693 et
3127 3633 3387 3705 existaS,

678 3746 799 3805 sub
844 3745 1166 3808 bonorum
1212 3721 1505 3810 meorum
1552 3741 1842 3813 omnium
1890 3751 2298 3832 obligatione.
2346 3749 2588 3813 Actum
2633 3758 2729 3810 est
2773 3747 2898 3809 hoc
2943 3755 3008 3806 et
3052 3745 3382 3808 firmatum

676 3860 1079 3936 presentibus
1124 3857 1241 3922 hiis
1284 3864 1521 3944 rogatis
1586 3865 1871 3936 testibus,
1935 3863 2227 3925 videlicet
2295 3863 2518 3925 Marco
2576 3861 2858 3941 plebano
2917 3868 3140 3920 sancte
3185 3855 3387 3918 Marie

678 3972 957 4048 maioriS,
1002 3973 1367 4058 Grisogono
1412 3975 1802 4059 Scestogisdi
1848 3989 1913 4038 et
1957 3977 2109 4039 aliis,

696 4083 704 4089 “
858 4103 1105 4184 (Drugi
1147 4109 1441 4186 rukopis).

857 4217 898 4302 †
942 4219 1085 4302 Ego
1132 4221 1458 4300 Ziprianus
1506 4221 1587 4282 de
1634 4221 2002 4305 Cancauata
2046 4223 2450 4283 examinator
2497 4207 2762 4281 manum
2809 4218 2966 4278 misi.

860 4333 1004 4416 Ego
1051 4334 1430 4396 Vincentius
1489 4335 1755 4406 ecclesie
1812 4345 2032 4398 sancte
2093 4334 2293 4397 Marie
2355 4335 2611 4394 maioris
2656 4315 2918 4408 clericus
2962 4338 3026 4390 et
3067 4326 3390 4409 Jadrensis

676 4433 968 4507 notarius
1012 4448 1313 4526 predictis
1356 4449 1606 4513 interfui
1638 4459 1914 4531 rogatuS,
1946 4459 2011 4510 vt
2043 4446 2256 4511 audiui
2302 4447 2470 4508 hanc
2515 4457 2758 4508 cartam
2805 4442 3040 4524 scripsi,
3085 4440 3380 4501 roboraui

678 4565 749 4620 et
795 4560 979 4641 signo
1025 4561 1215 4622 solito
1261 4563 1523 4644 signaui.

864 4695 1160 4769 (Signum
1206 4697 1437 4770 notar.)

874 4871 1175 4946 Ort'ginal
1222 4853 1268 4930 'u
1336 4870 1559 4930 arkivu
1602 4869 2090 4946 jugoslavenske
2149 4867 2502 4941 akademije
2565 4884 2606 4923 u
2666 4861 2948 4939 Zagrebu
2965 4882 2988 4919 .·
3031 4859 3386 4938 Diplomata

690 4995 753 5037 a.
804 4979 970 5035 1269.

866 5081 1243 5160 Kukuljevic'
1278 5083 1433 5158 Reg.
1480 5100 1575 5140 no,
1630 5084 1767 5138 969.
