3797 5795
1791 407 2158 468 -72--

625 597 930 654 maiorem
979 610 1042 655 et
1089 595 1174 654 ibi
1235 595 1692 656 descendendo
1739 597 1822 656 ad
1872 597 2225 657 Kotinnam
2298 601 2467 658 venit
2527 619 2643 678 per
2704 602 2907 676 ipsam
2974 597 3323 660 Kotinnam

621 710 684 768 in
721 707 1058 768 Kokotnik
1089 719 1152 768 et
1183 707 1460 768 Trebses
1505 727 1632 786 que
1662 708 1716 769 F
1717 707 1806 770 uk
1837 709 2081 782 dicitur,
2112 724 2207 770 est
2244 711 2395 770 dicti
2446 711 2839 779 Xk'echerinh
2870 711 2955 771 de
2992 711 3327 772 Kokotnik

623 837 838 882 autem
885 821 1170 881 ascendit
1216 823 1278 880 in
1329 822 1648 886 Prerowa:
1695 822 1929 882 deinde
1974 823 2059 882 ad
2106 823 2363 883 fluvium
2412 822 2741 886 Chernech
2790 843 3005 884 versus
3048 837 3329 903 septem·

625 938 896 994 trionem
957 951 1020 994 et
1081 937 1146 994 in
1205 935 1414 1012 capite
1475 937 1666 1012 ipsius
1727 933 2063 997 Chernuch
2130 949 2225 996 est
2288 951 2458 996 meta
2522 937 2641 995 sub
2702 938 2931 997 arbore
2991 949 3213 1017 gertan
3262 951 3325 997 et

625 1047 842 1108 eundo
901 1067 1016 1126 per
1057 1047 1278 1106 silvam
1343 1051 1510 1106 venit
1566 1048 1648 1108 ad
1695 1051 1990 1108 arborem
2054 1049 2287 1114 harozt.
2330 1051 2449 1108 sub
2512 1068 2639 1127 qua
2697 1064 2793 1108 est
2858 1065 3029 1110 meta
3092 1064 3334 1115 terrea:

625 1160 864 1220 deinde
907 1162 1126 1219 transit
1171 1159 1257 1219 ad
1305 1179 1612 1241 magnum
1658 1180 1961 1240 oempum
2010 1177 2071 1221 et
2120 1164 2201 1222 ibi
2250 1165 2311 1221 in
2362 1161 2615 1222 modica
2678 1163 2839 1222 valle
2883 1176 2981 1222 est
3028 1163 3337 1230 horoztsa,

626 1275 746 1333 sub
791 1292 918 1352 qua
963 1286 1058 1332 est
1105 1289 1278 1332 meta
1325 1283 1526 1333 terrea
1571 1285 1634 1333 et
1680 1275 1898 1334 eundo
1944 1294 2059 1352 per
2102 1277 2307 1353 ipsum
2356 1294 2657 1354 campum
2692 1278 2861 1335 venit
2904 1277 2987 1335 ad
3032 1277 3333 1337 arborem

627 1389 814 1447 iwam
858 1401 922 1446 et
967 1386 1050 1445 ibi
1111 1399 1208 1445 est
1269 1399 1440 1446 meta
1510 1401 1730 1450 terrea.
1795 1387 1953 1447 ltem
2018 1388 2235 1447 eundo
2298 1391 2361 1447 in
2426 1387 2659 1448 eodem
2727 1407 2963 1468 campo
3028 1392 3197 1450 venit
3244 1391 3331 1450 ad

629 1500 922 1559 arborem
971 1501 1174 1578 pomi:
1221 1497 1370 1558 inde
1402 1503 1590 1559 intrat
1637 1502 1700 1559 in
1747 1519 1941 1560 unam
1990 1500 2217 1560 vallem
2266 1514 2329 1560 et
2377 1503 2507 1560 exit
2555 1500 2638 1560 ad
2686 1520 2991 1582 magnum
3041 1517 3333 1563 montem

631 1626 697 1672 et
741 1613 824 1672 ibi
873 1625 967 1672 est
1027 1612 1221 1672 arbor
1279 1612 1538 1672 harozth
1599 1614 1977 1674 circumfusa
2046 1627 2217 1673 meta
2262 1625 2497 1686 terrea;
2562 1614 2793 1675 abhinc
2854 1616 3056 1675 tendit
3122 1636 3335 1676 versus

631 1729 1156 1805 septemtrionem
1202 1745 1316 1804 per
1363 1745 1664 1807 magnam
1729 1728 1894 1787 viam
1956 1730 2311 1787 successive
2364 1747 2479 1805 per
2522 1727 2683 1787 duas
2746 1743 2949 1788 metas
2994 1743 3231 1788 terreas
3276 1744 3341 1788 et

635 1842 806 1900 venit
839 1839 924 1899 ad
953 1859 1148 1899 unam
1199 1842 1449 1900 vineam
1479 1841 1602 1900 sub
1635 1859 1760 1916 qua
1805 1854 1898 1900 est
1933 1842 2125 1900 arbor
2170 1840 2429 1900 harozth
2477 1842 2857 1900 circumfusa
2904 1852 3075 1902 meta
3124 1853 3342 1901 terrea.

639 1952 796 2014 Inde
843 1957 1038 2032 vergit
1087 1972 1300 2012 versus
1345 1957 1657 2013 orientem
1705 1953 1790 2013 ad
1826 1973 2128 2033 magnam
2178 1954 2405 2014 vallem
2454 1969 2518 2014 et
2566 1955 2649 2013 ibi
2698 1968 2791 2014 est
2837 1956 3029 2013 arbor
3076 1954 3337 2014 harozth

637 2068 758 2126 sub
803 2085 930 2144 qua
975 2080 1068 2125 est
1133 2077 1304 2126 meta
1368 2081 1602 2131 terrea:
1671 2068 1754 2126 ibi
1815 2079 1963 2126 sunt
2029 2070 2459 2128 commetanei
2515 2067 2809 2127 homines
2870 2066 2952 2127 de
3016 2067 3341 2136 Vdorhel;

635 2181 786 2240 inde
832 2183 1002 2239 venit
1046 2179 1130 2238 ad
1179 2178 1438 2239 fluvium
1485 2179 1913 2257 Zapotlisicha
1961 2191 2023 2240 et
2070 2181 2155 2239 ibi
2188 2194 2281 2240 est
2314 2181 2505 2240 arbor
2533 2182 2649 2258 piri
2683 2181 2801 2239 sub
2834 2199 3001 2257 quae
3030 2194 3129 2240 est
3169 2196 3337 2240 meta

635 2306 839 2354 terrea
870 2307 934 2353 et
967 2293 1116 2353 inde
1148 2292 1548 2353 descendens
1575 2296 1794 2352 transit
1821 2293 2009 2372 Zapot
2028 2293 2313 2356 l)sicham
2340 2304 2401 2354 et
2434 2296 2495 2353 in
2530 2295 2663 2372 ripa
2698 2295 2889 2372 ipsius
2914 2293 3103 2372 Zapot
3122 2291 3339 2357 Hsicba

636 2421 732 2467 est
789 2408 978 2465 arbor
1039 2407 1110 2465 zil
1160 2425 1306 2466 cum
1371 2419 1542 2466 meta
1591 2420 1814 2466 terrea.
1877 2406 2037 2465 Item
2086 2407 2169 2466 de
2216 2404 2407 2465 fluvio
2455 2405 2882 2484 Zapoilisicha
2927 2405 3211 2466 ascendit
3258 2406 3341 2466 ad

637 2532 928 2578 montem
975 2531 1040 2578 et
1085 2522 1254 2578 venit
1316 2518 1400 2578 ad
1461 2538 1656 2578 unam
1721 2522 1886 2578 viam
1950 2533 2013 2578 et
2076 2519 2157 2578 ibi
2223 2531 2319 2579 est
2381 2519 2571 2577 arbor
2632 2517 2891 2578 harozth
2960 2537 3109 2579 cum
3174 2529 3343 2579 meta

636 2646 840 2693 terrea
886 2646 950 2691 et
995 2631 1354 2709 procedens
1397 2651 1512 2709 per
1555 2635 1850 2692 semitam
1908 2634 2077 2691 venit
2124 2631 2207 2690 ad
2254 2631 2551 2690 arborem
2622 2631 2913 2699 harozth;
2975 2631 3125 2691 inde
3170 2631 3343 2691 vadit

639 2765 854 2806 versus
919 2749 1230 2804 orientem
1290 2765 1406 2824 per
1467 2763 1766 2824 magnam
1830 2747 1997 2803 viam
2044 2744 2127 2803 ad
2174 2745 2469 2804 arborem
2516 2742 2645 2816 bik,
2692 2744 2811 2804 sub
2856 2763 2983 2823 qua
3028 2758 3123 2804 est
3172 2758 3343 2804 meta

641 2875 864 2932 terrea,
931 2859 1104 2938 Olup
1165 2873 1616 2920 commetaneo
1675 2860 2023 2927 existente,
2093 2857 2241 2917 inde
2302 2875 2416 2936 per
2476 2857 2751 2918 eandem
2814 2860 2979 2918 viam
3038 2859 3346 2918 transiens

643 2976 864 3035 silvam
915 2976 1084 3033 venit
1115 2972 1200 3031 ad
1231 2972 1524 3031 arborem
1557 2969 1686 3041 biit,
1717 2971 1837 3029 sub
1883 2990 2007 3049 qua
2054 2984 2149 3030 est
2200 2986 2369 3031 meta
2418 2981 2653 3040 terrea;
2686 2972 2834 3031 inde
2881 2970 3083 3031 tendit
3134 2990 3349 3030 versus

645 3088 974 3148 meridiem
1020 3085 1104 3146 ad
1151 3098 1390 3146 metam
1437 3099 1733 3149 terream:
1779 3084 1928 3144 inde
1958 3084 2041 3143 ad
2073 3085 2368 3144 arborem
2417 3088 2611 3149 nucis.
2658 3104 2783 3163 que
2829 3097 2923 3144 est
2970 3084 3350 3144 circumfusa

647 3214 818 3261 meta
865 3214 1066 3260 terrea
1113 3199 1326 3276 ibique
1373 3196 1534 3257 Ders
1579 3198 1793 3256 existit
1840 3212 2357 3269 commetaneus;
2404 3198 2553 3257 inde
2598 3197 2928 3257 descendit
2962 3198 3043 3257 ad
3078 3198 3347 3257 rivulum

647 3326 710 3373 et
757 3317 820 3372 in
867 3315 1006 3391 ipso
1075 3311 1276 3370 rivulo
1341 3309 1698 3387 procedens
1769 3314 1990 3371 transit
2052 3310 2137 3370 ad
2198 3322 2446 3389 partem
2517 3310 2891 3370 orientalem
2938 3324 3001 3370 et
3048 3312 3217 3369 venit
3282 3308 3365 3367 ad

648 3427 944 3485 arborem
1007 3438 1228 3505 gertan
1291 3424 1504 3501 ibique
1565 3439 1660 3483 est
1709 3439 1878 3483 meta
1942 3438 2175 3492 terrea;
2236 3424 2385 3483 inde
2434 3426 2599 3482 venit
2648 3423 2731 3482 ad
2780 3436 3017 3482 metam
3084 3434 3357 3482 terream

651 3554 714 3599 et
783 3538 932 3597 inde
999 3538 1082 3597 ad
1159 3535 1418 3596 fluvium
1481 3534 1854 3616 Glogovech
1926 3548 1987 3595 et
2058 3539 2119 3595 in
2197 3540 2331 3614 ripa
2410 3539 2601 3614 ipsius
2682 3535 2849 3595 fluvii
2926 3548 3021 3595 est
3076 3535 3358 3595 haroztfa

650 3670 798 3712 cum
869 3667 1039 3710 meta
1114 3664 1348 3721 terrea;
1421 3650 1654 3709 abhinc
1729 3649 1932 3709 tendit
2008 3668 2221 3709 versus
2296 3652 2819 3727 septemtrionem
2897 3649 2981 3708 ad
3058 3648 3353 3707 arborem

653 3766 886 3830 harozt.
929 3765 1048 3823 sub
1081 3784 1204 3841 qua
1237 3777 1332 3823 est
1365 3776 1536 3823 meta
1568 3776 1786 3825 terrea.
1819 3762 1993 3840 Olup
2026 3775 2477 3821 commetaneo
2511 3764 2859 3831 existente;
2906 3761 3053 3821 inde
3086 3760 3359 3820 tendens

655 3898 868 3938 versus
929 3882 1238 3936 orientem
1311 3879 1475 3936 venit
1539 3876 1620 3934 ad
1689 3877 1986 3935 arborem
2055 3874 2166 3934 bik
2230 3888 2293 3934 et
2364 3876 2443 3934 ibi
2512 3887 2607 3935 est
2670 3889 2841 3934 meta
2906 3886 3145 3940 terrea;
3214 3872 3361 3933 inde

653 3991 982 4051 descendit
1029 3990 1112 4050 ad
1157 4004 1388 4049 terram
1453 3989 1668 4049 Endre
1727 4004 1789 4047 et
1852 3990 1935 4047 ibi
1982 4006 2075 4048 est
2123 3990 2313 4047 arbor
2374 3988 2629 4048 harozth
2693 4007 2840 4048 cum
2904 4001 3075 4047 meta
3140 4000 3363 4059 terrea,

659 4105 818 4165 Inde
861 4104 1064 4162 tendit
1111 4123 1224 4181 per
1256 4122 1452 4162 unum
1499 4121 1800 4179 campum
1849 4121 2061 4161 versus
2108 4104 2419 4162 orientem
2452 4102 2534 4161 ad
2566 4102 2863 4161 arborem
2910 4098 3020 4159 bik
3068 4100 3187 4159 sub
3235 4119 3360 4177 qua

657 4232 750 4278 est
799 4234 970 4277 meta
1019 4231 1218 4277 terrea
1251 4230 1312 4275 et
1345 4215 1562 4274 eundo
1608 4234 1720 4293 per
1767 4218 1971 4293 ipsum
2022 4218 2191 4275 venit
2239 4216 2321 4275 ad
2372 4215 2725 4275 Kotinuam
2775 4215 2987 4291 ibique
3032 4225 3129 4273 est
3174 4213 3367 4272 arbor

659 4332 918 4391 harozth
979 4350 1126 4390 cum
1191 4342 1362 4389 meta
1427 4344 1628 4387 terrea
1691 4340 1755 4387 et
1818 4329 1967 4388 inde
2032 4332 2359 4389 revertitur
2419 4328 2503 4387 ad
2550 4331 2825 4405 priorem
2890 4337 3127 4385 metam
3175 4337 3238 4387 et
3284 4324 3367 4385 ad

661 4445 1100 4505 molendinum
1169 4443 1400 4505 Buissa.
1463 4442 1638 4519 quod
1701 4456 1796 4500 est
1844 4444 1905 4499 in
1960 4442 2241 4502 Kotinua
2286 4458 2347 4501 et
2398 4444 2477 4499 ibi
2528 4444 2917 4500 terminatur.
2982 4439 3141 4498 Item
3204 4447 3367 4498 terra

661 4558 944 4618 eiusdem
999 4556 1356 4617 U'echerini
1405 4558 1466 4614 in
1519 4554 1911 4614 Lounatewe
1956 4556 2236 4615 existens
2283 4554 2365 4614 de
2410 4568 2588 4633 parte
2635 4554 2939 4631 superiori
2988 4536 3225 4611 metata
3273 4560 3367 4611 est

661 4690 811 4730 cum
879 4671 1106 4729 arbore
1169 4669 1328 4746 [για.
1389 4668 1508 4727 sub
1569 4687 1696 4746 qua
1761 4681 1855 4726 est
1922 4682 2091 4727 meta
2154 4681 2372 4737 terrea,
2444 4667 2529 4725 ab
2593 4666 2863 4725 inferiori
2926 4676 3142 4724 autem
3190 4678 3369 4741 parte

663 4784 836 4842 vadit
881 4802 1026 4842 cum
1073 4783 1406 4841 arboribus
1467 4799 1654 4840 cruce
1700 4783 1959 4861 signatis
2005 4794 2067 4840 et
2114 4782 2539 4839 commetanei
2588 4789 2733 4839 sunt
2780 4789 3133 4838 castrenses
3196 4780 3371 4837 iuxta

665 4896 920 4956 fluvium
997 4896 1196 4967 Lona,
1257 4896 1362 4954 ubi
1425 4896 1544 4953 sub
1605 4894 1864 4953 harozth
1940 4905 2032 4953 est
2114 4907 2284 4952 meta
2352 4906 2569 4952 terrea.
2638 4891 2797 4951 ltem
2858 4905 3019 4950 terra
3086 4889 3369 4949 eiusdem

669 5010 1027 5069 XVecherini
1076 5012 1356 5068 existens
1415 5012 1593 5068 iuxta
1653 5008 1911 5067 Zowam
1978 5027 2181 5085 usque
2246 5005 2579 5066 Pukurrew
2626 5020 2690 5065 et
2736 5005 2819 5063 de
2869 5002 3207 5064 Pukurrew
3254 5004 3373 5061 itur

667 5129 952 5202 superius
1011 5144 1124 5201 per
1185 5123 1424 5182 Zovam
1489 5122 1572 5181 ad
1635 5122 1927 5180 arborem
1994 5122 2108 5198 piri
2179 5122 2617 5179 continentem
2686 5132 2925 5177 metam
2997 5128 3263 5176 terream
3310 5132 3371 5175 et
