3797 5795
1579 388 1840 451 -289
1903 425 1985 432 ——

416 574 689 636 ecclesia
763 579 1035 654 pastoris
1109 577 1337 638 solatio
1416 577 1737 652 destituta,
1816 597 1936 639 nos
2013 557 2440 639 venerabilem
2517 579 2774 640 fratrem
2852 591 3140 642 nostrum

412 687 839 750 Timotheum
910 688 1397 771 Zagrabiensem
1469 693 1863 770 episcopum,
1923 703 2078 752 tunc
2137 691 2658 753 archidiaconum
2719 693 2802 754 de
2863 693 3014 755 Zala
3080 696 3144 754 in

415 800 689 862 ecclesia
734 803 1213 882 Vesprimiensi,
1275 803 1745 866 subdiaconum
1792 814 1857 866 et
1906 805 2314 884 capellanum
2361 817 2669 880 nostrum,
2712 806 2933 886 utique
2991 826 3139 886 pro-

416 914 641 975 vidum
674 925 739 976 et
770 916 1130 991 honestum,
1162 935 1237 978 ac
1272 935 1525 979 morum
1560 917 1891 978 nobilitate
1937 917 2314 996 preclarum,
2344 918 2428 979 de
2459 917 2723 978 fratrum
2773 927 3138 981 nostrorum

415 1028 688 1089 consilio
733 1039 797 1088 et
843 1029 1193 1108 apostolice
1259 1030 1658 1109 plenitudine
1717 1033 2054 1111 potestatis
2117 1031 2497 1109 prefecimus
2566 1032 2680 1110 ipsi
2743 1031 3008 1092 ecclesie
3071 1033 3136 1092 in

414 1142 795 1220 episcopum
842 1152 906 1202 et
950 1155 1292 1221 pastorem.
1360 1143 1444 1205 Et
1506 1144 1649 1204 licet
1707 1143 2034 1222 predictus
2100 1145 2453 1222 episcopm,
2522 1145 2682 1203 sicut
2751 1146 3115 1222 accepimus

412 1253 739 1332 quosdam
808 1257 1063 1316 nuntios
1108 1265 1173 1316 et
1216 1267 1657 1335 procuratores
1702 1275 1851 1318 suos
1896 1256 1982 1318 ad
2028 1255 2303 1317 eandem
2365 1256 2698 1317 ecclesiam
2769 1256 3123 1330 destinavit,

416 1367 529 1443 qui
578 1384 779 1446 usque
823 1367 907 1428 ad
952 1368 1301 1430 adventum
1359 1371 1553 1448 ipsius
1596 1371 1876 1449 episcopi
1926 1369 2189 1430 ecclesie
2233 1369 2520 1448 predicte
2564 1389 2784 1430 curam
2829 1381 3121 1451 gererent

412 1478 809 1561 diligentem,
867 1491 1085 1542 tamen
1132 1484 1245 1560 ipsi
1294 1501 1425 1542 non
1471 1481 1721 1543 fuerunt
1766 1482 2043 1544 admissi.
2105 1480 2273 1561 Quia
2333 1501 2484 1543 vero
2546 1483 2716 1543 idem
2779 1485 3116 1563 episcopus

412 1591 663 1653 factura
709 1604 923 1653 nostra
982 1596 1212 1666 existit,
1258 1597 1320 1654 in
1367 1597 1507 1674 ipso
1552 1598 1648 1656 cui
1698 1597 2193 1657 consecrationis
2255 1614 2486 1656 munus
2530 1595 2832 1657 duximus
2875 1601 3120 1676 impen-

414 1705 726 1780 dendum,
793 1717 1076 1768 nostram
1146 1710 1437 1788 cupimus
1506 1709 1804 1770 honorari
1874 1727 2216 1788 personam
2281 1719 2342 1769 et
2403 1710 2466 1768 in
2531 1709 2858 1770 desideriis
2905 1711 3137 1771 nostris

411 1821 656 1900 geritur
686 1821 910 1894 facere,
942 1823 1146 1900 ipsum
1182 1823 1589 1901 episcopatus
1622 1821 2057 1904 Zagrabiensis
2104 1819 2370 1900 pacifica
2402 1823 2804 1900 possessione
2834 1822 3130 1902 gaudere.

412 1931 737 2010 Quocirca
799 1936 1266 1996 universitatem
1329 1947 1605 1996 vestram
1652 1953 1952 2016 rogamus
1999 1945 2061 1994 et
2109 1934 2439 1994 hortamur
2485 1945 2744 2006 attente,
2793 1938 2854 1996 in
2902 1939 3130 1998 virtute

411 2045 783 2106 obedientie
828 2066 943 2126 per
986 2048 1339 2126 apostolica
1404 2050 1635 2126 scripta
1684 2048 1865 2109 vobis
1911 2047 2194 2108 districte
2258 2047 2673 2126 precipiendo
2731 2049 3138 2122 mandanteS,

410 2168 732 2234 quatenus
797 2160 1075 2221 eundem
1148 2163 1521 2240 episcopum
1584 2171 1918 2238 tamquam
1984 2171 2233 2239 patrem
2281 2172 2343 2219 et
2389 2171 2714 2238 pastorem
2775 2164 3132 2223 animarum

408 2283 639 2333 vestran
652 2291 759 2333 um
830 2273 1063 2334 devote
1129 2275 1559 2354 suscipienteS,
1622 2277 1677 2334 ei
1740 2273 2176 2334 obedientiam
2240 2283 2304 2333 et
2365 2275 2781 2334 reverentiam
2843 2274 3129 2336 debitam

406 2385 814 2464 impendatis,
873 2389 1067 2466 ipsius
1114 2387 1432 2448 mandatis
1476 2398 1539 2448 et
1587 2389 1845 2448 monitis
1907 2387 2263 2448 salubribus
2325 2388 2638 2449 humiliter
2702 2387 3121 2460 intendend0‚

407 2518 489 2560 ac
536 2499 979 2560 nichilominus
1050 2500 1287 2560 dilecto
1358 2499 1487 2560 filio
1558 2501 1726 2561 tratri
1797 2497 2124 2571 GualterO,
2193 2503 2640 2579 penitentiario
2686 2515 2749 2561 et
2795 2501 3130 2581 capellano

406 2621 651 2685 nostr0,
718 2615 816 2672 cui
863 2613 1033 2672 idem
1098 2615 1435 2692 episcopus
1480 2625 1543 2674 et
1592 2633 1709 2675 nos
1754 2617 1948 2675 etiam
2011 2632 2214 2693 usque
2260 2615 2344 2674 ad
2391 2616 2584 2693 ipsius
2653 2615 3127 2692 beneplacitum

406 2743 631 2784 curam
696 2725 983 2804 predicte
1051 2725 1318 2786 ecclesie
1383 2729 1548 2786 circa
1616 2727 1960 2805 spiritualia
2022 2737 2086 2786 et
2148 2727 2524 2805 temporalia
2587 2727 2888 2788 duximus
2949 2746 3123 2787 com-

411 2836 815 2912 mittendam,
883 2838 1239 2901 exhibeatis
1308 2840 1661 2913 eonsilium,
1735 2839 2040 2901 auxilium
2121 2850 2185 2901 et
2253 2841 2538 2902 savorem
2609 2843 2673 2901 in
2740 2840 2872 2914 hiis,
2941 2859 3130 2920 super

414 2952 648 3030 quibus
678 2972 791 3013 vos
822 2952 1076 3013 duxerit
1107 2952 1551 3030 requirendos;
1602 2953 1885 3031 alioquin
1917 2955 2318 3025 sententiam,
2353 2972 2549 3031 quam
2581 2953 2754 3013 idem
2786 2956 3130 3033 episcopus

410 3065 514 3125 vel
560 3064 841 3145 prefatus
885 3067 1363 3144 penitentiarius
1409 3068 1525 3126 rite
1572 3065 1780 3126 tulerit
1829 3078 1966 3140 (etc.
2016 3070 2234 3143 usque)
2283 3066 2619 3127 observari.
2667 3066 2908 3127 Datum
2957 3066 3130 3145 apud

414 3178 661 3240 Urbem
709 3189 985 3239 veterem
1036 3179 1177 3240 XV.
1226 3177 1348 3239 kal.
1395 3179 1707 3248 februarii,
1755 3176 2164 3257 pontificatus
2211 3182 2404 3239 nostri
2454 3198 2627 3239 anno
2674 3181 2876 3239 terti0.

596 3371 860 3429 Theiner
916 3372 1085 3429 Mon.
1156 3372 1369 3445 Hung.
1420 3372 1468 3429 I.
1516 3392 1609 3429 κο.
1667 3375 1803 3427 480.
1862 3380 1970 3428 Str.
2034 3374 2172 3429 262.
2221 3372 2287 3428 [ε
2334 3391 2456 3445 reg.
2505 3373 2656 3447 ortjg:
2707 3392 2810 3429 an.
2863 3372 2982 3430 III.
3035 3382 3124 3448 ep.

412 3480 501 3533 91.
550 3508 635 3517 —
680 3476 939 3533 Farlatt'
979 3476 1114 3548 Ilgy.
1162 3496 1319 3533 sacr.
1382 3478 1440 3533 V.
1492 3476 1636 3535 373.
1700 3508 1767 3518 —
1819 3475 2164 3533 Sbaraleae
2215 3476 2450 3534 Bullar.
2480 3478 2797 3553 francisc.
2847 3476 2932 3535 ll.
2984 3478 3125 3542 536,

408 3601 505 3638 no,
552 3583 672 3638 121.
718 3612 803 3623 -
850 3580 1095 3638 Katona
1156 3582 1325 3637 [list.
1388 3582 1521 3637 crit.
1588 3580 1682 3638 VJ.
1737 3583 1875 3639 405.
1927 3614 2012 3621 -—
2069 3580 2259 3655 Fcy'lr
2313 3581 2453 3638 cod.
2515 3577 2666 3657 dipl.
2719 3581 2764 3639 I
2769 3584 2826 3639 V.
2877 3584 2932 3651 3,
2983 3583 3124 3639 223.

405 3718 493 3726 —
542 3686 828 3743 Pottltast
866 3687 1019 3759 Reg.
1062 3687 1288 3762 pontif.
1344 3685 1427 3742 II.
1484 3688 1839 3743 n0.18.785.
1888 3717 1970 3726 -
2013 3683 2386 3760 Kukuljeve'c‘
2421 3687 2572 3759 Reg.
2623 3706 2715 3743 no.
2755 3687 2931 3742 8591·
2976 3688 3118 3743 860.

410 3824 491 3831 --
552 3789 802 3847 Tkalc'ic'
840 3790 1010 3846 Mon.
1058 3791 1168 3846 civ.
1216 3789 1481 3864 Zagrab.
1530 3784 1582 3847 I.
1634 3792 1902 3845 37—38.
1950 3809 2043 3847 κο.
2103 3792 2196 3846 46.

1664 4079 1856 4159 784.

402 4252 609 4333 1264,
656 4254 763 4318 21.
805 4254 1149 4336 januam.
1198 4253 1259 4320 U
1307 4252 1765 4319 Gittavechii.

413 4442 649 4507 Urban
684 4442 731 4505 I
743 4443 813 4506 V.
842 4451 1023 4528 papa
1053 4443 1227 4527 §alje
1260 4442 1697 4527 nadbz'skupu
1744 4444 2190 4507 zadarskomu
2225 4444 2580 4507 §enz'tbenu
2622 4444 3114 4529 dz'spenzacz'ju.

578 4636 875 4699 Urbanus
920 4639 1257 4715 episcopus
1317 4654 1533 4696 servus
1578 4654 1904 4696 servorum
1955 4636 2056 4696 dei
2105 4636 2444 4696 venerabili
2493 4636 2661 4697 fratri
2712 4636 3115 4717 (Laurentio)

396 4749 878 4827 archiepiscopo
940 4748 1227 4828 Jadrensi
1296 4748 1569 4809 salutem
1616 4760 1681 4809 et
1728 4750 2149 4828 apostolicam
2211 4748 2746 4810 benedictionem.
2813 4752 2930 4812 Per
2977 4763 3118 4813 tuas

398 4864 587 4924 nobis
631 4863 869 4924 litteras
912 4863 1297 4943 supplicasti,
1344 4877 1413 4925 ut
1458 4882 1603 4924 cum
1655 4864 1926 4925 dilectus
1971 4861 2132 4925 filius
2173 4864 2562 4926 Prestantius
2606 4865 2690 4926 de
2737 4862 3118 4947 Cotopagna

396 4979 549 5039 civis
564 4976 886 5057 Jadrensis
917 4995 1065 5037 cum
1100 4975 1299 5039 Stana
1332 4978 1594 5039 muliere
1618 4976 1927 5056 Jadrensi,
1961 4997 2086 5057 que
2117 4977 2452 5053 quondam
2481 5025 2494 5038 .
2529 5026 2540 5037 .
2577 5027 2587 5038 .
2615 4980 2800 5039 uxori
2829 4978 3116 5040 eiusdem

392 5092 547 5153 civis
594 5100 823 5170 quarto
870 5091 1438 5172 consanguinitatis
1483 5090 1685 5172 gradu
1716 5092 2046 5164 attinebat,
2094 5110 2207 5170 per
2246 5091 2441 5151 verba
2487 5091 2569 5152 de
2616 5094 2911 5170 presenti,
2959 5112 3122 5153 non-

486 5224 631 5267 con.
669 5222 833 5267 mm..
866 5222 926 5263 v.
2945 5208 3023 5270 19
