3797 5795
1906 324 2269 387 ..18-

729 534 930 594 paruo
979 526 1040 575 et
1091 533 1327 596 magno
1374 515 1638 576 consilio
1703 527 1766 576 et
1828 535 1947 575 nos
2008 535 2285 576 comune
2350 517 2600 596 Ragusii
2666 515 3064 589 confitemur,
3126 518 3433 595 quoniam

740 629 821 689 de
867 629 998 689 sale
1047 631 1241 688 nostri
1291 631 1583 689 comunis
1629 630 1882 710 Ragusii
1932 629 2339 689 uendidimus
2400 647 2515 688 sex
2578 627 2860 688 milliaria
2924 629 3070 689 salis
3116 626 3433 692 Clementi

729 741 1071 820 Triphonis
1118 743 1437 804 Simeonis
1481 743 1564 803 ad
1611 755 1868 803 centum
1919 755 1981 802 et
2028 744 2432 822 septuaginta
2499 752 2565 801 et
2626 760 2823 802 unum
2870 740 3145 802 solidum
3192 741 3275 802 de
3322 741 3433 802 de-

730 858 916 914 nariis
960 857 1192 935 grossis
1237 855 1320 916 de
1367 866 1632 936 argento
1677 876 1794 934 pro
1857 875 1988 916 uno
2052 874 2310 933 quoque
2374 855 2661 916 milliario
2726 854 2889 928 saIiS,
2952 856 3061 933 qui
3123 863 3270 915 sunt
3316 874 3432 934 per

729 966 1269 1028 summam'mille
1317 981 1380 1028 et
1425 971 1640 1050 uiginti
1691 989 1808 1030 sex
1868 968 2052 1028 solidi
2120 969 2527 1028 denariorum
2589 986 2954 1050 grossorum
3018 967 3101 1027 de
3163 981 3430 1049 argento

727 1082 812 1140 ad
860 1081 1200 1141 duodecim
1247 1081 1541 1141 denarios
1586 1099 1840 1162 grossos
1886 1101 2003 1159 pro
2050 1101 2179 1141 uno
2227 1100 2487 1160 quoque
2540 1099 2811 1158 perpero
2858 1091 2919 1140 et
2968 1091 3195 1156 cetera,
3241 1095 3429 1160 prout

726 1196 790 1254 in
838 1197 972 1273 ipsa
1017 1205 1190 1255 carta
1235 1197 1609 1254 continetur.
1673 1193 1755 1254 Et
1823 1195 1995 1254 idem
2056 1197 2537 1272 prenominatus
2601 1191 2899 1256 Clemens
2947 1197 3151 1272 ipsam
3198 1213 3426 1274 preno-

729 1309 1034 1368 minatam
1081 1318 1320 1367 cartam
1367 1326 1512 1367 cum
1561 1326 1673 1368 sua
1735 1308 1925 1385 plena
1986 1310 2215 1368 uirtute
2282 1318 2346 1367 et
2408 1318 2742 1384 potestate,
2805 1309 2964 1368 sicut
3028 1309 3162 1387 ipse
3224 1311 3424 1386 ipsam

727 1421 963 1492 habuit,
1026 1420 1204 1480 dedit
1269 1423 1716 1499 prenominato
1778 1420 2047 1480 domino
2093 1419 2358 1481 Andree
2404 1421 2487 1482 de
2533 1419 2715 1482 Auro
2772 1422 2990 1481 comiti
3036 1421 3313 1502 Ragusii,
3358 1432 3425 1481 ut

727 1537 789 1593 in
839 1535 1137 1593 omnibus
1183 1543 1247 1593 et
1294 1536 1355 1593 in
1404 1537 1620 1594 omnia
1680 1545 1742 1594 et
1802 1553 1917 1612 per
1980 1535 2198 1595 omnia
2255 1534 2429 1594 idem
2491 1534 2697 1594 dictus
2766 1535 3069 1594 dominus
3129 1533 3425 1594 Andreas

727 1665 946 1706 comes
991 1649 1067 1706 sit
1116 1648 1376 1706 nomine
1422 1659 1484 1707 et
1531 1648 1676 1707 loco
1721 1648 1977 1726 proprie
2038 1667 2311 1725 persone
2372 1647 2638 1726 predicti
2691 1646 3041 1712 Clementis
3086 1647 3170 1707 ad
3216 1659 3425 1708 extra-

727 1759 1011 1820 hendum
1059 1771 1120 1820 et
1167 1759 1536 1820 habendum
1584 1762 1702 1819 sibi
1749 1771 1976 1833 totum,
2037 1761 2215 1840 quod
2276 1763 2339 1820 in
2388 1763 2521 1838 ipsa
2585 1771 2755 1821 carta
2813 1764 3173 1821 continetur
3234 1769 3297 1820 et
3343 1760 3424 1820 de

725 1883 866 1933 toto
929 1873 1104 1950 quod
1164 1876 1228 1932 in
1291 1875 1424 1951 ipsa
1486 1884 1658 1934 carta
1719 1876 2095 1946 continetur,
2156 1874 2328 1934 idem
2388 1876 2870 1944 prenominatus
2930 1874 3230 1935 dominus
3290 1871 3423 1934 An-

727 1987 912 2047 dreas
959 2005 1178 2046 comes
1225 2005 1408 2046 suum
1458 1987 1620 2047 uelle
1667 1988 1877 2061 faciat,
1924 1989 2083 2046 sicut
2132 1986 2213 2047 de
2260 2006 2373 2047 sua
2422 2006 2627 2048 causa.
2696 1985 3019 2064 Quoniam
3068 1987 3237 2047 idem
3284 2006 3422 2065 pre-

727 2101 1092 2160 nominatus
1153 2095 1450 2160 Clemens
1511 2101 1837 2161 confessus
1897 2112 1993 2161 est
2054 2112 2118 2160 et
2178 2100 2357 2174 dixit,
2417 2101 2721 2175 quoniam
2783 2102 3266 2179 prenominatus
3308 2099 3422 2159 do-

725 2216 934 2273 minus
979 2209 1275 2272 Andreas
1321 2212 1402 2272 de
1449 2211 1628 2273 Auro
1676 2232 1894 2273 comes
1942 2214 2197 2294 Ragusii
2246 2214 2534 2291 paccauit
2600 2232 2703 2272 me
2748 2212 2829 2274 de
2876 2224 3014 2273 toto
3062 2213 3187 2280 illo,
3249 2212 3424 2288 quod

727 2344 765 2384 n
817 2327 952 2404 ipsa
1000 2338 1174 2386 carta
1224 2327 1604 2390 continetur.
1654 2326 1796 2386 Hec
1845 2337 2061 2387 autem
2109 2337 2282 2387 carta
2330 2325 2503 2387 nullo
2553 2327 2920 2386 testimonio
2952 2328 3162 2405 rumpi
3210 2328 3423 2404 possit.

729 2437 833 2497 Hii
881 2450 1026 2498 sunt
1073 2449 1292 2500 testes:
1347 2438 1646 2499 Dabran‘a
1694 2439 2045 2518 Lampridii
2094 2443 2327 2500 iuratus
2376 2439 2573 2499 iudex
2620 2451 2681 2499 et
2728 2457 2851 2520 ego
2901 2441 3233 2518 presbyter
3279 2439 3421 2500 Pas-

725 2551 875 2610 calis
921 2563 984 2612 et
1031 2555 1322 2612 comunis
1369 2555 1650 2613 notarius
1697 2555 1934 2612 iuratus
1980 2555 2249 2632 scriptor
2294 2570 2436 2613 sum
2482 2563 2544 2612 et
2592 2554 2783 2612 testis.

899 2694 923 2749 (
931 2685 1190 2757 Szjgrnum
1241 2687 1522 2758 notart'ag').

907 2875 1204 2949 Orzssginal
1247 2895 1284 2932 u
1332 2875 1780 2935 dubrovac'kom
1829 2875 2070 2933 arkivu.
2124 2874 2351 2933 sz'rka
2399 2895 2557 2933 saec.
2612 2877 2795 2934 XIII.

1980 3255 2172 3335 552.

719 3404 920 3477 1256,
971 3404 1031 3467 5.
1074 3403 1255 3485 jula.
1313 3403 1373 3468 U
1421 3401 1919 3468 Dubrovniku.

724 3594 890 3657 Ivem
941 3591 1323 3676 nczdbz'skup
1367 3593 1520 3655 leode
1575 3594 1662 3655 da
1709 3593 1829 3655 ode
1877 3591 1934 3654 iz
1994 3591 2460 3669 Dubrovm'ka‚
2513 3616 2553 3655 a
2606 3592 3056 3655 Dubrovc'am'
3085 3615 3179 3677 ga
3229 3594 3415 3663 mole,

1833 3706 2005 3767 nekcz
2052 3712 2303 3767 ostane.

896 3905 966 3965 ln
1015 3907 1274 3965 nomine
1336 3905 1438 3966 dei
1500 3907 1695 3965 eterni
1760 3924 1968 3965 amen.
2031 3903 2229 3965 Anno
2290 3904 2373 3964 ab
2435 3907 2867 3965 incarnatione
2930 3906 3169 3965 domini
3221 3905 3418 3965 nostri

715 4020 861 4099 Jesu
927 4017 1152 4081 Christi
1219 4018 1555 4078 millesimo
1625 4018 2066 4078 ducentesimo
2130 4020 2659 4098 quinquagesimo
2720 4029 2922 4086 sextO,
2995 4021 3230 4078 mensis
3275 4018 3419 4089 iulii,

719 4132 822 4192 die
855 4133 1078 4210 quinto
1110 4134 1398 4203 intrante,
1447 4132 1791 4191 indictione
1824 4142 2047 4210 quarta
2087 4130 2353 4205 decima,
2402 4132 2671 4211 Ragusii,
2717 4134 2778 4191 in
2826 4132 3142 4209 presentia
3188 4131 3415 4191 horum

719 4264 992 4325 quorum
1057 4245 1314 4303 nomina
1362 4244 1614 4305 inferius
1660 4245 2153 4304 conscribentur.
2203 4243 2521 4304 Dominus
2566 4242 2860 4305 Andreas
2907 4242 3150 4304 d’Auro
3196 4262 3415 4303 comes

719 4358 977 4439 Ragusii
1022 4367 1084 4416 et
1131 4376 1357 4417 omnes
1405 4358 1648 4417 nobiles
1695 4360 1804 4417 uiri
1870 4358 1952 4417 de
2014 4377 2128 4417 suo
2191 4358 2455 4417 consilio
2503 4358 2939 4438 intelligenteS,
3002 4356 3178 4435 quod
3240 4375 3416 4417 reue-

717 4470 951 4531 rendus
1019 4480 1198 4548 pater
1266 4469 1564 4530 dominus
1627 4470 1968 4549 johannes,
2044 4470 2141 4530 dei
2223 4473 2419 4551 gratia
2481 4470 2992 4549 archiepiscopus
3039 4471 3417 4552 RagusinuS,

717 4583 974 4644 uolebat
1021 4583 1315 4643 recedere
1347 4582 1428 4641 de
1463 4584 1718 4663 Ragusii
1763 4584 2033 4655 ciuitate,
2080 4586 2326 4642 iuerunt
2356 4581 2439 4641 ad
2472 4601 2637 4655 eum,
2668 4584 2877 4643 eidem
2927 4604 3041 4662 pro
3076 4594 3257 4662 parte
3302 4603 3415 4644 sua

716 4707 778 4757 et
826 4699 1018 4756 totius
1063 4697 1353 4756 comunis
1391 4696 1647 4775 Ragusii
1693 4694 2011 4755 humiliter
2056 4695 2500 4773 supplicantes
2548 4706 2617 4756 ut
2662 4715 2880 4756 amore
2927 4696 3027 4757 dei
3076 4709 3138 4756 et
3186 4698 3413 4757 intuitu

715 4811 965 4887 pietatis
1010 4810 1094 4869 ad
1139 4827 1398 4888 presens
1443 4826 1572 4868 non
1623 4810 1796 4868 exire
1843 4808 2107 4868 deberet
2154 4808 2234 4868 de
2280 4811 2533 4868 ciuitate
2567 4810 2837 4890 Ragusii.
2884 4809 2949 4872 Si
2983 4810 3064 4870 de
3112 4829 3224 4871 sua
3272 4830 3415 4889 pro-

715 4922 970 4982 cederet
1016 4921 1345 4981 uoluntate
1391 4920 1718 4981 dimittens
1778 4940 1890 4981 eos
1937 4932 2267 4998 tamquam
2316 4940 2471 4981 oues
2516 4922 2795 4999 perditas
2840 4926 2903 4983 in
2950 4923 3221 4996 desert0‚
3270 4924 3416 5002 quia

716 5053 848 5094 non
881 5053 1029 5095 eum
1076 5036 1138 5093 in
1185 5034 1501 5112 aliquibus
1532 5034 1951 5101 offenderant,
2000 5053 2118 5093 nec
2151 5044 2327 5094 erant
2375 5034 2489 5093 sibi
2541 5036 2600 5096 in
2654 5036 2868 5115 aliquo
2913 5036 3193 5118 obligati.
3242 5038 3326 5099 Et
3372 5040 3419 5097 si
