3797 5795
1557 398 1634 407 —
1701 368 1818 431 181
1887 402 1972 408 —-

1673 660 1864 741 686.

413 849 616 914 1260.
665 847 725 913 u
769 824 1036 915 cazmi.

931 1040 1156 1101 Dz'oba
1203 1041 1486 1125 zemalja
1525 1042 1700 1125 pred
1744 1042 2077 1125 kaptolom
2130 1042 2597 1106 Cazmanskz‘m.

586 1230 951 1311 Capitulum
1000 1230 1407 1294 Chasmensis
1438 1234 1700 1295 ecclesie
1732 1235 2034 1295 omnibus
2080 1254 2340 1313 presens
2386 1239 2691 1315 scriptum
2736 1239 3114 1315 inspecturis

409 1345 678 1405 salutem
727 1346 789 1405 in
838 1345 1120 1406 domino,
1167 1343 1277 1407 Ad
1322 1348 1760 1407 universorum
1806 1349 2112 1408 noticiam
2161 1347 2387 1409 harum
2434 1350 2593 1409 serie
2641 1349 2935 1411 volumus
2973 1369 3113 1429 per-

408 1459 640 1531 venire,
690 1458 864 1536 quod
910 1460 1232 1519 constituti
1268 1461 1325 1519 in
1363 1472 1578 1520 nostra
1625 1463 1951 1539 presencia
1981 1461 2066 1521 ab
2098 1480 2223 1521 una
2254 1472 2433 1540 parte
2464 1462 2759 1541 Syrboch
2791 1474 2854 1523 et
2888 1462 3113 1525 Kunsa

410 1584 472 1634 et
519 1573 602 1635 ab
647 1574 844 1634 altera
887 1572 1174 1634 Thomas
1219 1573 1382 1634 filius
1427 1574 1648 1635 Radac
1693 1586 1755 1634 et
1803 1574 2057 1635 Marcus
2103 1574 2265 1636 filius
2313 1572 2567 1638 Chuetk
2604 1594 2723 1655 pro
2768 1594 2837 1637 se
2883 1586 2945 1636 et
2992 1595 3109 1655 pro

409 1697 544 1747 tota
590 1689 1010 1768 generacione
1070 1688 1352 1765 ipsorum
1415 1682 1784 1770 dixeru[nt],
1829 1687 2007 1767 quod
2069 1690 2181 1765 ipsi
2244 1690 2407 1748 inter
2450 1707 2519 1749 se
2564 1690 2628 1748 in
2676 1698 2838 1750 terra
2884 1708 3109 1750 eorum

411 1800 788 1861 hereditaria
849 1810 1089 1860 rectam
1152 1800 1448 1860 fecissent
1509 1800 1904 1873 divisionem,
1950 1802 2035 1860 ita
2082 1801 2333 1873 scilicet,
2400 1801 2577 1879 quod
2624 1820 2751 1863 una
2803 1802 3112 1881 particula

417 1924 578 1974 terre
623 1915 741 1973 sita
789 1916 948 1973 inter
993 1911 1252 1973 fluvium
1289 1908 1576 1993 Kimlnic
1622 1922 1686 1973 et
1719 1916 1880 1973 inter
1928 1912 2187 1973 fluvium
2221 1908 2594 1997 Dobr[olec]
2636 1916 2823 1975 cessit
2852 1914 3107 1976 Thome

421 2040 478 2087 et
525 2026 780 2087 Marcus
824 2024 1160 2086 antedictis
1205 2028 1510 2105 omnique
1555 2029 1955 2106 generacioni
2006 2029 2304 2105 ipsorum·
2354 2024 2547 2090 Cuius
2592 2028 2899 2107 particule
2948 2040 3111 2089 terre

414 2142 618 2217 prima
681 2148 850 2199 meta
911 2140 1146 2216 incipit,
1191 2141 1351 2199 sicut
1413 2150 1624 2217 partes
1687 2140 1872 2199 nobis
1931 2138 2297 2211 retulerunt,
2342 2161 2379 2201 a
2426 2150 2606 2219 parte
2668 2141 2957 2201 orientali
3004 2140 3113 2200 ubi

413 2266 508 2312 est
558 2247 728 2335 [una]
777 2252 1017 2331 piscina
1065 2251 1145 2311 de
1195 2271 1363 2311 novo
1410 2252 1623 2312 clausa
1687 2251 1902 2329 ibique
1948 2264 2043 2312 est
2090 2253 2278 2313 arbor
2342 2264 2565 2333 gertan
2614 2271 2800 2314 cruce
2846 2257 3109 2335 signata,

414 2365 560 2424 inde
627 2366 801 2425 vadit
867 2384 980 2443 per
1048 2367 1337 2426 semitam
1387 2377 1451 2426 et
1498 2366 1667 2424 venit
1727 2364 1812 2424 ad
1873 2365 2167 2426 arborem
2232 2369 2445 2440 cerasi,
2493 2367 2641 2427 inde
2708 2368 2881 2429 vadit
2926 2370 3108 2429 iuxta

413 2478 644 2543 dumos
691 2474 1038 2561 muner[os]
1087 2490 1150 2539 et
1199 2480 1368 2538 venit
1413 2477 1494 2539 ad
1542 2489 1736 2556 caput
1779 2476 1948 2538 fluvii
1996 2480 2257 2539 nomine
2326 2478 2645 2559 Lippenik
2690 2490 2755 2541 et
2800 2483 3109 2542 transiens

411 2592 577 2649 viam
625 2592 796 2651 venit
855 2592 939 2651 ad
1002 2592 1296 2653 arborem
1365 2602 1605 2673 gestan,
1652 2594 1713 2651 in
1761 2592 1993 2651 eodem
2062 2603 2280 2652 autem
2350 2590 2769 2675 Lippe(n)nik
2838 2594 3110 2655 tendens

411 2703 665 2764 inferius
733 2706 903 2765 venit
964 2704 1046 2764 ad
1108 2706 1403 2766 arborem
1473 2707 1604 2783 piri,
1665 2708 1798 2783 ipse
1859 2724 2012 2765 vero
2083 2704 2451 2784 Lippennik
2518 2706 2689 2767 cadit
2736 2708 2797 2767 in
2846 2706 3105 2768 fluvium

411 2816 755 2891 Dobrolec,
801 2818 1016 2896 ibique
1076 2830 1172 2879 est
1231 2818 1422 2878 arbor
1481 2816 1588 2891 fiz;
1633 2821 1696 2878 in
1743 2818 1977 2878 eodem
2040 2829 2254 2879 autem
2326 2818 2517 2879 fluvio
2564 2818 2889 2879 Dobrolec
2934 2819 3105 2880 vadit

409 2931 662 2992 inferius
707 2943 770 2992 et
817 2934 984 2992 venit
1033 2933 1114 2993 ad
1161 2934 1456 2993 arborem
1504 2935 1688 3013 iegne
1733 2943 1796 2992 et
1843 2933 1927 2993 ibi
1974 2933 2145 2994 cadit
2207 2936 2267 2992 in
2334 2931 2699 3006 Chasmam,
2744 2935 2807 2993 in
2870 2932 3103 2993 eodem

410 3043 686 3108 Chasma
731 3045 1089 3123 procedens
1133 3046 1404 3118 inferius,
1451 3047 1622 3106 venit
1667 3046 1775 3106 ubi
1831 3045 2073 3106 Kinnik
2118 3046 2289 3106 cadit
2334 3047 2398 3106 in
2434 3044 2799 3118 Chasmam,
2846 3045 2995 3106 inde
3042 3048 3104 3106 in

408 3159 640 3220 eodem
713 3157 954 3219 Kinnik
1021 3159 1195 3219 vadit
1262 3161 1548 3238 superius
1613 3159 1697 3218 ad
1764 3170 2013 3237 partem
2081 3158 2665 3238 septemtrionalem
2736 3169 2800 3218 et
2844 3161 2975 3218 exit
3022 3159 3105 3220 de

407 3272 638 3331 eodem
711 3270 953 3332 Kinnik
1013 3272 1096 3332 ad
1165 3273 1458 3332 arborem
1530 3273 1744 3344 cerasi,
1814 3271 2029 3351 ibique
2098 3285 2192 3334 est
2240 3285 2431 3352 caput
2500 3275 2671 3352 putei
2720 3284 2783 3332 et
2830 3272 2915 3331 ibi
2958 3282 3106 3333 sunt

408 3396 578 3444 mete
623 3395 841 3453 tert-ee,
885 3385 1036 3446 inde
1082 3388 1252 3446 venit
1298 3385 1380 3445 ad
1427 3386 1720 3446 arborem
1770 3386 1930 3458 cleu,
1978 3387 2125 3447 inde
2155 3387 2239 3446 ad
2272 3387 2566 3446 arborem
2614 3387 2827 3458 cerasi,
2868 3385 3102 3446 deinde

405 3497 491 3556 ad
537 3498 830 3559 arborem
880 3500 1072 3572 nuciS,
1119 3499 1267 3560 inde
1298 3499 1380 3559 ad
1414 3509 1651 3559 metam
1699 3501 1990 3578 primam.
2042 3499 2333 3560 Predicto
2382 3519 2530 3559 vero
2575 3498 2869 3578 Syrboch
2916 3500 3103 3560 cessit

407 3621 572 3670 terra
616 3613 898 3672 existens
942 3613 1103 3672 inter
1149 3609 1408 3673 fluvium
1455 3612 1822 3673 Dobrolech
1871 3624 1935 3673 et
1980 3616 2141 3673 inter
2188 3611 2448 3673 fluvium
2483 3613 2791 3674 Vrbovna
2824 3615 2887 3672 in
2928 3622 3100 3672 recta

403 3723 711 3783 divisione
757 3734 1068 3803 perpetuo
1101 3737 1164 3786 et
1194 3725 1455 3804 pacifice
1501 3725 1921 3805 possidenda;
1966 3728 2143 3786 cuius
2190 3737 2351 3786 terre
2397 3726 2601 3804 prima
2648 3735 2819 3786 meta
2866 3727 3101 3804 incipit,

402 3838 564 3896 sicut
608 3853 819 3914 partes
866 3837 1181 3911 dixerunt,
1227 3859 1262 3898 a
1309 3851 1487 3916 parte
1533 3839 1820 3899 orientali
1869 3842 1931 3899 in
1978 3839 2185 3917 capite
2232 3840 2417 3899 unius
2462 3839 2699 3916 piscine
2745 3839 2960 3917 ibique
3005 3849 3101 3899 est

403 3949 594 4009 arbor
639 3959 860 4030 gestan
909 3969 1094 4012 cruce
1140 3954 1402 4032 signata,
1433 3951 1580 4011 inde
1614 3953 1675 4011 in
1708 3970 1838 4011 uno
1871 3951 2071 4012 rivulo
2104 3951 2279 4012 vadit
2312 3951 2395 4011 ad
2427 3962 2676 4030 partem
2725 3952 3098 4013 orientalem

403 4073 468 4121 et
514 4061 682 4122 cadit
728 4065 790 4122 in
838 4082 1102 4141 parvum
1151 4063 1541 4138 Vrbounica,
1589 4067 1721 4143 ipse
1767 4085 1919 4124 vero
1970 4059 2246 4148 [parvus]
2288 4061 2770 4147 Vrbovnicha(!)
2818 4064 2988 4125 cadit
3036 4067 3097 4124 in

403 4193 710 4256 magnum
757 4175 1067 4237 Vrbovna
1099 4178 1327 4256 etipse
1360 4196 1628 4259 magnus
1661 4177 1972 4239 Vrbovna
2018 4177 2189 4238 cadit
2235 4179 2295 4238 in
2346 4175 2709 4251 Chasmam,
2756 4180 2817 4237 in
2866 4177 3094 4238 eodem

401 4303 617 4349 autem
688 4287 880 4350 fluvio
947 4287 1381 4367 Dobrolech(!)
1432 4291 1604 4351 vadit
1649 4294 1936 4370 superius
1997 4303 2058 4351 et
2122 4293 2291 4351 venit
2353 4291 2436 4351 ad
2488 4288 2699 4351 locum
2750 4290 2946 4365 illum,
2992 4291 3098 4350 ubi

403 4401 851 4482 Lippouech(!)
902 4402 1069 4462 cadit
1103 4405 1163 4462 in
1191 4401 1446 4464 fluvium
1481 4403 1870 4478 Dobrolech,
1919 4404 2065 4465 inde
2100 4405 2270 4465 vadit
2302 4405 2363 4464 in
2401 4403 2781 4482 Lippouech
2813 4406 3101 4482 superius

397 4524 464 4574 et
511 4515 680 4575 venit
750 4515 833 4574 ad
902 4515 1198 4576 arborem
1267 4527 1486 4596 gertan
1535 4529 1597 4576 et
1645 4503 1956 4580 transiens
2024 4520 2187 4577 viam
2251 4517 2426 4577 vadit
2489 4517 2667 4576 iuxta
2716 4535 2941 4576 nemus
2987 4536 3101 4595 per

399 4628 694 4688 semitam
743 4637 807 4688 et
855 4630 1024 4688 venit
1069 4628 1150 4688 ad
1199 4629 1490 4689 arborem
1541 4633 1754 4703 cerasi,
1804 4632 1953 4691 inde
1998 4631 2253 4690 inferius
2300 4649 2413 4708 per
2457 4630 2750 4689 semitam
2813 4629 2989 4689 vadit
3034 4640 3095 4690 et

397 4742 733 4800 revertitur
762 4740 844 4801 ad
879 4752 1116 4801 metam
1160 4743 1446 4819 primitus
1479 4745 1892 4804 nominatam.
1930 4743 2089 4803 Item
2123 4741 2388 4821 predicti
2435 4741 2729 4819 Syrboch
2761 4753 2823 4803 et
2858 4742 3098 4815 Kunsa,

395 4852 687 4915 Thomas
734 4865 797 4914 et
848 4853 1098 4914 Marcus
1158 4854 1421 4932 predicti
1485 4855 1927 4935 obligaverunt
1972 4876 2040 4916 sc
2086 4858 2376 4928 invicem,
2423 4855 2600 4934 quod
2645 4858 2693 4915 si
2740 4856 2979 4935 aliquis-
3007 4857 3098 4935 ip·

397 4984 622 5026 sorum
671 4966 752 5026 dc
798 4979 963 5027 terra
1031 4967 1316 5046 predicta
1385 4969 1558 5029 litem
1630 4969 1975 5044 inchoaret,
2020 4980 2170 5030 ante
2216 4985 2629 5049 congressum
2689 4968 2811 5028 litis
2870 4969 3097 5030 decem

399 5097 650 5140 marcas
697 5079 924 5152 iudicii,
968 5082 1250 5159 quinque
1311 5082 1574 5143 adverse
1637 5087 1813 5160 parti,
1861 5087 2143 5164 quinque
2190 5101 2339 5144 vero
2386 5081 2572 5141 iudici
2635 5081 2878 5144 solvere
2923 5093 3097 5146 tene-
