3797 5795
1906 357 2227 418 „54--

689 547 858 624 piro;
922 545 1068 604 inde
1114 545 1290 604 vadit
1335 564 1550 604 versus
1611 546 2012 606 occidentem
2062 547 2145 606 ad
2194 557 2431 607 metam
2494 548 2612 608 sub
2674 547 2899 608 arbore
2963 547 3117 608 tulfa
3180 548 3394 608 eundo

689 678 801 737 per
847 675 1182 736 campum;
1254 657 1402 718 inde
1448 659 1732 718 ascendit
1779 658 1862 718 ad
1912 670 2201 720 montem
2249 660 2332 720 ad
2378 662 2672 720 arborem
2721 660 2895 734 tulfa,
2957 661 3077 721 sub
3124 679 3254 738 quo
3300 673 3395 720 est

691 781 860 832 meta
906 783 1108 831 terrea
1155 770 1437 831 tenendo
1487 783 1687 832 metas
1733 791 1878 832 cum
1928 785 2091 832 terra
2138 775 2342 844 castri,
2402 773 2636 833 deinde
2699 773 2983 833 ascendit
3048 775 3110 832 in
3157 773 3393 834 beerch

691 903 904 944 versus
963 884 1330 962 aquilonem
1394 896 1455 943 et
1521 886 1640 944 itur
1708 885 1791 945 ad
1868 896 2107 945 metam
2169 886 2287 945 sub
2348 887 2574 945 arbore
2620 884 3095 966 gemelchenfa;
3162 885 3395 946 abhinc

688 997 1087 1058 descendens
1149 1001 1374 1058 iterum
1423 998 1504 1058 ad
1553 999 1955 1058 occidentem
2019 1001 2305 1077 pervenit
2351 998 2434 1059 ad
2480 999 2747 1059 dumum
2822 999 3085 1069 viminis-2,
3147 1000 3254 1059 ubi
3301 1012 3393 1058 est

691 1121 876 1172 meta.
941 1111 1192 1172 Exinde
1254 1112 1580 1172 descendit
1629 1112 1712 1171 ad
1759 1112 2009 1185 vallem,
2072 1113 2175 1172 ubi
2238 1123 2333 1173 est
2400 1126 2568 1172 meta
2632 1115 2693 1172 in
2756 1112 2983 1171 arbore.
3058 1112 3213 1172 tulfa
3272 1113 3389 1172 sub

691 1227 904 1297 vineiS‚
955 1243 1078 1302 que
1137 1224 1313 1285 vallis
1360 1225 1532 1284 ducit
1593 1227 1878 1302 superius
1926 1226 2008 1285 ad
2058 1236 2347 1285 montem
2396 1245 2610 1285 versus
2656 1227 2984 1296 orientem,
3022 1225 3107 1284 ad
3156 1237 3389 1284 metam

689 1337 807 1398 sub
852 1339 1084 1398 arbore
1132 1356 1494 1398 cerasorum
1546 1348 1607 1397 et
1656 1338 1803 1397 inde
1863 1338 2037 1398 vadit
2098 1357 2213 1417 per
2272 1350 2560 1398 montem
2624 1356 2838 1398 versus
2896 1339 3264 1416 aquilonem
3310 1337 3393 1396 ad

690 1460 928 1510 metam
979 1452 1041 1510 in
1089 1436 1316 1510 arbore
1365 1450 1445 1510 de
1490 1452 1661 1529 piro;
1708 1450 1942 1510 deinde
1988 1450 2317 1511 descendit
2364 1452 2425 1510 in
2476 1452 2704 1512 vallem
2752 1470 2877 1531 que
2924 1450 3095 1510 ducit
3144 1449 3395 1509 inferius

687 1565 746 1622 in
811 1564 1076 1622 rivulum
1141 1562 1458 1644 Golobug‚
1523 1563 1670 1623 inde
1731 1563 1947 1624 eundo
2010 1567 2295 1642 superius
2372 1567 2506 1624 exit
2566 1584 2781 1624 versus
2844 1563 3249 1624 occidentem
3314 1562 3395 1620 ad

691 1690 929 1736 metam
991 1677 1108 1735 sub
1170 1676 1368 1736 dumo
1425 1676 1821 1749 monoroufa‚
1889 1677 2038 1736 inde
2098 1677 2181 1736 ad
2246 1689 2533 1736 montem
2581 1678 2664 1736 ad
2712 1679 3007 1737 arborem
3060 1675 3233 1748 tulsa‚
3276 1675 3394 1735 sub

691 1808 816 1867 qua
862 1799 958 1849 est
1007 1801 1177 1849 meta
1225 1792 1402 1848 iuxta
1451 1791 1636 1848 viam.
1685 1788 1937 1849 Deinde
1983 1790 2381 1851 descendens
2428 1791 2597 1850 vadit
2632 1790 2715 1850 ad
2747 1800 2987 1850 metam
3020 1790 3141 1849 sub
3172 1788 3396 1848 arbore

692 1902 868 1974 nirfa,
949 1901 1182 1961 deinde
1259 1905 1446 1961 intrat
1518 1901 1763 1974 vallem,
1833 1920 1957 1980 que
2034 1902 2379 1963 descendit·
2437 1915 2499 1962 et
2564 1905 2625 1962 in
2688 1903 2807 1963 alia
2876 1903 3037 1962 valle
3106 1900 3391 1962 ascendit

691 2017 918 2075 iterum
965 2015 1048 2074 ad
1095 2014 1447 2093 predictam
1509 2018 1675 2075 viam
1724 2017 1806 2074 ad
1855 2024 2093 2075 metam
2160 2026 2429 2076 terream
2478 2037 2512 2076 a
2562 2029 2740 2095 parte
2800 2017 3075 2088 orientiS‚
3134 2014 3283 2074 inde
3328 2014 3389 2071 in

692 2130 789 2188 via
835 2127 919 2187 ad
981 2126 1170 2188 aliam
1233 2138 1475 2187 metam
1539 2139 1826 2202 terream,
1897 2128 2130 2189 deinde
2191 2129 2273 2189 ad
2322 2141 2587 2208 puteum
2635 2130 2718 2190 ad
2766 2139 3007 2189 metam
3056 2128 3116 2186 in
3166 2127 3389 2186 arbore

692 2238 869 2300 bikfa
917 2251 978 2299 et
1027 2239 1175 2300 inde
1223 2243 1446 2301 iterum
1495 2240 1578 2300 ad
1626 2241 1894 2301 rivulum
1945 2241 2265 2322 Golobug‚
2297 2260 2410 2320 per
2456 2261 2647 2321 quem
2696 2245 2818 2302 itur
2862 2243 3146 2319 superius
3192 2257 3390 2316 usque

692 2353 774 2412 ad
821 2353 1054 2421 locum,
1116 2353 1220 2413 ubi
1269 2356 1400 2414 exit
1447 2357 1511 2414 in
1558 2354 1786 2414 vallem
1853 2373 2067 2415 versus
2113 2355 2533 2425 occidentem,
2589 2375 2713 2433 que
2759 2355 2931 2415 ducit
2978 2355 3261 2432 superius
3306 2350 3389 2410 ad

691 2465 962 2526 eandem
1027 2469 1210 2540 viam,
1258 2468 1470 2544 ibique
1524 2477 1617 2527 est
1682 2479 1851 2526 meta
1901 2469 1961 2527 in
2009 2467 2235 2528 arbore
2298 2468 2452 2528 tulfa
2498 2480 2560 2528 et
2606 2487 2719 2546 per
2785 2471 2951 2527 viam
3022 2467 3266 2526 venitur
3310 2463 3391 2524 ad

693 2590 932 2640 metam
994 2589 1280 2639 terream.
1343 2579 1594 2640 Deinde
1655 2579 1997 2640 reflectitur
2066 2600 2281 2641 versus
2343 2584 2653 2641 orientem
2702 2591 2765 2640 et
2810 2579 2979 2639 cadit
3043 2581 3269 2638 iterum
3330 2580 3389 2636 in

694 2689 1016 2773 Golobug,
1085 2693 1233 2752 inde.
1316 2695 1541 2753 iterum
1603 2694 1685 2753 ad
1754 2704 1946 2772 caput
2013 2695 2297 2754 eiusdem
2368 2695 2583 2773 ibique
2651 2705 2745 2753 est
2814 2705 2984 2752 meta
3046 2694 3108 2752 in
3168 2691 3395 2750 arbore

696 2805 867 2866 tulfa.
917 2805 1041 2866 Ubi
1089 2806 1307 2866 relicto
1356 2805 1551 2865 limite
1597 2809 1778 2866 castri
1830 2809 2048 2885 incipit
2094 2818 2310 2868 tenere
2358 2820 2596 2867 metam
2644 2825 2788 2866 cum
2837 2805 3164 2883 Tyburcio
3209 2804 3395 2864 fratre

695 2917 1009 2981 Gabrielis
1075 2930 1137 2978 et
1199 2920 1280 2977 ibi
1345 2922 1406 2978 in
1469 2922 1568 2980 via
1632 2920 1804 2980 vadit
1877 2941 2090 2981 versus
2159 2925 2472 2982 orientem
2520 2932 2581 2981 et
2627 2920 2915 2981 ascendit
2974 2920 3059 2980 ad
3108 2928 3395 2980 montem

693 3032 778 3093 ad
825 3042 1064 3091 metam
1134 3044 1424 3105 terream,
1483 3032 1714 3093 abhinc
1777 3034 2176 3094 descendens
2243 3035 2411 3094 cadit
2462 3036 2521 3093 in
2568 3047 2758 3112 caput
2806 3033 2999 3105 valliS‚
3053 3052 3179 3113 que
3224 3031 3397 3091 vallis

696 3145 868 3206 ducit
937 3146 1000 3204 in
1063 3145 1324 3205 rivulum
1396 3146 1842 3207 (juersenicha.
1918 3147 2071 3207 Inde
2131 3167 2245 3226 per
2304 3148 2570 3208 rivulum
2640 3147 2811 3207 vadit
2874 3148 3126 3207 inferius
3188 3163 3397 3205 versus

698 3258 1027 3319 meridiem
1091 3277 1292 3337 usque
1338 3258 1422 3318 ad
1468 3259 1680 3319 locum
1731 3260 1835 3319 ubi
1884 3264 2017 3319 exit
2063 3261 2146 3320 ad
2196 3271 2432 3320 metam
2500 3270 2769 3320 terream
2816 3279 2855 3319 a
2900 3270 3080 3337 parte
3142 3260 3397 3318 orientis

701 3372 914 3451 ibique
963 3371 1134 3431 cadit
1181 3373 1242 3430 in
1293 3372 1478 3445 viam,
1547 3391 1672 3450 que
1720 3372 1892 3433 ducit
1939 3374 2022 3433 ad
2068 3385 2356 3433 montem
2422 3373 2615 3454 Garig
2676 3392 2877 3450 usque
2922 3372 3007 3432 ad
3049 3381 3291 3432 metam
3336 3372 3397 3430 in

697 3485 924 3545 arbore
971 3484 1157 3557 tulfa;
1229 3483 1376 3544 inde
1421 3483 1504 3543 ad
1553 3496 1743 3563 caput
1792 3485 1968 3546 vallis
2014 3486 2117 3546 ubi
2168 3498 2261 3546 est
2311 3497 2481 3546 meta
2528 3489 2589 3546 in
2636 3486 2824 3559 tulfa;
2871 3485 3021 3545 inde
3066 3484 3396 3545 descendit

699 3617 914 3658 versus
977 3596 1309 3657 meridiem
1356 3599 1416 3656 in
1466 3598 1732 3658 rivulum
1805 3598 2071 3677 Stupna,
2136 3599 2216 3659 de
2264 3598 2523 3659 flumine
2584 3610 2796 3660 autem
2845 3598 2928 3658 ad
2978 3601 3289 3658 orientem
3334 3611 3397 3657 et

699 3711 872 3772 vadit
918 3711 1000 3771 ad
1049 3722 1338 3770 montem
1387 3729 1588 3788 usque
1635 3711 1718 3770 ad
1767 3722 2005 3771 metam
2054 3715 2115 3771 in
2164 3712 2336 3783 tulfa,
2397 3712 2631 3773 deinde
2686 3732 2799 3791 per
2841 3722 3132 3772 montem
3180 3722 3242 3771 et
3286 3730 3401 3789 per

701 3826 866 3884 viam
917 3824 1088 3884 vadit
1135 3823 1218 3883 ad
1267 3833 1504 3883 metam
1569 3825 1687 3884 sub
1750 3826 1977 3885 arbore
2038 3845 2418 3892 cerasorum,
2485 3826 2717 3887 deinde
2778 3845 2982 3904 usque
3042 3824 3125 3885 ad
3186 3825 3397 3884 locum

703 3939 808 3998 ubi
857 3939 990 3997 exit
1047 3956 1263 3996 versus
1324 3937 1726 3997 occidentem
1793 3939 1875 3998 ad
1924 3950 2162 4000 metam
2210 3942 2272 3999 in
2319 3941 2543 3999 arbore
2589 3939 2795 4011 scilsa;
2865 3938 3013 3999 inde
3070 3937 3403 3998 descendit

703 4053 762 4110 in
812 4050 1038 4110 vallem
1104 4068 1231 4128 que
1293 4049 1466 4109 ducit
1527 4051 1782 4111 inferius
1827 4051 1911 4111 ad
1957 4055 2229 4130 priorem
2298 4065 2554 4121 metam,
2604 4053 2703 4112 ubi
2762 4052 2877 4112 fuit
2924 4054 3195 4129 incepta.
3244 4050 3401 4110 Item

701 4166 905 4245 prima
949 4175 1120 4223 meta
1181 4174 1344 4223 terre
1391 4162 1638 4242 Stupna
1700 4166 1917 4242 incipit
1963 4165 2080 4224 sub
2127 4168 2307 4225 vinea
2356 4166 2549 4243 ipsius
2596 4166 2871 4245 magistri
2922 4163 3242 4243 Tyburcii‚
3290 4164 3397 4224 ubi

702 4289 796 4336 est
844 4288 1014 4336 meta
1061 4287 1282 4349 terrea,
1329 4276 1477 4337 inde
1523 4296 1636 4355 per
1669 4277 1894 4337 vallem
1932 4297 2144 4337 versus
2176 4278 2595 4351 occidentem,
2644 4278 2746 4338 ubi
2796 4280 2983 4337 intrat
3031 4280 3093 4337 in
3141 4277 3405 4338 rivulum

704 4388 951 4468 Stupna
999 4402 1059 4450 et
1107 4408 1221 4468 per
1267 4389 1534 4449 rivulum
1583 4392 1801 4449 transit
1849 4392 1910 4449 in
1947 4392 2174 4451 vallem
2224 4410 2348 4469 que
2394 4392 2569 4452 ducit
2604 4393 2665 4451 in
2698 4402 2985 4451 montem
3034 4390 3121 4451 ad
3168 4402 3403 4451 metam

706 4516 992 4575 terream,
1063 4503 1276 4582 ibique
1322 4512 1416 4563 est
1486 4515 1970 4563 commetaneus
2039 4507 2171 4564 eius
2235 4504 2594 4583 Tyburcius
2662 4503 2959 4582 prefatus,
3026 4502 3174 4563 inde
3236 4502 3406 4561 vadit

707 4618 990 4696 superius
1052 4624 1265 4677 versus
1325 4616 1690 4694 aquilonem
1741 4616 1824 4675 ad
1872 4627 2109 4677 metam
2174 4617 2256 4677 de
2301 4617 2723 4689 berekunafa;
2786 4616 3019 4677 deinde
3079 4615 3405 4676 descendit

707 4750 820 4810 per
865 4730 1121 4789 arbores
1167 4731 1632 4810 crucesignatas
1681 4731 1740 4789 in
1787 4730 2056 4790 rivulum
2126 4730 2483 4793 Scumeclia
2528 4742 2591 4790 et
2638 4731 2723 4790 ibi
2764 4733 2879 4791 erit
2926 4740 3407 4790 commetaneus

715 4843 1024 4924 Ptolonig,
1071 4842 1220 4902 inde
1266 4843 1500 4903 rivulus
1545 4843 1716 4902 idem
1763 4842 1937 4902 ducit
1982 4846 2266 4922 superius
2310 4863 2523 4904 versus
2578 4846 2889 4903 orientem
2936 4842 3019 4903 ad
3054 4842 3406 4909 heremitas,

711 4956 858 5016 inde
904 4957 1035 5015 exit
1081 4956 1164 5016 ad
1211 4958 1396 5029 viam,
1461 4974 1585 5033 que
1631 4954 1805 5016 ducit
1849 4956 1933 5015 ad
1982 4968 2268 5017 montem
2334 4976 2547 5017 versus
2608 4966 2853 5036 partem
2926 4954 3405 5015 meridionalem

712 5082 772 5128 et
820 5088 931 5147 per
976 5070 1249 5129 eandem
1298 5070 1466 5129 viam
1515 5069 1843 5129 descendit
1891 5069 1974 5128 ad
2019 5072 2293 5148 priorem
2344 5084 2579 5131 metam
2629 5071 2735 5130 ubi
2768 5069 2882 5129 fuit
2931 5072 3199 5147 incepta.
3248 5067 3408 5130 Item
