<?xml version="1.0" encoding="UTF-8"?>
<!DOCTYPE html PUBLIC "-//W3C//DTD XHTML 1.0 Transitional//EN"
    "http://www.w3.org/TR/xhtml1/DTD/xhtml1-transitional.dtd">
<html xmlns="http://www.w3.org/1999/xhtml" xml:lang="en" lang="en">
 <head>
  <title>
</title>
<meta http-equiv="Content-Type" content="text/html;charset=utf-8" />
  <meta name='ocr-system' content='tesseract 3.04.00' />
  <meta name='ocr-capabilities' content='ocr_page ocr_carea ocr_par ocr_line ocrx_word'/>
</head>
<body>
  <div class='ocr_page' id='page_1' title='image "./codexdiplomatic00umjegoog_0290.png"; bbox 0 0 3797 5795; ppageno 0'>
   <div class='ocr_carea' id='block_1_1' title="bbox 1558 404 1982 466">
    <p class='ocr_par' dir='ltr' id='par_1_1' title="bbox 1558 404 1982 466">
     <span class='ocr_line' id='line_1_1' title="bbox 1558 404 1982 466; baseline 0 0"><span class='ocrx_word' id='word_1_1' title='bbox 1558 404 1982 466; x_wconf 81' lang='lat'><strong>—277—</strong></span> 
     </span>
    </p>
   </div>
   <div class='ocr_carea' id='block_1_2' title="bbox 412 698 1869 942">
    <p class='ocr_par' dir='ltr' id='par_1_2' title="bbox 412 698 1869 942">
     <span class='ocr_line' id='line_1_2' title="bbox 1675 698 1869 776; baseline 0 0"><span class='ocrx_word' id='word_1_2' title='bbox 1675 698 1869 776; x_wconf 85' lang='lat'><strong>772.</strong></span> 
     </span>
     <span class='ocr_line' id='line_1_3' title="bbox 412 861 1841 942; baseline 0.003 -16"><span class='ocrx_word' id='word_1_3' title='bbox 412 862 614 940; x_wconf 81' lang='lat'>1263,</span> <span class='ocrx_word' id='word_1_4' title='bbox 659 863 763 926; x_wconf 88' lang='grc'>21.</span> <span class='ocrx_word' id='word_1_5' title='bbox 811 861 1224 942; x_wconf 68' lang='lat' dir='ltr'>doeembra.</span> <span class='ocrx_word' id='word_1_6' title='bbox 1272 862 1331 928; x_wconf 90' lang='lat' dir='ltr'>U</span> <span class='ocrx_word' id='word_1_7' title='bbox 1374 861 1841 930; x_wconf 73' lang='lat' dir='ltr'>Cittaveehii.</span> 
     </span>
    </p>
   </div>
   <div class='ocr_carea' id='block_1_3' title="bbox 418 1051 3129 1252">
    <p class='ocr_par' dir='ltr' id='par_1_3' title="bbox 418 1051 3129 1252">
     <span class='ocr_line' id='line_1_4' title="bbox 418 1051 3129 1140; baseline 0.001 -24"><span class='ocrx_word' id='word_1_8' title='bbox 418 1051 652 1116; x_wconf 72' lang='lat' dir='ltr'>Urbem</span> <span class='ocrx_word' id='word_1_9' title='bbox 716 1051 847 1114; x_wconf 89' lang='lat' dir='ltr'>IV.</span> <span class='ocrx_word' id='word_1_10' title='bbox 914 1060 1095 1137; x_wconf 77' lang='lat' dir='ltr'>papa</span> <span class='ocrx_word' id='word_1_11' title='bbox 1165 1053 1393 1138; x_wconf 75' lang='lat' dir='ltr'>pn&#39;ma</span> <span class='ocrx_word' id='word_1_12' title='bbox 1462 1055 1603 1138; x_wconf 77' lang='lat' dir='ltr'>pod</span> <span class='ocrx_word' id='word_1_13' title='bbox 1665 1053 1920 1118; x_wconf 67' lang='lat' dir='ltr'>zas‘tz&#39;tu</span> <span class='ocrx_word' id='word_1_14' title='bbox 1989 1060 2260 1138; x_wconf 73' lang='lat' dir='ltr'>svetoga</span> <span class='ocrx_word' id='word_1_15' title='bbox 2331 1054 2540 1118; x_wconf 78' lang='lat' dir='ltr'>Petra</span> <span class='ocrx_word' id='word_1_16' title='bbox 2603 1054 2785 1118; x_wconf 83' lang='lat' dir='ltr'>Belu</span> <span class='ocrx_word' id='word_1_17' title='bbox 2847 1054 3129 1140; x_wconf 77' lang='lat' dir='ltr'>hercega</span> 
     </span>
     <span class='ocr_line' id='line_1_5' title="bbox 1552 1167 1980 1252; baseline 0 -22"><span class='ocrx_word' id='word_1_18' title='bbox 1552 1167 1980 1252; x_wconf 73' lang='lat' dir='ltr'>krvatskoga.</span> 
     </span>
    </p>
   </div>
   <div class='ocr_carea' id='block_1_4' title="bbox 348 1357 3127 2572">
    <p class='ocr_par' dir='ltr' id='par_1_4' title="bbox 348 1357 3127 2572">
     <span class='ocr_line' id='line_1_6' title="bbox 584 1357 3125 1437; baseline 0 -17"><span class='ocrx_word' id='word_1_19' title='bbox 584 1357 881 1420; x_wconf 88' lang='lat' dir='ltr'>Urbanus</span> <span class='ocrx_word' id='word_1_20' title='bbox 950 1359 1291 1437; x_wconf 88' lang='lat' dir='ltr'>episcopus</span> <span class='ocrx_word' id='word_1_21' title='bbox 1356 1378 1575 1420; x_wconf 87' lang='lat' dir='ltr'>servus</span> <span class='ocrx_word' id='word_1_22' title='bbox 1642 1378 1971 1420; x_wconf 85' lang='lat' dir='ltr'>servorum</span> <span class='ocrx_word' id='word_1_23' title='bbox 2041 1360 2142 1421; x_wconf 91' lang='lat' dir='ltr'>dei</span> <span class='ocrx_word' id='word_1_24' title='bbox 2213 1360 2448 1420; x_wconf 91' lang='lat' dir='ltr'>dilecto</span> <span class='ocrx_word' id='word_1_25' title='bbox 2519 1359 2650 1420; x_wconf 87' lang='lat' dir='ltr'>filio</span> <span class='ocrx_word' id='word_1_26' title='bbox 2727 1359 2922 1420; x_wconf 90' lang='lat' dir='ltr'>nobili</span> <span class='ocrx_word' id='word_1_27' title='bbox 2990 1362 3125 1420; x_wconf 87' lang='lat' dir='ltr'>viro</span> 
     </span>
     <span class='ocr_line' id='line_1_7' title="bbox 348 1468 3116 1552; baseline 0.001 -21"><span class='ocrx_word' id='word_1_28' title='bbox 348 1527 361 1537; x_wconf 74' lang='grc'>,</span> <span class='ocrx_word' id='word_1_29' title='bbox 406 1468 559 1532; x_wconf 88' lang='lat' dir='ltr'>Bela</span> <span class='ocrx_word' id='word_1_30' title='bbox 626 1469 769 1531; x_wconf 89' lang='lat' dir='ltr'>duci</span> <span class='ocrx_word' id='word_1_31' title='bbox 840 1469 1177 1534; x_wconf 87' lang='lat' dir='ltr'>Sclavonie</span> <span class='ocrx_word' id='word_1_32' title='bbox 1244 1471 1515 1534; x_wconf 89' lang='lat' dir='ltr'>salutem</span> <span class='ocrx_word' id='word_1_33' title='bbox 1576 1482 1639 1534; x_wconf 89' lang='lat' dir='ltr'>et</span> <span class='ocrx_word' id='word_1_34' title='bbox 1684 1473 2105 1552; x_wconf 88' lang='lat' dir='ltr'>apostolicam</span> <span class='ocrx_word' id='word_1_35' title='bbox 2173 1473 2714 1534; x_wconf 83' lang='lat' dir='ltr'><strong>benedictionem.</strong></span> <span class='ocrx_word' id='word_1_36' title='bbox 2781 1473 2900 1533; x_wconf 87' lang='lat' dir='ltr'>Pro</span> <span class='ocrx_word' id='word_1_37' title='bbox 2965 1471 3116 1533; x_wconf 87' lang='lat' dir='ltr'>fidei</span> 
     </span>
     <span class='ocr_line' id='line_1_8' title="bbox 410 1584 3121 1663; baseline 0 -19"><span class='ocrx_word' id='word_1_38' title='bbox 410 1584 649 1645; x_wconf 88' lang='lat' dir='ltr'>meritis</span> <span class='ocrx_word' id='word_1_39' title='bbox 708 1594 825 1645; x_wconf 89' lang='lat' dir='ltr'>ect.</span> <span class='ocrx_word' id='word_1_40' title='bbox 894 1584 1065 1646; x_wconf 91' lang='lat' dir='ltr'>Hinc</span> <span class='ocrx_word' id='word_1_41' title='bbox 1125 1596 1238 1659; x_wconf 88' lang='lat' dir='ltr'>est,</span> <span class='ocrx_word' id='word_1_42' title='bbox 1300 1585 1478 1663; x_wconf 93' lang='lat' dir='ltr'>quod</span> <span class='ocrx_word' id='word_1_43' title='bbox 1538 1605 1657 1646; x_wconf 90' lang='lat' dir='ltr'>nos</span> <span class='ocrx_word' id='word_1_44' title='bbox 1702 1587 1827 1646; x_wconf 89' lang='lat' dir='ltr'>tuis</span> <span class='ocrx_word' id='word_1_45' title='bbox 1871 1597 1936 1648; x_wconf 94' lang='lat' dir='ltr'>et</span> <span class='ocrx_word' id='word_1_46' title='bbox 1982 1589 2282 1647; x_wconf 86' lang='lat' dir='ltr'>carissimi</span> <span class='ocrx_word' id='word_1_47' title='bbox 2347 1589 2410 1646; x_wconf 91' lang='lat' dir='ltr'>in</span> <span class='ocrx_word' id='word_1_48' title='bbox 2459 1585 2712 1650; x_wconf 88' lang='lat' dir='ltr'>Christo</span> <span class='ocrx_word' id='word_1_49' title='bbox 2761 1585 2876 1646; x_wconf 89' lang='lat' dir='ltr'>filii</span> <span class='ocrx_word' id='word_1_50' title='bbox 2926 1587 3121 1646; x_wconf 83' lang='lat' dir='ltr'>nostri</span> 
     </span>
     <span class='ocr_line' id='line_1_9' title="bbox 410 1695 3122 1779; baseline 0 -22"><span class='ocrx_word' id='word_1_51' title='bbox 410 1695 562 1757; x_wconf 88' lang='lat' dir='ltr'>Bela</span> <span class='ocrx_word' id='word_1_52' title='bbox 633 1697 911 1778; x_wconf 87' lang='lat' dir='ltr'>Ungarie</span> <span class='ocrx_word' id='word_1_53' title='bbox 977 1698 1143 1779; x_wconf 88' lang='lat' dir='ltr'>regis</span> <span class='ocrx_word' id='word_1_54' title='bbox 1230 1696 1482 1760; x_wconf 88' lang='lat' dir='ltr'>illustris</span> <span class='ocrx_word' id='word_1_55' title='bbox 1555 1701 1752 1778; x_wconf 88' lang='lat' dir='ltr'>patris</span> <span class='ocrx_word' id='word_1_56' title='bbox 1830 1703 1919 1760; x_wconf 91' lang='lat' dir='ltr'>tui</span> <span class='ocrx_word' id='word_1_57' title='bbox 1989 1699 2558 1778; x_wconf 85' lang='lat' dir='ltr'>supplicationibus</span> <span class='ocrx_word' id='word_1_58' title='bbox 2618 1699 2918 1772; x_wconf 89' lang='lat' dir='ltr'>inclinati,</span> <span class='ocrx_word' id='word_1_59' title='bbox 2981 1718 3122 1778; x_wconf 92' lang='lat' dir='ltr'>per-</span> 
     </span>
     <span class='ocr_line' id='line_1_10' title="bbox 407 1809 3121 1894; baseline 0.001 -25"><span class='ocrx_word' id='word_1_60' title='bbox 407 1827 632 1870; x_wconf 85' lang='lat' dir='ltr'>sonam</span> <span class='ocrx_word' id='word_1_61' title='bbox 698 1821 875 1870; x_wconf 88' lang='lat' dir='ltr'>tuam</span> <span class='ocrx_word' id='word_1_62' title='bbox 921 1829 1068 1871; x_wconf 92' lang='lat' dir='ltr'>cum</span> <span class='ocrx_word' id='word_1_63' title='bbox 1116 1810 1354 1872; x_wconf 91' lang='lat' dir='ltr'>ducatu</span> <span class='ocrx_word' id='word_1_64' title='bbox 1413 1809 1751 1874; x_wconf 88' lang='lat' dir='ltr'>Sclavonie</span> <span class='ocrx_word' id='word_1_65' title='bbox 1798 1833 1875 1874; x_wconf 89' lang='lat' dir='ltr'>ac</span> <span class='ocrx_word' id='word_1_66' title='bbox 1923 1812 2003 1873; x_wconf 92' lang='lat' dir='ltr'>de</span> <span class='ocrx_word' id='word_1_67' title='bbox 2051 1811 2274 1886; x_wconf 89' lang='lat' dir='ltr'>Olcha,</span> <span class='ocrx_word' id='word_1_68' title='bbox 2337 1811 2419 1873; x_wconf 93' lang='lat' dir='ltr'>de</span> <span class='ocrx_word' id='word_1_69' title='bbox 2483 1811 2749 1894; x_wconf 86' lang='lat' dir='ltr'>Bragna,</span> <span class='ocrx_word' id='word_1_70' title='bbox 2809 1811 3121 1893; x_wconf 88' lang='lat' dir='ltr'>Symigi0‚</span> 
     </span>
     <span class='ocr_line' id='line_1_11' title="bbox 406 1919 3118 2005; baseline 0.001 -21"><span class='ocrx_word' id='word_1_71' title='bbox 406 1919 557 1984; x_wconf 89' lang='lat' dir='ltr'>Sala</span> <span class='ocrx_word' id='word_1_72' title='bbox 624 1933 687 1984; x_wconf 91' lang='lat' dir='ltr'>et</span> <span class='ocrx_word' id='word_1_73' title='bbox 745 1923 801 1984; x_wconf 91' lang='lat' dir='ltr'><strong>F</strong></span> <span class='ocrx_word' id='word_1_74' title='bbox 803 1943 983 1985; x_wconf 88' lang='lat' dir='ltr'>erreo</span> <span class='ocrx_word' id='word_1_75' title='bbox 1042 1926 1279 1998; x_wconf 85' lang='lat' dir='ltr'>castris,</span> <span class='ocrx_word' id='word_1_76' title='bbox 1341 1944 1460 1986; x_wconf 89' lang='lat' dir='ltr'>nec</span> <span class='ocrx_word' id='word_1_77' title='bbox 1523 1944 1653 1986; x_wconf 90' lang='lat' dir='ltr'>non</span> <span class='ocrx_word' id='word_1_78' title='bbox 1714 1926 1952 1987; x_wconf 88' lang='lat' dir='ltr'>salibus</span> <span class='ocrx_word' id='word_1_79' title='bbox 2013 1926 2322 2005; x_wconf 88' lang='lat' dir='ltr'>aquaticis</span> <span class='ocrx_word' id='word_1_80' title='bbox 2381 1925 2467 1986; x_wconf 90' lang='lat' dir='ltr'>ad</span> <span class='ocrx_word' id='word_1_81' title='bbox 2536 1923 2843 1986; x_wconf 89' lang='lat' dir='ltr'>ducatum</span> <span class='ocrx_word' id='word_1_82' title='bbox 2907 1927 3118 2004; x_wconf 87' lang='lat' dir='ltr'>ipsum</span> 
     </span>
     <span class='ocr_line' id='line_1_12' title="bbox 406 2037 3122 2118; baseline 0 -22"><span class='ocrx_word' id='word_1_83' title='bbox 406 2037 861 2115; x_wconf 84' lang='lat' dir='ltr'>spectantibus,</span> <span class='ocrx_word' id='word_1_84' title='bbox 907 2037 1171 2116; x_wconf 90' lang='lat' dir='ltr'>aliisque</span> <span class='ocrx_word' id='word_1_85' title='bbox 1215 2039 1455 2100; x_wconf 89' lang='lat' dir='ltr'>iuribus</span> <span class='ocrx_word' id='word_1_86' title='bbox 1500 2049 1564 2100; x_wconf 89' lang='lat' dir='ltr'>et</span> <span class='ocrx_word' id='word_1_87' title='bbox 1608 2041 2007 2118; x_wconf 88' lang='lat' dir='ltr'>pertinentiis</span> <span class='ocrx_word' id='word_1_88' title='bbox 2052 2041 2196 2112; x_wconf 88' lang='lat' dir='ltr'>suis,</span> <span class='ocrx_word' id='word_1_89' title='bbox 2245 2056 2370 2117; x_wconf 91' lang='lat' dir='ltr'>que</span> <span class='ocrx_word' id='word_1_90' title='bbox 2423 2040 2972 2118; x_wconf 82' lang='lat' dir='ltr'>impresentiarum</span> <span class='ocrx_word' id='word_1_91' title='bbox 3024 2058 3122 2098; x_wconf 87' lang='lat' dir='ltr'>ra-</span> 
     </span>
     <span class='ocr_line' id='line_1_13' title="bbox 403 2147 3119 2232; baseline 0.001 -24"><span class='ocrx_word' id='word_1_92' title='bbox 403 2147 791 2210; x_wconf 88' lang='lat' dir='ltr'>tionabiliter</span> <span class='ocrx_word' id='word_1_93' title='bbox 858 2159 921 2210; x_wconf 88' lang='lat' dir='ltr'>te</span> <span class='ocrx_word' id='word_1_94' title='bbox 989 2149 1281 2211; x_wconf 89' lang='lat' dir='ltr'>obtinere</span> <span class='ocrx_word' id='word_1_95' title='bbox 1346 2153 1673 2230; x_wconf 83' lang='lat' dir='ltr'>proponiS,</span> <span class='ocrx_word' id='word_1_96' title='bbox 1740 2151 1859 2212; x_wconf 91' lang='lat' dir='ltr'>sub</span> <span class='ocrx_word' id='word_1_97' title='bbox 1929 2154 2330 2231; x_wconf 86' lang='lat' dir='ltr'>protectione</span> <span class='ocrx_word' id='word_1_98' title='bbox 2399 2151 2752 2232; x_wconf 89' lang='lat' dir='ltr'>apostolice</span> <span class='ocrx_word' id='word_1_99' title='bbox 2816 2151 2986 2212; x_wconf 90' lang='lat' dir='ltr'>sedis</span> <span class='ocrx_word' id='word_1_100' title='bbox 3055 2161 3119 2212; x_wconf 89' lang='lat' dir='ltr'>et</span> 
     </span>
     <span class='ocr_line' id='line_1_14' title="bbox 404 2263 3127 2344; baseline 0.001 -24"><span class='ocrx_word' id='word_1_101' title='bbox 404 2272 625 2322; x_wconf 87' lang='lat' dir='ltr'>nostra</span> <span class='ocrx_word' id='word_1_102' title='bbox 685 2264 1079 2342; x_wconf 77' lang='lat' dir='ltr'>suscipimu5‚</span> <span class='ocrx_word' id='word_1_103' title='bbox 1139 2263 1480 2325; x_wconf 90' lang='lat' dir='ltr'>districtius</span> <span class='ocrx_word' id='word_1_104' title='bbox 1540 2264 1918 2338; x_wconf 80' lang='lat' dir='ltr'>inhibenteS,</span> <span class='ocrx_word' id='word_1_105' title='bbox 1973 2283 2053 2325; x_wconf 90' lang='lat' dir='ltr'>ne</span> <span class='ocrx_word' id='word_1_106' title='bbox 2099 2266 2240 2340; x_wconf 88' lang='lat' dir='ltr'>quis</span> <span class='ocrx_word' id='word_1_107' title='bbox 2293 2273 2360 2325; x_wconf 93' lang='lat' dir='ltr'>te</span> <span class='ocrx_word' id='word_1_108' title='bbox 2405 2266 2851 2344; x_wconf 90' lang='lat' dir='ltr'>persistentem</span> <span class='ocrx_word' id='word_1_109' title='bbox 2900 2265 2962 2324; x_wconf 90' lang='lat' dir='ltr'>in</span> <span class='ocrx_word' id='word_1_110' title='bbox 3013 2263 3127 2324; x_wconf 92' lang='lat' dir='ltr'>de-</span> 
     </span>
     <span class='ocr_line' id='line_1_15' title="bbox 400 2374 3120 2457; baseline 0.002 -24"><span class='ocrx_word' id='word_1_111' title='bbox 400 2375 665 2434; x_wconf 85' lang='lat' dir='ltr'>votione</span> <span class='ocrx_word' id='word_1_112' title='bbox 726 2374 895 2436; x_wconf 92' lang='lat' dir='ltr'>sedis</span> <span class='ocrx_word' id='word_1_113' title='bbox 954 2375 1243 2438; x_wconf 90' lang='lat' dir='ltr'>eiusdem</span> <span class='ocrx_word' id='word_1_114' title='bbox 1311 2396 1501 2456; x_wconf 91' lang='lat' dir='ltr'>super</span> <span class='ocrx_word' id='word_1_115' title='bbox 1570 2376 1824 2452; x_wconf 89' lang='lat' dir='ltr'>ducatu,</span> <span class='ocrx_word' id='word_1_116' title='bbox 1893 2379 2114 2438; x_wconf 87' lang='lat' dir='ltr'>castris</span> <span class='ocrx_word' id='word_1_117' title='bbox 2157 2387 2222 2436; x_wconf 91' lang='lat' dir='ltr'>et</span> <span class='ocrx_word' id='word_1_118' title='bbox 2269 2377 2408 2438; x_wconf 89' lang='lat' dir='ltr'>aliis</span> <span class='ocrx_word' id='word_1_119' title='bbox 2453 2376 2832 2457; x_wconf 88' lang='lat' dir='ltr'>supradictis</span> <span class='ocrx_word' id='word_1_120' title='bbox 2879 2387 3120 2438; x_wconf 87' lang='lat' dir='ltr'>temere</span> 
     </span>
     <span class='ocr_line' id='line_1_16' title="bbox 402 2481 3126 2572; baseline 0.001 -24"><span class='ocrx_word' id='word_1_121' title='bbox 402 2481 719 2567; x_wconf 84' lang='lat' dir='ltr'>impedire</span> <span class='ocrx_word' id='word_1_122' title='bbox 764 2507 877 2550; x_wconf 86' lang='lat' dir='ltr'>seu</span> <span class='ocrx_word' id='word_1_123' title='bbox 924 2489 1265 2553; x_wconf 89' lang='lat' dir='ltr'>molestare</span> <span class='ocrx_word' id='word_1_124' title='bbox 1309 2500 1653 2570; x_wconf 89' lang='lat' dir='ltr'>presumat.</span> <span class='ocrx_word' id='word_1_125' title='bbox 1731 2490 1902 2551; x_wconf 89' lang='lat' dir='ltr'>Nulli</span> <span class='ocrx_word' id='word_1_126' title='bbox 1951 2509 2103 2572; x_wconf 85' lang='lat' dir='ltr'>ergo</span> <span class='ocrx_word' id='word_1_127' title='bbox 2150 2500 2269 2550; x_wconf 89' lang='lat' dir='ltr'>ete.</span> <span class='ocrx_word' id='word_1_128' title='bbox 2331 2499 2550 2551; x_wconf 89' lang='lat' dir='ltr'>nostre</span> <span class='ocrx_word' id='word_1_129' title='bbox 2595 2491 3014 2570; x_wconf 87' lang='lat' dir='ltr'>protectionis</span> <span class='ocrx_word' id='word_1_130' title='bbox 3059 2501 3126 2551; x_wconf 92' lang='lat' dir='ltr'>et</span> 
     </span>
    </p>
   </div>
   <div class='ocr_carea' id='block_1_5' title="bbox 404 2600 3125 2777">
    <p class='ocr_par' dir='ltr' id='par_1_5' title="bbox 404 2600 3125 2777">
     <span class='ocr_line' id='line_1_17' title="bbox 404 2600 3125 2682; baseline 0.001 -22"><span class='ocrx_word' id='word_1_131' title='bbox 404 2601 797 2663; x_wconf 89' lang='lat' dir='ltr'>inhibitionis</span> <span class='ocrx_word' id='word_1_132' title='bbox 840 2613 959 2663; x_wconf 93' lang='lat' dir='ltr'>etc.</span> <span class='ocrx_word' id='word_1_133' title='bbox 1030 2600 1275 2664; x_wconf 89' lang='lat' dir='ltr'>Datum</span> <span class='ocrx_word' id='word_1_134' title='bbox 1320 2603 1492 2682; x_wconf 90' lang='lat' dir='ltr'>apud</span> <span class='ocrx_word' id='word_1_135' title='bbox 1544 2603 1789 2665; x_wconf 88' lang='lat' dir='ltr'>Urbem</span> <span class='ocrx_word' id='word_1_136' title='bbox 1836 2613 2114 2664; x_wconf 87' lang='lat' dir='ltr'>veterem</span> <span class='ocrx_word' id='word_1_137' title='bbox 2166 2603 2306 2666; x_wconf 88' lang='lat' dir='ltr'><strong>XII.</strong></span> <span class='ocrx_word' id='word_1_138' title='bbox 2371 2601 2493 2664; x_wconf 89' lang='lat' dir='ltr'>kal.</span> <span class='ocrx_word' id='word_1_139' title='bbox 2541 2605 2820 2677; x_wconf 87' lang='lat' dir='ltr'>ianuarii,</span> <span class='ocrx_word' id='word_1_140' title='bbox 2867 2602 3125 2682; x_wconf 90' lang='lat' dir='ltr'>pontifi-</span> 
     </span>
     <span class='ocr_line' id='line_1_18' title="bbox 404 2717 1307 2777; baseline 0 -2"><span class='ocrx_word' id='word_1_141' title='bbox 404 2725 589 2776; x_wconf 88' lang='lat' dir='ltr'>catus</span> <span class='ocrx_word' id='word_1_142' title='bbox 636 2717 833 2776; x_wconf 89' lang='lat' dir='ltr'>nostri</span> <span class='ocrx_word' id='word_1_143' title='bbox 878 2734 1054 2776; x_wconf 89' lang='lat' dir='ltr'>anno</span> <span class='ocrx_word' id='word_1_144' title='bbox 1099 2717 1307 2777; x_wconf 90' lang='lat' dir='ltr'>tertio.</span> 
     </span>
    </p>
   </div>
   <div class='ocr_carea' id='block_1_6' title="bbox 406 2908 3124 3091">
    <p class='ocr_par' dir='ltr' id='par_1_6' title="bbox 406 2908 3124 3091">
     <span class='ocr_line' id='line_1_19' title="bbox 593 2908 3124 2985; baseline 0 -20"><span class='ocrx_word' id='word_1_145' title='bbox 593 2908 857 2966; x_wconf 82' lang='lat' dir='ltr'>Theiner</span> <span class='ocrx_word' id='word_1_146' title='bbox 911 2910 1081 2967; x_wconf 83' lang='lat' dir='ltr'>Mon.</span> <span class='ocrx_word' id='word_1_147' title='bbox 1145 2910 1359 2984; x_wconf 84' lang='lat' dir='ltr'>Hung.</span> <span class='ocrx_word' id='word_1_148' title='bbox 1410 2919 1459 2967; x_wconf 85' lang='lat' dir='ltr'>l.</span> <span class='ocrx_word' id='word_1_149' title='bbox 1510 2930 1604 2967; x_wconf 76' lang='grc' dir='ltr'>κο.</span> <span class='ocrx_word' id='word_1_150' title='bbox 1662 2912 1797 2968; x_wconf 75' lang='lat'><em>472.</em></span> <span class='ocrx_word' id='word_1_151' title='bbox 1857 2918 1966 2967; x_wconf 83' lang='lat' dir='ltr'>str.</span> <span class='ocrx_word' id='word_1_152' title='bbox 2030 2912 2162 2967; x_wconf 80' lang='lat'><strong><em>255.</em></strong></span> <span class='ocrx_word' id='word_1_153' title='bbox 2209 2910 2278 2967; x_wconf 85' lang='lat' dir='ltr'>Iz</span> <span class='ocrx_word' id='word_1_154' title='bbox 2324 2930 2452 2983; x_wconf 83' lang='lat' dir='ltr'>reg.</span> <span class='ocrx_word' id='word_1_155' title='bbox 2512 2911 2664 2984; x_wconf 84' lang='lat' dir='ltr'>orig.</span> <span class='ocrx_word' id='word_1_156' title='bbox 2713 2929 2814 2967; x_wconf 87' lang='lat' dir='ltr'>an.</span> <span class='ocrx_word' id='word_1_157' title='bbox 2868 2908 2988 2967; x_wconf 90' lang='lat' dir='ltr'><em>III.</em></span> <span class='ocrx_word' id='word_1_158' title='bbox 3035 2919 3124 2985; x_wconf 86' lang='lat' dir='ltr'>ep.</span> 
     </span>
     <span class='ocr_line' id='line_1_20' title="bbox 406 3012 3116 3091; baseline 0 -24"><span class='ocrx_word' id='word_1_159' title='bbox 406 3014 573 3071; x_wconf 75' lang='lat'><strong><em>1419.</em></strong></span> <span class='ocrx_word' id='word_1_160' title='bbox 619 3020 737 3072; x_wconf 84' lang='lat' dir='ltr'>tom</span> <span class='ocrx_word' id='word_1_161' title='bbox 785 3014 905 3072; x_wconf 89' lang='lat' dir='ltr'><em>III.</em></span> <span class='ocrx_word' id='word_1_162' title='bbox 936 3014 1065 3091; x_wconf 90' lang='lat' dir='ltr'><em>fol.</em></span> <span class='ocrx_word' id='word_1_163' title='bbox 1113 3016 1254 3070; x_wconf 82' lang='lat'><em>270.</em></span> <span class='ocrx_word' id='word_1_164' title='bbox 1290 3044 1375 3057; x_wconf 92' lang='lat'>—-·</span> <span class='ocrx_word' id='word_1_165' title='bbox 1404 3015 1595 3089; x_wconf 69' lang='lat' dir='ltr'>Fejdr</span> <span class='ocrx_word' id='word_1_166' title='bbox 1646 3014 1789 3073; x_wconf 78' lang='lat' dir='ltr'>cod.</span> <span class='ocrx_word' id='word_1_167' title='bbox 1838 3014 1987 3090; x_wconf 84' lang='lat' dir='ltr'>dipl.</span> <span class='ocrx_word' id='word_1_168' title='bbox 2054 3014 2184 3072; x_wconf 88' lang='lat' dir='ltr'><em>VII.</em></span> <span class='ocrx_word' id='word_1_169' title='bbox 2239 3016 2291 3072; x_wconf 87' lang='lat'>5.</span> <span class='ocrx_word' id='word_1_170' title='bbox 2346 3016 2484 3071; x_wconf 85' lang='lat'><em>339.</em></span> <span class='ocrx_word' id='word_1_171' title='bbox 2530 3048 2616 3056; x_wconf 86' lang='lat'>—</span> <span class='ocrx_word' id='word_1_172' title='bbox 2679 3013 2924 3072; x_wconf 84' lang='lat' dir='ltr'>Wenzel</span> <span class='ocrx_word' id='word_1_173' title='bbox 2972 3012 3116 3072; x_wconf 82' lang='lat' dir='ltr'>Cod.</span> 
     </span>
    </p>
   </div>
   <div class='ocr_carea' id='block_1_7' title="bbox 402 3117 3140 3278">
    <p class='ocr_par' dir='ltr' id='par_1_7' title="bbox 402 3117 3140 3278">
     <span class='ocr_line' id='line_1_21' title="bbox 402 3117 3140 3195; baseline 0 -21"><span class='ocrx_word' id='word_1_174' title='bbox 402 3117 641 3194; x_wconf 85' lang='lat' dir='ltr'>Arpad.</span> <span class='ocrx_word' id='word_1_175' title='bbox 689 3118 808 3176; x_wconf 89' lang='lat' dir='ltr'><em>III.</em></span> <span class='ocrx_word' id='word_1_176' title='bbox 862 3122 957 3174; x_wconf 76' lang='lat'>64.</span> <span class='ocrx_word' id='word_1_177' title='bbox 995 3154 1078 3161; x_wconf 84' lang='lat'>——</span> <span class='ocrx_word' id='word_1_178' title='bbox 1109 3117 1397 3175; x_wconf 77' lang='lat' dir='ltr'>Potthast</span> <span class='ocrx_word' id='word_1_179' title='bbox 1438 3119 1585 3191; x_wconf 84' lang='lat' dir='ltr'>Reg.</span> <span class='ocrx_word' id='word_1_180' title='bbox 1630 3120 1858 3195; x_wconf 36' lang='lat' dir='ltr'>pontt-&#39;fi</span> <span class='ocrx_word' id='word_1_181' title='bbox 1907 3118 1993 3175; x_wconf 87' lang='lat' dir='ltr'>ll.</span> <span class='ocrx_word' id='word_1_182' title='bbox 2045 3138 2140 3175; x_wconf 85' lang='lat' dir='ltr'>no.</span> <span class='ocrx_word' id='word_1_183' title='bbox 2192 3121 2406 3176; x_wconf 82' lang='lat'><em>18749.</em></span> <span class='ocrx_word' id='word_1_184' title='bbox 2441 3152 2525 3160; x_wconf 89' lang='lat'>--</span> <span class='ocrx_word' id='word_1_185' title='bbox 2555 3117 2936 3193; x_wconf 75' lang='lat' dir='ltr'>Kukuljevic‘</span> <span class='ocrx_word' id='word_1_186' title='bbox 2971 3118 3140 3193; x_wconf 49' lang='lat' dir='ltr'>Reg„</span> 
     </span>
     <span class='ocr_line' id='line_1_22' title="bbox 407 3225 699 3278; baseline 0 0"><span class='ocrx_word' id='word_1_187' title='bbox 407 3241 504 3278; x_wconf 85' lang='lat' dir='ltr'>n0.</span> <span class='ocrx_word' id='word_1_188' title='bbox 562 3225 699 3278; x_wconf 83' lang='grc'><em>843.</em></span> 
     </span>
    </p>
   </div>
   <div class='ocr_carea' id='block_1_8' title="bbox 412 3515 1870 3789">
    <p class='ocr_par' dir='ltr' id='par_1_8' title="bbox 412 3515 1870 3789">
     <span class='ocr_line' id='line_1_23' title="bbox 1676 3515 1870 3597; baseline -0.021 0"><span class='ocrx_word' id='word_1_189' title='bbox 1676 3515 1870 3597; x_wconf 84' lang='grc'><strong>773.</strong></span> 
     </span>
     <span class='ocr_line' id='line_1_24' title="bbox 412 3704 1153 3789; baseline 0.003 -20"><span class='ocrx_word' id='word_1_190' title='bbox 412 3704 618 3771; x_wconf 85' lang='grc'><strong>1263.</strong></span> <span class='ocrx_word' id='word_1_191' title='bbox 665 3704 840 3789; x_wconf 76' lang='lat' dir='ltr'>Kraj</span> <span class='ocrx_word' id='word_1_192' title='bbox 888 3704 1153 3772; x_wconf 72' lang='lat' dir='ltr'>Boane.</span> 
     </span>
    </p>
   </div>
   <div class='ocr_carea' id='block_1_9' title="bbox 408 3892 3124 4094">
    <p class='ocr_par' dir='ltr' id='par_1_9' title="bbox 408 3892 3124 4094">
     <span class='ocr_line' id='line_1_25' title="bbox 408 3892 3120 3981; baseline 0 -24"><span class='ocrx_word' id='word_1_193' title='bbox 408 3894 588 3958; x_wconf 78' lang='lat' dir='ltr'>Bela</span> <span class='ocrx_word' id='word_1_194' title='bbox 636 3895 827 3979; x_wconf 60' lang='lat' dir='ltr'>krah&#39;</span> <span class='ocrx_word' id='word_1_195' title='bbox 867 3897 1151 3981; x_wconf 77' lang='lat' dir='ltr'>ugarskt</span> <span class='ocrx_word' id='word_1_196' title='bbox 1199 3895 1234 3958; x_wconf 79' lang='grc' dir='ltr'>ι’</span> <span class='ocrx_word' id='word_1_197' title='bbox 1271 3896 1590 3961; x_wconf 72' lang='lat' dir='ltr'>krvatski</span> <span class='ocrx_word' id='word_1_198' title='bbox 1644 3896 2068 3981; x_wconf 69' lang='lat' dir='ltr'>nagradjuyle</span> <span class='ocrx_word' id='word_1_199' title='bbox 2127 3894 2364 3979; x_wconf 66' lang='lat' dir='ltr'>Filzpa</span> <span class='ocrx_word' id='word_1_200' title='bbox 2412 3894 2446 3957; x_wconf 75' lang='grc' dir='ltr'>ι’</span> <span class='ocrx_word' id='word_1_201' title='bbox 2484 3894 2776 3957; x_wconf 82' lang='lat' dir='ltr'>Barlola</span> <span class='ocrx_word' id='word_1_202' title='bbox 2841 3892 3120 3957; x_wconf 70' lang='lat' dir='ltr'>Skalic‘a</span> 
     </span>
     <span class='ocr_line' id='line_1_26' title="bbox 604 4006 3124 4094; baseline -0 -23"><span class='ocrx_word' id='word_1_203' title='bbox 604 4006 661 4072; x_wconf 84' lang='lat' dir='ltr'>z‘z</span> <span class='ocrx_word' id='word_1_204' title='bbox 708 4008 883 4072; x_wconf 75' lang='lat' dir='ltr'>Like</span> <span class='ocrx_word' id='word_1_205' title='bbox 923 4008 1307 4093; x_wconf 73' lang='lat' dir='ltr'>plemic‘kz&#39;m</span> <span class='ocrx_word' id='word_1_206' title='bbox 1345 4009 1577 4094; x_wconf 73' lang='lat' dir='ltr'>grbom</span> <span class='ocrx_word' id='word_1_207' title='bbox 1626 4008 1659 4071; x_wconf 81' lang='grc' dir='ltr'>ι’</span> <span class='ocrx_word' id='word_1_208' title='bbox 1687 4010 1976 4094; x_wconf 76' lang='lat' dir='ltr'>gradem</span> <span class='ocrx_word' id='word_1_209' title='bbox 2026 4007 2360 4072; x_wconf 79' lang='lat' dir='ltr'>Skradom</span> <span class='ocrx_word' id='word_1_210' title='bbox 2409 4028 2455 4071; x_wconf 84' lang='lat' dir='ltr'><em>u</em></span> <span class='ocrx_word' id='word_1_211' title='bbox 2503 4008 2908 4093; x_wconf 79' lang='lat' dir='ltr'>Hrvatskoj.</span> <span class='ocrx_word' id='word_1_212' title='bbox 3121 4010 3124 4013; x_wconf 78' lang='grc'><strong>’</strong></span> 
     </span>
    </p>
   </div>
   <div class='ocr_carea' id='block_1_10' title="bbox 408 4197 3121 5188">
    <p class='ocr_par' dir='ltr' id='par_1_10' title="bbox 408 4197 3121 5188">
     <span class='ocr_line' id='line_1_27' title="bbox 587 4197 3121 4285; baseline 0 -26"><span class='ocrx_word' id='word_1_213' title='bbox 587 4199 739 4260; x_wconf 89' lang='lat' dir='ltr'>Bela</span> <span class='ocrx_word' id='word_1_214' title='bbox 785 4200 887 4261; x_wconf 93' lang='lat' dir='ltr'>dei</span> <span class='ocrx_word' id='word_1_215' title='bbox 931 4205 1133 4285; x_wconf 87' lang='lat' dir='ltr'>gratia</span> <span class='ocrx_word' id='word_1_216' title='bbox 1180 4202 1525 4284; x_wconf 80' lang='lat' dir='ltr'>Hungarie.</span> <span class='ocrx_word' id='word_1_217' title='bbox 1573 4201 1916 4275; x_wconf 89' lang='lat' dir='ltr'>Dalmacie,</span> <span class='ocrx_word' id='word_1_218' title='bbox 1965 4198 2236 4276; x_wconf 91' lang='lat' dir='ltr'>Croatie,</span> <span class='ocrx_word' id='word_1_219' title='bbox 2283 4200 2504 4273; x_wconf 75' lang='lat' dir='ltr'>Kame,</span> <span class='ocrx_word' id='word_1_220' title='bbox 2551 4198 2790 4274; x_wconf 72' lang='lat' dir='ltr'>Serme,</span> <span class='ocrx_word' id='word_1_221' title='bbox 2836 4197 3121 4272; x_wconf 83' lang='lat' dir='ltr'>Gallicie,</span> 
     </span>
     <span class='ocr_line' id='line_1_28' title="bbox 410 4312 3114 4395; baseline 0 -22"><span class='ocrx_word' id='word_1_222' title='bbox 410 4312 821 4387; x_wconf 85' lang='lat' dir='ltr'>Lodomerie‚</span> <span class='ocrx_word' id='word_1_223' title='bbox 870 4312 1311 4395; x_wconf 89' lang='lat' dir='ltr'>Cumanieque</span> <span class='ocrx_word' id='word_1_224' title='bbox 1356 4335 1469 4376; x_wconf 87' lang='lat' dir='ltr'>rex</span> <span class='ocrx_word' id='word_1_225' title='bbox 1532 4315 1833 4375; x_wconf 90' lang='lat' dir='ltr'>omnibus</span> <span class='ocrx_word' id='word_1_226' title='bbox 1880 4312 2113 4377; x_wconf 86' lang='lat' dir='ltr'>Christi</span> <span class='ocrx_word' id='word_1_227' title='bbox 2156 4313 2452 4374; x_wconf 88' lang='lat' dir='ltr'>fidelibus</span> <span class='ocrx_word' id='word_1_228' title='bbox 2497 4331 2759 4392; x_wconf 88' lang='lat' dir='ltr'>presens</span> <span class='ocrx_word' id='word_1_229' title='bbox 2805 4315 3114 4393; x_wconf 89' lang='lat' dir='ltr'>scriptum</span> 
     </span>
     <span class='ocr_line' id='line_1_29' title="bbox 410 4426 3121 4508; baseline -0.001 -22"><span class='ocrx_word' id='word_1_230' title='bbox 410 4426 787 4505; x_wconf 86' lang='lat' dir='ltr'>inspecturis</span> <span class='ocrx_word' id='word_1_231' title='bbox 828 4437 893 4488; x_wconf 87' lang='lat' dir='ltr'>et</span> <span class='ocrx_word' id='word_1_232' title='bbox 935 4428 1189 4489; x_wconf 86' lang='lat' dir='ltr'>lecturis</span> <span class='ocrx_word' id='word_1_233' title='bbox 1234 4429 1504 4490; x_wconf 87' lang='lat' dir='ltr'>salutern</span> <span class='ocrx_word' id='word_1_234' title='bbox 1550 4429 1613 4489; x_wconf 92' lang='lat' dir='ltr'>in</span> <span class='ocrx_word' id='word_1_235' title='bbox 1662 4448 1741 4489; x_wconf 93' lang='lat' dir='ltr'>eo</span> <span class='ocrx_word' id='word_1_236' title='bbox 1789 4446 1904 4506; x_wconf 91' lang='lat' dir='ltr'>per</span> <span class='ocrx_word' id='word_1_237' title='bbox 1949 4445 2142 4507; x_wconf 90' lang='lat' dir='ltr'>quem</span> <span class='ocrx_word' id='word_1_238' title='bbox 2189 4444 2371 4508; x_wconf 84' lang='lat' dir='ltr'>reges</span> <span class='ocrx_word' id='word_1_239' title='bbox 2409 4435 2678 4508; x_wconf 88' lang='lat' dir='ltr'>regnant</span> <span class='ocrx_word' id='word_1_240' title='bbox 2709 4434 2772 4485; x_wconf 93' lang='lat' dir='ltr'>et</span> <span class='ocrx_word' id='word_1_241' title='bbox 2804 4426 3121 4504; x_wconf 89' lang='lat' dir='ltr'>principes</span> 
     </span>
     <span class='ocr_line' id='line_1_30' title="bbox 408 4539 3119 4624; baseline -0.001 -25"><span class='ocrx_word' id='word_1_242' title='bbox 408 4539 840 4603; x_wconf 88' lang='lat' dir='ltr'>dominantur.</span> <span class='ocrx_word' id='word_1_243' title='bbox 924 4541 1122 4624; x_wconf 88' lang='lat' dir='ltr'>Regie</span> <span class='ocrx_word' id='word_1_244' title='bbox 1190 4542 1559 4603; x_wconf 88' lang='lat' dir='ltr'>sublimitati</span> <span class='ocrx_word' id='word_1_245' title='bbox 1628 4543 1931 4602; x_wconf 88' lang='lat' dir='ltr'>conuenit</span> <span class='ocrx_word' id='word_1_246' title='bbox 2002 4542 2294 4601; x_wconf 88' lang='lat' dir='ltr'>omnium</span> <span class='ocrx_word' id='word_1_247' title='bbox 2361 4540 2692 4600; x_wconf 88' lang='lat' dir='ltr'>nationum</span> <span class='ocrx_word' id='word_1_248' title='bbox 2763 4540 2996 4617; x_wconf 88' lang='lat' dir='ltr'>pariter</span> <span class='ocrx_word' id='word_1_249' title='bbox 3056 4547 3119 4598; x_wconf 92' lang='lat' dir='ltr'>et</span> 
     </span>
     <span class='ocr_line' id='line_1_31' title="bbox 410 4651 3116 4736; baseline -0.001 -23"><span class='ocrx_word' id='word_1_250' title='bbox 410 4651 770 4736; x_wconf 85' lang='lat' dir='ltr'>linguarum</span> <span class='ocrx_word' id='word_1_251' title='bbox 817 4664 1040 4736; x_wconf 86' lang='lat' dir='ltr'>gentes</span> <span class='ocrx_word' id='word_1_252' title='bbox 1085 4656 1201 4716; x_wconf 88' lang='lat' dir='ltr'>sibi</span> <span class='ocrx_word' id='word_1_253' title='bbox 1248 4655 1484 4717; x_wconf 92' lang='lat' dir='ltr'>deuote</span> <span class='ocrx_word' id='word_1_254' title='bbox 1544 4654 1927 4715; x_wconf 89' lang='lat' dir='ltr'>adherentes</span> <span class='ocrx_word' id='word_1_255' title='bbox 1995 4654 2203 4714; x_wconf 89' lang='lat' dir='ltr'>taliter</span> <span class='ocrx_word' id='word_1_256' title='bbox 2246 4652 2601 4732; x_wconf 91' lang='lat' dir='ltr'>prouidere,</span> <span class='ocrx_word' id='word_1_257' title='bbox 2646 4662 2712 4711; x_wconf 90' lang='lat' dir='ltr'>vt</span> <span class='ocrx_word' id='word_1_258' title='bbox 2757 4651 2859 4712; x_wconf 89' lang='lat' dir='ltr'>alii</span> <span class='ocrx_word' id='word_1_259' title='bbox 2906 4670 3116 4729; x_wconf 83' lang='lat' dir='ltr'>super-</span> 
     </span>
     <span class='ocr_line' id='line_1_32' title="bbox 410 4763 3121 4846; baseline -0.001 -19"><span class='ocrx_word' id='word_1_260' title='bbox 410 4768 744 4829; x_wconf 89' lang='lat' dir='ltr'>uenientes</span> <span class='ocrx_word' id='word_1_261' title='bbox 809 4788 1032 4829; x_wconf 90' lang='lat' dir='ltr'>eorum</span> <span class='ocrx_word' id='word_1_262' title='bbox 1092 4769 1396 4846; x_wconf 87' lang='lat' dir='ltr'>exempla</span> <span class='ocrx_word' id='word_1_263' title='bbox 1453 4769 1776 4828; x_wconf 89' lang='lat' dir='ltr'>imitantes</span> <span class='ocrx_word' id='word_1_264' title='bbox 1820 4766 1904 4827; x_wconf 90' lang='lat' dir='ltr'>ad</span> <span class='ocrx_word' id='word_1_265' title='bbox 1952 4766 2272 4827; x_wconf 86' lang='lat' dir='ltr'>fidelitatis</span> <span class='ocrx_word' id='word_1_266' title='bbox 2333 4783 2528 4844; x_wconf 87' lang='lat' dir='ltr'>opera</span> <span class='ocrx_word' id='word_1_267' title='bbox 2594 4764 2955 4825; x_wconf 86' lang='lat' dir='ltr'>exercenda</span> <span class='ocrx_word' id='word_1_268' title='bbox 3001 4763 3121 4824; x_wconf 88' lang='lat' dir='ltr'>ser-</span> 
     </span>
     <span class='ocr_line' id='line_1_33' title="bbox 411 4877 3120 4959; baseline -0.001 -18"><span class='ocrx_word' id='word_1_269' title='bbox 411 4884 664 4941; x_wconf 86' lang='lat' dir='ltr'>uentius</span> <span class='ocrx_word' id='word_1_270' title='bbox 693 4891 1057 4942; x_wconf 88' lang='lat' dir='ltr'>euocentur.</span> <span class='ocrx_word' id='word_1_271' title='bbox 1091 4882 1214 4943; x_wconf 88' lang='lat' dir='ltr'>Pro</span> <span class='ocrx_word' id='word_1_272' title='bbox 1246 4902 1326 4943; x_wconf 93' lang='lat' dir='ltr'>eo</span> <span class='ocrx_word' id='word_1_273' title='bbox 1357 4882 1441 4943; x_wconf 89' lang='lat' dir='ltr'>ad</span> <span class='ocrx_word' id='word_1_274' title='bbox 1472 4883 1912 4942; x_wconf 88' lang='lat' dir='ltr'>vniuersorum</span> <span class='ocrx_word' id='word_1_275' title='bbox 1937 4890 2067 4941; x_wconf 90' lang='lat' dir='ltr'>tam</span> <span class='ocrx_word' id='word_1_276' title='bbox 2109 4882 2500 4959; x_wconf 87' lang='lat' dir='ltr'>presentium</span> <span class='ocrx_word' id='word_1_277' title='bbox 2532 4897 2729 4957; x_wconf 89' lang='lat' dir='ltr'>quam</span> <span class='ocrx_word' id='word_1_278' title='bbox 2764 4877 3120 4939; x_wconf 85' lang='lat' dir='ltr'>futurorum</span> 
     </span>
     <span class='ocr_line' id='line_1_34' title="bbox 412 4992 3117 5073; baseline -0.001 -20"><span class='ocrx_word' id='word_1_279' title='bbox 412 4995 705 5054; x_wconf 89' lang='lat' dir='ltr'>notitiam</span> <span class='ocrx_word' id='word_1_280' title='bbox 752 4994 976 5055; x_wconf 89' lang='lat' dir='ltr'>harum</span> <span class='ocrx_word' id='word_1_281' title='bbox 1022 4997 1182 5056; x_wconf 87' lang='lat' dir='ltr'>serie</span> <span class='ocrx_word' id='word_1_282' title='bbox 1228 4995 1523 5056; x_wconf 88' lang='lat' dir='ltr'>volumus</span> <span class='ocrx_word' id='word_1_283' title='bbox 1567 4996 1918 5073; x_wconf 89' lang='lat' dir='ltr'>peruenire,</span> <span class='ocrx_word' id='word_1_284' title='bbox 1966 4993 2143 5072; x_wconf 89' lang='lat' dir='ltr'>quod</span> <span class='ocrx_word' id='word_1_285' title='bbox 2189 5012 2336 5054; x_wconf 91' lang='lat' dir='ltr'>cum</span> <span class='ocrx_word' id='word_1_286' title='bbox 2383 4992 2647 5053; x_wconf 88' lang='lat' dir='ltr'>humani</span> <span class='ocrx_word' id='word_1_287' title='bbox 2691 4993 2942 5073; x_wconf 85' lang='lat' dir='ltr'>generis</span> <span class='ocrx_word' id='word_1_288' title='bbox 2987 5010 3117 5051; x_wconf 90' lang='lat' dir='ltr'>sor-</span> 
     </span>
     <span class='ocr_line' id='line_1_35' title="bbox 412 5102 3120 5188; baseline -0.001 -20"><span class='ocrx_word' id='word_1_289' title='bbox 412 5106 579 5169; x_wconf 87' lang='lat' dir='ltr'>didis</span> <span class='ocrx_word' id='word_1_290' title='bbox 600 5108 943 5170; x_wconf 88' lang='lat' dir='ltr'>sceleribus</span> <span class='ocrx_word' id='word_1_291' title='bbox 965 5109 1411 5188; x_wconf 87' lang='lat' dir='ltr'>preualescens</span> <span class='ocrx_word' id='word_1_292' title='bbox 1444 5107 1787 5170; x_wconf 90' lang='lat' dir='ltr'>multitudo</span> <span class='ocrx_word' id='word_1_293' title='bbox 1819 5106 2256 5169; x_wconf 88' lang='lat' dir='ltr'>inestimabilis</span> <span class='ocrx_word' id='word_1_294' title='bbox 2295 5105 2516 5167; x_wconf 86' lang='lat' dir='ltr'>rabide</span> <span class='ocrx_word' id='word_1_295' title='bbox 2539 5106 2748 5187; x_wconf 86' lang='lat' dir='ltr'>gentis</span> <span class='ocrx_word' id='word_1_296' title='bbox 2777 5102 3120 5177; x_wconf 87' lang='lat' dir='ltr'>Tartarice,</span> 
     </span>
    </p>
   </div>
  </div>
 </body>
</html>
