3797 5795
1818 391 2231 455 „300-

668 584 735 644 in
780 593 990 644 totum
1037 584 1138 644 uel
1186 585 1249 643 in
1292 593 1542 662 partem
1589 585 1795 662 rumpi
1842 585 2059 662 possit,
2091 593 2224 643 tam
2255 601 2402 643 cum
2449 591 2621 642 carta
2666 600 2861 660 quam
2907 584 3046 644 sine
3092 593 3267 644 carta
3315 595 3379 642 et

668 705 804 757 tam
864 699 927 756 in
983 696 1317 776 temporali
1381 715 1578 774 quam
1640 697 1703 756 in
1764 695 2071 774 spirituali
2131 714 2282 756 cura
2340 713 2560 756 coram
2622 694 3010 774 quibuslibet
3079 695 3380 765 dominiS,

670 809 1021 871 rectoribus
1088 810 1222 869 siue
1290 809 1601 869 iudicibus
1669 827 1783 888 per
1852 807 2130 888 aliquem
2201 808 2468 868 modum
2539 806 2644 868 uel
2713 809 3038 889 ingenium
3089 811 3222 869 siue
3267 827 3388 887 per

670 921 951 1000 aliquam
1014 923 1417 982 occasionem
1482 933 1545 982 et
1609 923 1924 982 rationem
1983 920 2166 983 huius
2229 921 2469 994 mundi,
2537 921 2717 981 saluo
2779 921 2958 1000 quod
3005 923 3054 982 si
3103 921 3384 1002 aliquam

672 1033 1074 1096 manifestam
1126 1034 1541 1116 indigentiam
1575 1034 1677 1095 uel
1710 1035 2154 1095 necessitatem
2187 1044 2294 1094 aut
2329 1033 2763 1094 infirmitatem
2789 1037 2922 1094 siue
2953 1034 3382 1095 infortunium

672 1147 1095 1220 habuerimus,
1141 1150 1227 1208 ita
1274 1147 1451 1226 quod
1519 1165 1650 1208 non
1718 1165 2054 1226 possemus
2123 1165 2240 1207 nos
2311 1165 2425 1226 per
2494 1165 2612 1208 nos
2680 1149 2854 1226 ipsos
2913 1159 3270 1208 sustentare
3317 1160 3385 1207 et

674 1271 1091 1322 manutenere
1137 1272 1198 1321 et
1245 1280 1282 1320 a
1330 1259 1504 1320 dicto
1552 1260 1697 1321 loco
1743 1260 1845 1320 uel
1894 1260 2283 1320 monasterio
2345 1261 2546 1320 sancti
2609 1258 2666 1320 Ν
2676 1259 2884 1338 icolay
2927 1263 3228 1320 iuuamen
3276 1259 3378 1320 uel

673 1372 1062 1434 adiutorium
1092 1392 1224 1434 non
1262 1373 1671 1435 habuerimus
1702 1375 1762 1433 in
1798 1374 2098 1434 omnibus
2145 1373 2330 1433 nobis
2377 1373 2728 1450 oportuniS,
2773 1383 2927 1433 tunc
2958 1373 3128 1433 dicta
3160 1376 3380 1433 omnia

673 1497 891 1547 nostra
950 1487 1125 1547 bona
1185 1486 1288 1547 uel
1348 1497 1597 1565 partem
1644 1506 1729 1548 ex
1774 1488 1865 1546 eis
1910 1486 2188 1547 vendere
2234 1487 2570 1564 possimus,
2633 1495 2948 1565 quantum
2993 1505 3113 1564 pro
3163 1498 3384 1546 nostro

674 1601 843 1659 victu
888 1609 953 1659 et
999 1601 1225 1660 vestitu
1272 1609 1335 1659 et
1382 1598 1803 1660 calciamento
1864 1599 2050 1659 fuerit
2112 1608 2522 1676 oportunum.
2571 1598 2654 1660 Et
2698 1600 2748 1658 si
2795 1599 3010 1677 aliqua
3056 1600 3229 1658 bona
3277 1599 3378 1659 uel

672 1711 910 1790 aliquid
978 1731 1062 1772 ex
1129 1711 1429 1791 predictis
1497 1714 1673 1773 terris
1746 1715 1975 1772 nostris
2043 1713 2460 1772 remanserint
2529 1722 2593 1772 et
2660 1711 3100 1791 superfuerint,
3146 1713 3268 1772 sint
3315 1722 3379 1772 et

672 1835 1049 1885 remaneant
1094 1827 1157 1884 in
1204 1825 1493 1904 predicto
1552 1826 1699 1886 loco
1760 1827 1893 1886 siue
1957 1826 2343 1886 monasterio
2406 1826 2604 1885 sancti
2655 1823 2714 1885 N
2721 1825 2942 1902 icolay.
2990 1823 3231 1885 Actum
3279 1839 3374 1885 est

673 1937 797 1998 hoc
857 1949 919 1999 et
980 1937 1303 1999 firmatum
1372 1939 1771 2018 presentibus
1840 1938 1957 1999 hiis
2030 1939 2271 1998 vocatis
2331 1947 2394 1997 et
2455 1939 2691 2019 rogatis
2761 1939 3046 2010 testibu5‚
3095 1937 3381 1998 videlicet

673 2049 938 2113 Andrea
984 2051 1067 2113 de
1114 2048 1496 2133 Cotopagna
1544 2063 1607 2112 et
1654 2051 1906 2113 Marino
1954 2052 2036 2112 de
2083 2048 2474 2113 Carban050.

850 2166 1092 2242 (Drugi
1136 2167 1431 2243 rukopis).

850 2277 991 2358 Ego
1038 2277 1251 2339 Micha
1300 2277 1505 2354 Boorc
1551 2281 1955 2338 examinator
2003 2297 2266 2338 manum
2315 2297 2528 2339 meam
2579 2279 2736 2337 misi.

852 2392 1155 2469 (Rukopis
1200 2391 1317 2451 kao
1365 2395 1449 2452 od
1478 2392 1786 2468 poc'etka).

850 2501 995 2584 Ego
1045 2503 1419 2565 Vincentius
1482 2503 1749 2564 ecclesie
1809 2513 2028 2564 sancte
2099 2503 2298 2564 Marie
2347 2504 2601 2562 maioris
2647 2502 2910 2562 clericus
2955 2513 3017 2562 et
3062 2501 3384 2581 jadrensis

676 2618 958 2676 notarius
1003 2617 1302 2695 predictis
1347 2617 1597 2678 interfui
1645 2629 1919 2698 rogatuS‚
1953 2627 2018 2676 ut
2051 2616 2264 2677 audiui
2298 2615 2462 2677 hanc
2507 2625 2751 2676 cartam
2799 2617 3038 2694 scripsi,
3084 2615 3380 2676 roboraui

677 2738 742 2788 et
788 2730 972 2810 signo
1018 2730 1207 2790 solito
1254 2731 1515 2812 signaui.

856 2845 1063 2919 [δέξῃ.
1114 2841 1347 2923 notar.)

866 2984 1163 3059 Ortge'nal
1203 3004 1243 3041 u
1281 2984 1543 3058 gubern.
1594 2985 1814 3042 arkivu
1880 3004 1920 3040 u
1983 2986 2214 3051 Zadru‚
2263 2985 2400 3041 odia
2448 2992 2695 3040 samost.
2747 3004 2832 3040 π’.
2887 2982 3112 3040 Nikole
3159 2982 3248 3038 br.
3305 2987 3386 3037 41.

1945 3240 2139 3319 795.

686 3374 890 3453 1264,
937 3374 1042 3440 15.
1080 3372 1258 3456 jule..
1305 3372 1364 3439 U
1410 3371 1868 3439 Cittavechii.

699 3545 931 3609 Urban
985 3546 1108 3608 IV.
1154 3553 1333 3630 papa
1378 3545 1669 3629 bt'skupu
1713 3545 2265 3630 vesprz'mskomu,
2304 3546 2395 3608 da
2443 3566 2529 3607 ne
2574 3545 2664 3607 da
2715 3542 3208 3607 uznemirivati
3243 3542 3388 3605 her·

1379 3680 1533 3743 cega
1582 3660 1760 3722 Belu
1811 3680 1857 3721 u
1908 3656 2245 3744 njegovz'm
2285 3658 2690 3743 possedima.

869 3834 1165 3895 Urbanus
1210 3837 1548 3914 episcopus
1596 3855 1811 3896 servus
1860 3853 2187 3897 servorum
2237 3834 2338 3895 dei
2373 3833 2712 3894 venerabili
2748 3832 2918 3893 fratri
2967 3828 3217 3913 (Paulo)
3266 3833 3390 3909 epi-

688 3964 889 4025 scopo
936 3946 1371 4025 Vesprimensi
1420 3948 1687 4009 salutem
1737 3961 1798 4009 et
1844 3948 2265 4027 apostolicam
2313 3945 2849 4007 benedictionem.
2898 3943 3066 4022 Quia
3126 3944 3391 4007 dilectus

688 4058 852 4120 filius
896 4060 1126 4120 nobilis
1187 4063 1276 4121 vir
1336 4060 1486 4122 Bela
1548 4060 1681 4121 dux
1751 4060 2089 4124 Sclavonie
2150 4059 2276 4121 deo
2337 4070 2400 4119 et
2463 4058 2727 4119 ecclesie
2789 4058 3058 4118 devotus
3118 4075 3258 4119 esse
3303 4056 3390 4116 di·

693 4172 989 4247 noscitur,
1034 4192 1375 4253 personam
1423 4193 1603 4234 suam
1652 4174 1921 4235 libenter
1980 4174 2282 4253 prosequi
2338 4172 2634 4233 volumus
2689 4172 2946 4252 benigni
3002 4170 3392 4230 exhibitione

691 4285 937 4347 favoris.
1008 4285 1177 4347 Hinc
1221 4297 1318 4346 est
1378 4296 1495 4346 etc.
1557 4287 1673 4346 sibi
1734 4288 2110 4347 auctoritate
2164 4285 2514 4365 apostolica
2569 4285 2874 4345 duximus
2933 4282 3394 4344 confirmanda.

692 4398 1008 4477 Quocirca
1088 4397 1485 4472 mandatnm,
1554 4410 1865 4477 quatenus
1923 4399 2238 4478 prefatum
2310 4398 2543 4459 ducem
2615 4415 2744 4457 non
2817 4398 3150 4475 permittas
3210 4413 3396 4474 super

692 4513 1013 4591 premissis
1073 4522 1295 4573 contra
1357 4512 1717 4573 huiusmodi
1763 4512 2268 4573 confirmationis
2331 4522 2544 4571 nostre
2599 4522 2892 4570 tenorem
2952 4509 3038 4569 ab
3081 4508 3396 4587 aliquibus

709 4625 993 4685 indebite
1069 4625 1407 4698 molestari,
1488 4625 1932 4686 molestatores
2001 4635 2118 4685 ete.
2217 4623 2455 4686 Datum
2533 4623 2708 4702 apud
2799 4622 3038 4685 Urbem
3119 4633 3393 4681 veterem

696 4738 906 4799 idibus
950 4738 1095 4811 iulii,
1141 4738 1548 4817 pontificatus
1595 4740 1789 4799 nostri
1838 4756 2009 4799 anno
2058 4739 2259 4799 tertio,

876 4870 1141 4929 Theiner
1198 4871 1365 4927 Mon.
1430 4872 1642 4945 Hung.
1693 4871 1742 4927 J.
1792 4890 1886 4927 no.
1945 4872 2081 4927 499.
2129 4878 2238 4927 str.
2285 4872 2425 4925 273.
2477 4870 2544 4927 [ε
2591 4888 2714 4943 reg.
2779 4869 2934 4942 ortgr.
2981 4887 3082 4924 an.
3134 4866 3256 4925 III.
3305 4876 3395 4942 ep.

697 4980 856 5034 1817.
922 4974 1095 5037 Tom.
1160 4977 1283 5035 III.
1334 4978 1473 5033 337.
1526 5009 1604 5018 --
1653 4976 1848 5051 Fey'e‘r
1890 4975 1934 5033 I
1941 4976 2000 5033 V.
2054 4976 2107 5030 3.
2161 4976 2302 5031 234.
2351 5008 2436 5015 —
2485 4974 2702 5031 Koller
2743 4974 2910 5030 Hist.
2961 4973 3145 5047 episc.
3201 4971 3398 5042 Quin-

694 5082 955 5161 queeccl.
1006 5082 1093 5139 II.
1148 5085 1263 5137 191.
1331 5112 1415 5122 --
1478 5080 1763 5137 Pottltast
1817 5081 1970 5153 Reg.
2017 5080 2241 5156 pontif.
2292 5078 2376 5136 Il.
2427 5098 2521 5136 no.
2573 5080 2753 5136 18.97
2760 5082 2811 5135 6.
2873 5112 2958 5118 —
3031 5074 3406 5151 Kukuljevic'

690 5188 845 5261 Reg.
893 5206 986 5244 κο.
1042 5190 1177 5244 868.
