3797 5795
1885 389 2295 449 —118--

727 574 1059 651 quondam
1107 574 1296 635 aliam
1346 587 1595 649 terram,
1626 579 1997 658 contiguam
2030 578 2165 651 sibi,
2197 580 2399 638 eciam
2442 579 2809 655 empticiam
2847 588 3065 637 cotum
3117 577 3447 647 dicebant,

729 704 918 765 super
984 686 1108 747 hoc
1176 688 1570 769 priuilegium
1644 690 1898 767 capituli
1970 690 2404 771 Zagrabiensis
2472 691 2655 751 nobis
2700 702 3159 769 presentarunt.
3240 689 3447 750 Vnde

727 798 957 860 auditis
1003 802 1286 878 parcium
1333 804 1673 879 propositis
1703 813 1764 862 et
1798 804 2124 863 tenoribus
2170 804 2478 885 priuilegii
2524 803 2777 882 capituli
2827 803 3179 876 intellectiS,
3228 806 3445 881 ipsam

728 912 1102 991 particulam
1150 928 1310 973 terre
1355 914 1439 974 ad
1485 915 1753 975 alterum
1817 916 2152 977 dimidium
2222 927 2507 977 aratrum
2554 916 2975 977 sufficientem
3024 928 3231 976 castro
3285 915 3453 975 Wo-

730 1024 1034 1085 rosdiensi
1105 1027 1406 1087 duximus
1475 1026 1936 1105 reliquendam.
1983 1029 2114 1091 Sed
2160 1029 2581 1108 postmodum
2642 1028 2813 1089 idem
2874 1027 3171 1090 Andreas
3215 1046 3451 1088 comes

728 1150 792 1197 et
837 1139 1210 1219 iobagiones
1257 1142 1441 1199 castri
1487 1142 1692 1218 ipsam
1735 1141 2107 1219 particulam
2143 1155 2305 1203 terre
2336 1134 2419 1203 ad
2452 1143 2720 1203 alterum
2770 1142 3104 1203 dimidium
3150 1154 3443 1202 aratrum

731 1250 1154 1311 sufficientem
1231 1255 1293 1312 in
1363 1252 1550 1314 Ebris
1619 1266 1683 1313 et
1752 1273 1973 1314 eorum
2046 1256 2450 1334 beneplacito
2511 1267 2575 1315 et
2622 1274 2937 1316 consensu
3008 1254 3249 1315 eisdem
3298 1252 3453 1313 filiis

729 1362 883 1425 5611(
950 1365 1334 1443 reliquerunt
1405 1369 1468 1426 in
1536 1377 1918 1445 perpetuum
1990 1368 2463 1445 possidendam.
2513 1369 2585 1428 In
2631 1371 2807 1429 cuius
2868 1368 3325 1429 concambium
3378 1370 3441 1426 in

731 1487 894 1537 terra
961 1477 1204 1538 Zbelou
1269 1498 1472 1558 prope
1517 1479 1601 1539 ad
1655 1479 2113 1541 Worosdinum
2164 1502 2201 1541 a
2248 1480 2387 1541 filiis
2434 1480 2589 1543 5611(
2656 1494 2899 1541 tantam
2970 1492 3203 1541 terram
3268 1499 3451 1539 rece-

733 1602 976 1668 perunt,
1023 1592 1182 1652 sicut
1229 1594 1292 1651 in
1341 1592 1559 1653 litteris
1604 1591 1870 1654 Andree
1920 1591 2188 1655 Comitis
2239 1594 2711 1655 Worosdiensis
2744 1606 2807 1653 et
2841 1613 2924 1653 ex
2968 1595 3447 1654 assercionibus

735 1705 1146 1785 iobagionum
1215 1708 1396 1765 castri
1467 1708 1890 1786 cognouimus
1954 1708 2321 1779 manifeste;
2383 1718 2519 1767 tum
2565 1727 2682 1785 pro
2729 1727 2825 1781 e0,
2872 1708 3044 1785 quod
3094 1718 3331 1767 terram
3386 1709 3451 1765 in

733 1816 973 1877 Zbelou
1019 1838 1220 1896 prope
1271 1818 1732 1879 Worosdinum
1780 1819 2093 1881 utiliorem
2144 1840 2282 1881 esse
2329 1831 2537 1881 castro
2597 1822 2999 1894 noscebatur,
3040 1840 3186 1881 cum
3234 1822 3449 1880 eciam

732 1950 848 2008 pro
895 1950 991 2002 6ο,
1037 1930 1215 2010 quod
1261 1933 1656 2013 priuilegium
1705 1934 1978 2012 capituli,
2049 1936 2111 1993 in
2157 1953 2287 2013 quo
2335 1936 2537 1994 eciam
2585 1934 2705 1994 alie
2753 1949 2916 1994 terre
2962 1934 3232 1994 filiorum
3284 1932 3449 1995 5611(

735 2045 1244 2118 continebantur,
1290 2046 1528 2105 irritare
1560 2065 1692 2106 non
1724 2047 1955 2118 liceret,
2002 2050 2161 2107 sicut
2208 2048 2556 2107 dicebatur.
2606 2047 2741 2107 Nos
2786 2059 3001 2107 autem
3051 2048 3253 2125 ipsam
3302 2066 3451 2125 par-

737 2158 992 2218 ticulam
1062 2168 1226 2219 terre
1271 2159 1354 2219 ad
1400 2160 1668 2221 alterum
1738 2161 2071 2221 dimidium
2135 2171 2411 2220 aratrum
2482 2159 2899 2221 sufficientem
2949 2162 3013 2219 in
3062 2160 3246 2219 Ebris
3293 2178 3449 2220 cum

737 2270 870 2331 aliis
916 2274 1093 2331 terris
1139 2274 1199 2332 in
1251 2274 1578 2354 priuilegio
1646 2274 1753 2332 illo
1821 2274 2298 2333 continentibus
2367 2273 2607 2333 eisdem
2678 2271 2817 2333 filiis
2864 2272 3017 2335 5611(
3062 2274 3450 2332 auctoritate

739 2386 1135 2463 presencium
1184 2384 1550 2463 reliquimus
1596 2388 1656 2445 in
1706 2398 2086 2464 perpetuum
2145 2386 2604 2465 possidendam
2650 2396 2713 2446 et
2761 2396 2995 2445 terram
3042 2385 3125 2445 ad
3172 2385 3449 2445 alterum

739 2498 1072 2558 dimidium
1144 2510 1420 2559 aratrum
1493 2498 1913 2560 sufficientem
1960 2501 2021 2559 in
2070 2498 2311 2559 Zbelou
2372 2512 2581 2559 castro
2642 2499 3011 2577 reliquimus
3056 2498 3343 2557 similiter
3392 2500 3451 2555 in

740 2622 1136 2690 perpetuum.
1208 2612 1286 2672 Et
1336 2615 1482 2687 quia
1531 2615 1737 2691 ipsum
1785 2613 2179 2693 priuilegium
2243 2612 2495 2690 capituli
2560 2610 3234 2693 Zagrabiensissuper
3280 2610 3455 2669 facto

739 2723 982 2783 illarum
1047 2735 1369 2793 terrarum,
1416 2725 1590 2803 quod
1641 2724 1742 2785 filii
1792 2724 1947 2787 5611(
1993 2735 2532 2803 presentauerant,
2580 2728 2643 2784 in
2693 2724 2985 2784 manibus
3058 2724 3288 2783 nostris
3341 2742 3453 2782 no-

740 2836 1012 2897 lentibus
1081 2838 1266 2896 nobis
1335 2842 1599 2919 contigit
1669 2838 1944 2912 lacerari,
2016 2850 2305 2900 tenorem
2375 2840 2565 2918 ipsius
2635 2838 2937 2919 priuilegii
2988 2838 3071 2897 de
3117 2838 3321 2897 uerbo
3368 2836 3452 2895 ad

739 2951 1007 3011 uerbum
1053 2954 1410 3012 transscribi
1459 2955 1520 3011 in
1569 2963 1933 3030 presentem
1981 2955 2281 3033 paginam
2332 2963 2616 3013 nostram
2664 2953 2945 3024 fecimus,
2994 2972 3075 3011 ne
3126 2951 3265 3011 filiis
3294 2949 3452 3012 5611(

737 3065 997 3143 aliquod
1043 3065 1456 3143 preludicium
1491 3085 1604 3142 per
1635 3065 1759 3124 hoc
1794 3065 1921 3125 fieri
1956 3068 2370 3146 contingeret,
2418 3085 2679 3144 presens
2720 3065 3114 3146 priuilegium
3152 3074 3447 3123 nostrum

741 3181 1076 3238 continens
1121 3189 1329 3238 totum
1379 3189 1667 3238 tenorem
1718 3178 2022 3258 priuilegii
2058 3180 2311 3257 capituli
2351 3179 2789 3260 Zagrabiensis
2837 3177 3075 3238 eisdem
3114 3176 3251 3236 filiis
3299 3174 3455 3237 5611(

741 3291 1135 3352 reddidimus
1181 3291 1360 3372 sigilli
1411 3294 1605 3351 nostri
1673 3293 2027 3351 munimine
2096 3292 2487 3363 roboratum,
2536 3304 2605 3351 ut
2661 3292 2963 3369 deinceps
3010 3290 3238 3350 eedem
3287 3301 3453 3348 terre

744 3424 868 3482 que
916 3407 978 3463 in
1025 3407 1294 3482 presenti
1367 3405 1694 3485 priuilegio
1764 3407 2188 3473 continentur,
2258 3425 2371 3482 per
2442 3407 2813 3483 quempiam
2884 3423 3011 3464 non
3075 3406 3320 3481 possint
3391 3405 3451 3460 in

745 3519 983 3577 irritum
1046 3520 1324 3577 reuocari
1374 3528 1435 3577 et
1483 3519 1683 3577 eciam
1751 3517 2151 3596 priuilegium
2214 3517 2405 3594 ipsius
2452 3518 2727 3596 capituli,
2796 3517 2939 3577 licet
2990 3517 3339 3576 laceratum
3390 3524 3452 3574 et

744 3650 781 3688 a
828 3629 1030 3710 sigillo
1091 3641 1471 3706 separatum,
1517 3630 1757 3689 eisdem
1807 3629 1946 3689 filiis
1992 3628 2146 3690 5611(
2190 3648 2337 3689 curn
2400 3629 2602 3710 sigillo
2667 3641 2884 3689 nostro
2942 3631 3259 3689 munitum
3307 3627 3447 3686 red-

746 3741 1022 3803 didimus
1089 3753 1346 3820 propter
1417 3745 1722 3802 maiorem
1791 3746 2183 3803 caucionern.
2268 3743 2484 3804 'l’enor
2553 3747 2752 3802 eciam
2822 3742 3125 3822 priuilegii
3196 3741 3451 3820 capituli

746 3856 847 3915 hic
893 3868 1024 3916 est:

917 4011 1050 4090 (Gl.
1101 4015 1353 4090 t'spravu
1401 4014 1488 4070 br.
1539 4017 1622 4070 od
1669 4019 1834 4069 1236.
1902 4015 2147 4090 kaptola
2209 4015 2683 4088 :ag-rebaekoga.
2747 4015 2863 4072 Vol.
2916 4015 3022 4071 JV.
3075 4014 3164 4072 br.
3224 4019 3303 4071 17.
3342 4025 3442 4089 pg.

750 4135 820 4180 15)
832 4159 903 4169 -—
912 4131 980 4180 21
1026 4147 1216 4198 ovoga
1261 4127 1602 4192 ebornika).

924 4266 1013 4326 Vt
1059 4275 1274 4325 autem
1321 4265 1503 4326 huius
1534 4269 1620 4326 rei
1653 4269 1810 4326 serie
1851 4266 2025 4326 salua
2073 4269 2395 4338 consistat,
2440 4266 2677 4326 litteras
2724 4277 2971 4326 nostras
3018 4267 3451 4325 concessimus

749 4379 930 4460 sigilli
978 4380 1171 4438 nostri
1223 4381 1573 4439 munimine
1619 4381 2066 4452 communitas
2112 4398 2281 4438 anno
2329 4378 2571 4439 domini
2620 4376 2885 4442 M⁰CC⁰
2905 4378 2991 4438 L⁰
3038 4389 3291 4437 octauo

936 4571 1234 4644 Orejgrinal
1287 4592 1317 4627 s
1378 4572 1592 4646 kojega
1642 4593 1706 4627 sc
1745 4577 1932 4647 pedat
1976 4572 2213 4644 iagrubio
2263 4591 2300 4627 u
2348 4571 2568 4627 arkt'vu
2628 4571 2889 4643 hercega
2948 4570 3351 4641 Esterhdzvja
3414 4589 3451 4624 u

751 4663 1109 4750 Zeljetznom.

945 4781 1188 4838 II'e‘nzcl
1242 4781 1374 4848 Vll,
1431 4783 1771 4836 4511-4572
1821 4815 1905 4820 —
1954 4777 2343 4855 Kukrc()'ez'z'c‘'
2398 4783 2547 4853 leeg.
2614 4800 2709 4837 κο.
2767 4784 2903 4838 768.
