3797 5795
1500 373 1908 436 -179—

1611 738 1802 817 685.
1856 788 1861 793 -

414 1137 592 1199 Bela
640 1138 834 1219 kralj
874 1137 1161 1221 ugarskz'
1201 1137 1233 1199 ι’
1269 1137 1588 1201 krvatske'
1630 1140 1877 1224 daruje
1923 1138 2176 1201 krc‘kz'm
2225 1139 2616 1202 knezovz'ma
2685 1141 2993 1203 Vinoa'ol.

523 1347 677 1410 Bela
725 1348 827 1407 dei
873 1350 1079 1427 gracia
1128 1347 1470 1429 Hungarie,
1526 1348 1874 1424 Dalmacie,
1933 1347 2212 1424 Croacie,
2260 1352 2482 1425 Rame,
2527 1349 2786 1427 Galicie,
2836 1351 3054 1412 Lodo-

336 1462 549 1521 merie
593 1471 657 1521 et
706 1460 1138 1525 Cumanorum
1160 1458 1221 1543 (!)
1255 1481 1370 1522 rex
1418 1462 1721 1523 vniuersis
1754 1460 1982 1524 Christi
2035 1460 2328 1523 fidelibus
2358 1474 2685 1542 presentes
2733 1462 3048 1547 nostras(!)

334 1578 569 1635 visuris
614 1575 901 1635 salutem.
948 1574 1297 1654 Postquam
1343 1593 1523 1656 reges
1586 1586 1922 1655 regnarent
1988 1575 2360 1654 dominique
2406 1578 2806 1656 possiderent
2853 1589 3054 1639 terras

338 1700 413 1747 et
460 1706 671 1769 regna,
718 1698 973 1766 oportet
1004 1706 1091 1748 ex
1123 1706 1343 1769 regum
1389 1688 1727 1769 guberniis,
1774 1690 2066 1749 omnium
2109 1689 2464 1769 linguarum
2513 1692 2798 1751 vniuerse
2845 1692 3054 1771 gentis

338 1819 473 1876 que
519 1820 586 1862 se
630 1801 917 1862 alacriter
984 1799 1285 1861 subderet
1346 1802 1429 1859 ita
1490 1801 1843 1879 providere,
1891 1811 1956 1861 vt
2001 1801 2086 1862 illi
2135 1803 2240 1881 qui
2289 1802 2594 1881 deinceps
2655 1806 2940 1863 venerint
2986 1814 3050 1864 et

340 1913 713 1987 succedent,
758 1933 872 1992 per
910 1910 1161 1974 illorum
1208 1913 1579 1991 exemplum
1612 1925 1675 1973 et
1707 1914 2066 1973 doctrinam
2115 1914 2317 1974 multo
2367 1916 2719 1977 feruencius
2751 1928 2813 1977 et
2845 1917 3050 1978 vtilius

340 2037 657 2108 cogantur
718 2027 979 2087 obedire
1026 2037 1089 2087 et
1136 2046 1209 2087 ea
1255 2025 1461 2087 facere
1523 2046 1649 2105 que
1709 2036 1855 2086 sunt
1919 2026 2240 2087 fidelitatis
2299 2030 2482 2108 regie.
2554 2029 2710 2089 Ideo
2751 2006 2858 2089 'ex
2931 2030 3050 2090 hac

278 2218 285 2223 .
342 2143 601 2201 racione
668 2140 963 2201 volumus
1028 2151 1095 2199 et
1152 2139 1341 2200 simul
1406 2140 1709 2199 vniuersis
1754 2151 1817 2199 et
1862 2138 2125 2219 singulis
2192 2151 2324 2199 tam
2392 2143 2792 2218 presentibus
2854 2162 3048 2218 quam

342 2256 723 2315 successuris
783 2253 1075 2315 fidelibus
1137 2262 1361 2313 notum
1422 2253 1705 2314 facimus.
1768 2250 2103 2333 Siquidem
2153 2255 2214 2312 in
2263 2262 2514 2314 tantum
2585 2254 2928 2316 multitudo
2985 2266 3046 2315 et

344 2368 594 2428 malicia
659 2375 1072 2445 peccatorum
1141 2368 1429 2426 vniuerse
1498 2368 1704 2445 gentis
1749 2376 1813 2425 et
1860 2364 2198 2426 hominum
2267 2366 2386 2425 sub
2453 2378 2672 2427 nostro
2743 2369 3048 2447 regimine

341 2480 717 2561 degencium
765 2479 1073 2557 prevaluit
1105 2490 1168 2539 et
1199 2481 1355 2540 citra
1386 2498 1649 2539 omnem
1697 2479 1995 2538 timorem
2043 2490 2106 2539 et
2152 2496 2463 2557 pauorem
2495 2478 2733 2540 diaboli
2781 2480 3040 2541 humani

340 2594 589 2674 generis
634 2593 833 2653 hostis
878 2591 1019 2671 plus
1081 2610 1277 2671 quam
1338 2611 1528 2652 arena
1591 2604 1654 2652 et
1715 2592 1984 2670 abyssus
2045 2593 2235 2651 maris
2297 2598 2594 2665 excreuit,
2658 2593 2774 2653 sed
2822 2594 3048 2653 nolens

340 2707 501 2767 deus
542 2710 823 2785 ipsorum
870 2705 1038 2766 mala
1082 2724 1279 2784 opera
1324 2716 1387 2765 et
1434 2708 1794 2785 iniquitates
1862 2705 2105 2782 absque
2150 2724 2317 2783 pena
2366 2707 2628 2783 impune
2675 2708 3046 2783 permittere

342 2831 410 2881 et
455 2819 773 2900 pullulare,
819 2820 1121 2880 excitauit
1166 2819 1470 2881 Tartaros
1514 2819 1579 2878 in
1627 2821 1874 2879 ruinam
1947 2816 2465 2881 Christianorum.
2516 2818 2633 2879 Per
2681 2838 2844 2896 quos
2891 2818 3047 2879 Tar-

346 2947 532 3008 tarOS,
560 2948 623 2995 vt
655 2945 1074 3016 agnoscerent
1120 2933 1439 2994 vindicem
1471 2933 1665 2994 deum
1710 2952 1902 3011 super
1948 2931 2312 2992 hominihus
2359 2931 2561 3010 plenis
2607 2933 3043 3010 iniquitatibus

344 3061 409 3108 et
455 3048 623 3122 dolo,
666 3059 928 3127 propter
973 3067 1100 3128 que
1144 3047 1381 3108 scelera
1428 3058 1491 3107 et
1538 3057 1800 3124 peccata
1856 3045 2014 3106 deus
2064 3047 2478 3123 omnipotens
2538 3047 2600 3105 in
2647 3064 2760 3105 sua
2809 3047 3042 3106 miseri-

347 3161 560 3222 cordia
620 3160 1051 3240 preseruando
1112 3162 1359 3238 puniuit
1423 3178 1539 3219 nos
1600 3158 1707 3219 tali
1756 3158 1974 3231 mod0,
2035 3157 2211 3238 quod
2275 3177 2419 3218 cum
2469 3177 2588 3219 nos
2634 3157 3044 3240 confligendo

340 3292 489 3335 cum
550 3274 829 3336 Tartaris
890 3276 953 3334 in
1013 3292 1249 3352 campo
1317 3271 1407 3334 Su
1426 3270 1508 3354 (!),
1578 3282 1647 3333 ut
1708 3273 1792 3332 ab
1838 3271 2063 3332 iisdem
2134 3271 2410 3332 totaliter
2477 3273 2624 3332 victi
2669 3283 2732 3331 et
2796 3271 3042 3332 confusi

347 3388 655 3449 fuerimus,
704 3386 897 3449 Vnde
942 3405 1062 3447 nos
1106 3386 1395 3446 videntes
1455 3385 1700 3446 nullum
1745 3385 2052 3445 auxilium
2099 3385 2342 3457 adesse,
2402 3386 2690 3464 quinimo
2737 3385 3040 3465 aufugere

350 3519 464 3560 nos
507 3500 757 3576 debere,
800 3501 980 3561 sicuti
1028 3501 1219 3560 etiam
1267 3498 1625 3580 aufugimus
1654 3498 1738 3559 ad
1769 3509 1982 3576 partes
2028 3500 2392 3570 maritimas,
2439 3508 2777 3575 querentes
2824 3497 3038 3558 locum

344 3614 846 3675 abscondicionis
912 3622 976 3674 et
1044 3614 1435 3691 recepcionis
1508 3615 1669 3672 intra
1745 3631 1937 3672 mare.
2024 3610 2151 3672 Vbi
2222 3629 2341 3671 nos
2410 3610 2818 3689 deplorantes
2879 3612 3039 3673 sicut

345 3726 591 3799 Rachel,
636 3726 1103 3788 considerando
1148 3727 1395 3785 ruinam
1428 3737 1491 3784 et
1524 3744 1750 3785 necem
1797 3725 1892 3784 vel
1944 3725 2228 3784 maxime
2274 3734 2654 3784 nostrorum.
2701 3721 2832 3785 Sed
2879 3724 3042 3785 deus

356 3840 771 3901 misericordie
818 3851 881 3900 et
926 3840 1085 3900 deus
1129 3838 1609 3909 consolacionis
1657 3837 1758 3899 ille
1828 3839 1935 3916 qui
1997 3837 2238 3897 solatur
2281 3855 2432 3896 suos
2479 3855 2662 3896 veros
2707 3846 2772 3896 et
2818 3836 3042 3899 fideles

348 3957 409 4013 in
467 3956 638 4014 omni
707 3951 1001 4014 molestia
1061 3962 1124 4012 et
1184 3952 1441 4012 tristicia
1509 3951 1787 4012 ostendit
1850 3962 1914 4011 et
1977 3951 2267 4029 apperire
2334 3950 2630 4030 dignatus
2700 3961 2795 4010 est
2857 3950 3043 4010 nobis

350 4067 582 4127 fontem
636 4085 749 4128 sue
798 4065 1224 4127 misericordie
1270 4076 1334 4126 et
1382 4065 1549 4124 misit
1594 4064 1675 4124 ad
1723 4084 1858 4139 nOS,
1904 4075 2214 4143 tanquam
2261 4083 2346 4123 ex
2390 4063 2530 4124 celo
2593 4063 3041 4138 consoland05‚

349 4179 603 4242 illustres
690 4179 1068 4262 magnificos
1140 4190 1204 4239 et
1291 4180 1565 4239 eximios
1646 4180 1811 4237 viros
1901 4176 1955 4237 F
1959 4175 2292 4237 ridericum
2371 4188 2432 4236 et
2511 4175 3036 4237 Bartholomeum

350 4291 401 4352 F
402 4311 732 4375 rangepan‚
776 4296 885 4368 qui
929 4292 1251 4353 donarunt
1296 4291 1482 4351 nobis
1529 4292 1593 4352 in
1636 4289 1893 4368 scyphis
1937 4299 2001 4350 et
2047 4288 2292 4368 poculis
2359 4289 2563 4348 aureis
2609 4301 2671 4349 et
2717 4291 3034 4368 argenteis

351 4405 481 4483 plus
536 4425 733 4486 quam
793 4407 1010 4488 viginti
1072 4405 1267 4466 millia
1326 4403 1727 4464 marcharum
1775 4405 1839 4462 in
1882 4404 2171 4482 pecunia,
2239 4421 2365 4462 vno
2427 4401 2625 4461 verbo
2671 4403 2733 4461 in
2778 4401 3036 4479 scyphis

356 4521 555 4600 magni
597 4520 843 4581 valoris
906 4517 989 4579 Et
1032 4527 1376 4598 postquam
1438 4516 1597 4577 deus
1658 4517 2008 4597 mitigasset
2054 4526 2116 4575 et
2163 4517 2490 4576 auertisset
2552 4517 2708 4574 iram
2770 4533 2954 4575 suam
3001 4536 3037 4575 a

356 4631 539 4706 nobis,
582 4632 1123 4692 considerauimus
1166 4631 1502 4691 seruicium
1534 4639 1599 4689 et
1629 4629 2075 4690 condicionem
2119 4628 2348 4689 horum
2379 4627 2712 4688 illustrium
2759 4628 3036 4688 virorum

359 4754 418 4803 et
456 4745 832 4806 donauimus
898 4745 987 4806 eis
1047 4762 1247 4805 vnum
1307 4754 1597 4804 nostrum
1661 4743 1897 4817 locum,
1954 4743 2064 4820 qui
2108 4751 2205 4801 est
2249 4760 2448 4820 penes
2509 4759 2683 4802 mare
2746 4740 3035 4802 Vinodol

360 4853 683 4940 (vocatum)
751 4877 900 4919 cum
962 4857 1261 4919 omnibus
1319 4859 1446 4917 suis
1510 4858 2002 4935 appertinenciis
2063 4866 2126 4915 et
2187 4855 2486 4916 omnibus
2553 4854 2882 4933 questibus
2955 4854 3039 4914 ad

364 4968 583 5032 dictum
645 4972 860 5033 locum
920 4971 1375 5050 spectantibus,
1433 4969 1733 5050 predictis
1792 4968 2029 5030 scilicet
2091 4966 2414 5028 Friderico
2471 4977 2534 5027 et
2583 4966 3037 5027 Bartholomeo

358 5081 465 5144 iuis
504 5095 565 5145 et
606 5083 857 5146 illorum
901 5084 1240 5145 heredibus
1284 5095 1349 5144 et
1394 5082 1870 5162 posteritatibus
1916 5085 2049 5143 iure
2094 5083 2376 5159 perenni,
2436 5083 2540 5154 ita,
2586 5089 2652 5139 vt
2701 5096 3038 5157 nunquam

2923 5226 2956 5261 *
