3797 5795
1846 393 1918 398 -
1983 357 2254 418 444-

686 543 1094 627 Traguriensi
1164 549 1471 626 episcopo
1532 546 1705 626 apud
1767 546 2050 627 Jadriam
2121 549 2464 622 constituti,
2521 549 2697 609 cuius
2763 552 3226 628 procurationis
3294 571 3408 613 seu

679 659 1023 720 sindicarie
1069 662 1265 739 ipsius
1311 660 1567 740 capituli
1614 673 1802 721 tenor
1846 680 1961 740 per
2007 662 2225 720 omnia
2271 660 2666 742 dignoscitur
2711 680 2852 722 esse
2898 663 3054 723 talis

864 775 1127 850 (Slzjedi
1170 776 1389 832 listina
1436 778 1521 832 od
1550 797 1615 849 g.
1662 779 1840 833 1267.
1894 780 1945 832 5.
1996 775 2296 846 oktobra).

865 885 1103 946 Forma
1148 897 1361 947 autem
1410 887 1745 948 sindicarie
1790 878 2084 948 comunis
2129 885 2415 969 Tragurii
2463 887 2606 948 talis
2651 906 2790 948 esse
2838 887 3246 968 dignoscitur.

868 1001 1129 1076 (Slxjeai
1170 1002 1387 1058 listina
1436 1002 1747 1075 trogt'rska
1793 1008 1875 1058 od
1910 1024 1975 1077 g.
2025 1005 2200 1059 1267.
2253 1005 2349 1058 27.
2400 1003 2794 1078 septemhra).

866 1111 1194 1172 Predictus
1254 1113 1553 1173 dominus
1614 1115 1955 1192 episcopus
2019 1111 2460 1177 Columbanus
2520 1117 2968 1193 pronunciauit
3030 1117 3092 1174 in
3153 1118 3402 1194 scriptis

682 1227 780 1286 sic
825 1225 1061 1286 dicens.
1110 1225 1248 1286 Nos
1294 1226 1486 1287 frater
1550 1223 1993 1288 Columbanus
2039 1228 2140 1287 dei
2189 1237 2251 1288 et
2299 1227 2652 1306 apostolica
2696 1229 2908 1309 gracia
2967 1227 3410 1310 Traguriensis

686 1339 1031 1417 episcopus
1062 1357 1189 1400 una
1222 1358 1367 1400 cum
1412 1341 1642 1399 nostris
1687 1340 2156 1414 archidiaconO,
2189 1341 2546 1418 primicerio
2577 1349 2639 1401 et
2672 1340 3076 1421 Traguriensi
3125 1341 3406 1420 capitulo

687 1453 991 1512 uniuersa
1038 1453 1169 1512 iura
1216 1452 1480 1512 ecclesie
1528 1463 1761 1527 nostre,
1822 1464 2012 1532 prout
2060 1472 2209 1513 cura
2256 1452 2590 1532 pastoralis
2637 1452 2828 1514 officii
2876 1455 3064 1514 nobis
3125 1456 3408 1516 iniuncta

691 1567 891 1646 exigit
939 1577 1005 1626 et
1052 1566 1327 1644 requirit,
1372 1587 1409 1626 a
1457 1567 1969 1646 quibuscumque
2017 1566 2304 1645 personis
2363 1586 2511 1628 cum
2578 1566 2704 1628 deo
2769 1579 2833 1627 et
2893 1569 3137 1628 iusticia
3201 1571 3412 1647 requi-

686 1689 915 1751 rentes,
949 1679 1231 1740 decimas
1279 1679 1361 1740 de
1408 1680 1575 1753 vino,
1606 1683 1765 1740 sicut
1810 1679 2070 1740 soluunt
2117 1691 2178 1740 ct
2228 1679 2560 1762 exibent(!)
2595 1680 2875 1741 ecclesiis
2919 1683 3049 1742 suis
3095 1681 3214 1742 alie
3261 1683 3414 1740 ciui-

686 1802 853 1852 tates
928 1789 1261 1853 Dalmacie
1330 1793 1695 1854 adiacentes
1764 1805 1827 1854 et
1896 1791 2254 1876 ortorum(l)
2301 1793 2614 1854 fructibus
2658 1805 2853 1873 atque
2920 1793 3312 1854 molendinis
3369 1815 3407 1854 a

682 1905 1091 1984 parochianis
1138 1909 1367 1966 nostris
1414 1908 1713 1967 omnibus
1744 1908 2033 1986 cepimus
2065 1926 2211 1968 cum
2246 1907 2582 1988 diligencia
2613 1918 2677 1967 et
2708 1909 3017 1968 instancia
3063 1907 3408 1986 postulare.

696 2017 875 2096 Quas
921 2021 1035 2098 ipsi
1084 2019 1567 2100 denegauerunt
1614 2021 1915 2094 dicenteS,
1963 2020 2140 2098 quod
2189 2021 2362 2082 nullo
2410 2039 2718 2100 umquam
2781 2031 3073 2099 tempore
3119 2021 3409 2080 decimas

688 2131 1055 2192 huiusmodi
1123 2133 1503 2193 exibuerant
1548 2133 1651 2193 uel
1696 2152 1732 2192 a
1780 2136 1908 2194 suis
1956 2135 2299 2194 maioribus
2344 2133 2692 2207 audierant,
2756 2133 2934 2211 quod
2981 2135 3294 2212 episcopo
3343 2145 3408 2194 et

680 2246 967 2324 capitulo
1000 2243 1543 2326 TraguriensibuS,
1589 2248 1696 2326 qui
1746 2246 1998 2307 fuerunt
2043 2266 2157 2326 per
2187 2259 2498 2326 tempora,
2545 2247 2703 2307 tales
2734 2247 2983 2307 decime
3031 2248 3092 2306 in
3139 2247 3407 2306 ciuitate

680 2357 970 2440 Tragurii
1043 2359 1273 2420 fuerint
1335 2359 1656 2438 persolute
1702 2371 1766 2420 et
1812 2380 1849 2419 a
1896 2370 2189 2437 tempore
2257 2361 2354 2419 cui
2421 2378 2553 2420 non
2615 2371 2794 2420 extat
2864 2362 3171 2420 memoria
3241 2360 3406 2419 inter

680 2474 1023 2551 episcopos
1069 2483 1131 2531 et
1179 2473 1529 2550 capitulum
1574 2483 1768 2551 atque
1800 2475 1971 2533 ciues
2017 2469 2307 2554 Tragurii
2353 2469 2619 2551 pacifice
2665 2493 2741 2534 ac
2786 2469 3006 2552 quiete
3047 2474 3135 2534 sic
3181 2475 3403 2534 extitit

678 2586 1113 2646 obseruatum.
1178 2585 1380 2645 Nobis
1425 2595 1640 2645 autem
1688 2585 2112 2658 credentibu5‚
2160 2586 2337 2663 quod
2384 2587 2446 2644 in
2497 2584 2859 2646 huiusmodi
2909 2587 3180 2668 negocio
3232 2605 3386 2668 erga

685 2716 804 2758 nos
864 2702 1051 2759 nimis
1120 2699 1545 2759 inhumaniter
1605 2717 1672 2758 se
1721 2698 2045 2771 haberent,
2091 2699 2174 2758 ad
2221 2699 2443 2759 sedem
2506 2699 2924 2778 apostolicam
2989 2701 3378 2760 accessimus

678 2811 767 2871 ad
814 2813 1012 2872 virum
1046 2812 1477 2873 uenerabilem
1526 2812 2046 2872 archidiaconum
2080 2807 2527 2890 Spalatensem
2563 2831 2752 2890 super
2797 2812 3156 2873 huiusmodi
3206 2832 3398 2892 ques-

687 2928 860 2986 tione
922 2926 1160 2987 litteras
1220 2925 1605 3005 apostolicas
1666 2926 2044 2986 obtinentes.
2112 2924 2237 3003 Qui
2285 2944 2434 2986 cum
2481 2945 2671 3005 super
2739 2926 2862 2986 1100
2929 2941 3150 2987 contra
3219 2930 3398 2989 ciues

682 3037 931 3116 aliquos
976 3049 1039 3099 et
1086 3058 1364 3099 comune
1398 3038 1723 3118 quandam
1772 3040 2160 3100 sentenciam
2211 3038 2592 3117 protulisset,
2625 3038 2864 3100 iudices
2911 3050 2973 3101 et
3019 3040 3398 3101 consciliarii

682 3160 949 3229 totaque
1016 3154 1375 3212 comunitas
1435 3153 1706 3213 ciuitatis
1766 3153 2052 3213 eiusdem
2099 3155 2456 3213 sencientes
2517 3152 2802 3213 indebite
2850 3174 2918 3214 se
2963 3154 3232 3235 grauari,
3283 3173 3402 3214 suo

680 3266 907 3344 suique
970 3267 1263 3325 comunis
1326 3268 1589 3325 nomine
1650 3266 1873 3327 sedem
1919 3266 2341 3343 apostolicam
2387 3266 2789 3345 appellarunt
2835 3281 2897 3328 et
2945 3286 3132 3345 super
3179 3266 3403 3346 appel-

683 3376 932 3438 lacione
994 3397 1107 3438 sua
1152 3378 1237 3438 ad
1284 3378 1713 3439 venerabilem
1776 3390 2023 3456 patrem
2087 3378 2636 3458 archiepiscopum
2692 3379 3064 3459 Jadrensem
3129 3392 3192 3439 et
3257 3380 3394 3439 eius

678 3488 961 3571 collegas
1006 3490 1243 3551 litteras
1288 3492 1671 3570 apostolicas
1718 3494 2151 3570 impetrarunt.
2201 3489 2496 3571 Cumque
2543 3510 2732 3571 super
2773 3492 3002 3552 eadem
3049 3492 3392 3571 questione

679 3620 903 3663 coram
952 3604 1264 3665 iudicibus
1325 3604 1661 3665 antedictis
1722 3605 1920 3685 longo
1983 3615 2276 3683 tempore
2338 3604 2483 3665 hinc
2547 3615 2609 3665 et
2657 3604 2806 3665 inde
2868 3604 3078 3664 forent
3140 3605 3398 3665 obiecta

678 3723 747 3775 et
792 3716 1067 3798 allegata
1134 3720 1305 3778 uaria
1368 3728 1431 3777 et
1494 3716 1757 3788 diuersa,
1826 3738 1946 3778 nec
2013 3729 2229 3796 posset
2296 3718 2527 3779 eadem
2598 3719 2846 3797 questio
2915 3717 3042 3778 fine
3089 3717 3394 3778 laudabili

678 3832 1023 3903 terminari,
1070 3830 1305 3908 placuit
1352 3830 1615 3891 tandem
1662 3831 1970 3892 altissimo
2019 3832 2304 3905 creatori,
2351 3831 2529 3912 quod
2574 3833 2796 3910 prefati
2846 3830 3085 3891 iudices
3129 3840 3192 3891 et
3241 3840 3397 3891 con-

676 3940 890 4003 siliarii
922 3962 1041 4003 suo
1073 3944 1296 4023 suique
1327 3945 1619 4005 comunis
1651 3948 1914 4005 nomine
1967 3963 2156 4022 super
2188 3944 2548 4005 huiusmodi
2597 3947 2928 4023 questione
2973 3944 3395 4005 amicabiliter

672 4064 741 4112 et
776 4055 1133 4117 uoluntarie
1180 4068 1513 4135 tamquam
1562 4058 1938 4118 obediencie
1969 4057 2076 4117 filii
2108 4078 2176 4117 se
2209 4060 2272 4117 in
2303 4059 2536 4117 nostris
2582 4058 2874 4118 manibus
2905 4059 3386 4127 commiserunt,

676 4170 1131 4230 renunciantes
1192 4189 1380 4249 super
1442 4170 1564 4231 hoc
1626 4170 1847 4231 litteris
1909 4171 2208 4230 omnibus
2269 4172 2620 4249 impetratis
2665 4182 2728 4231 et
2775 4170 3205 4247 impetrandis
3257 4170 3395 4231 Nos

672 4291 897 4343 autem
932 4284 1269 4361 episcopus
1300 4294 1364 4343 et
1396 4284 1744 4362 capitulum
1794 4284 2086 4344 uidentes
2131 4294 2307 4343 tante
2355 4283 2726 4345 humilitatis
2771 4282 2999 4343 indicia
3051 4284 3111 4342 in
3145 4282 3391 4343 eisdem

674 4394 977 4456 virtutem
1026 4415 1267 4457 meram
1300 4408 1361 4457 et
1396 4400 1797 4475 exquisitam,
1840 4376 2064 4456 iterato
2096 4416 2286 4475 super
2332 4397 2455 4458 hoc
2501 4396 2784 4458 adhibita
2830 4400 3006 4458 omni
3055 4397 3392 4478 diligencia

676 4515 741 4564 et
810 4508 1072 4584 cautela,
1136 4521 1398 4588 propter
1465 4510 1815 4588 periculum
1884 4511 2240 4569 animarum
2310 4512 2597 4589 cepimus
2664 4512 2980 4589 inquirere
3056 4509 3392 4590 diligenter

679 4627 875 4681 testes
906 4622 1205 4701 parochie
1239 4627 1453 4683 tiostre
1486 4625 1785 4702 antiquos
1816 4632 1950 4683 tarn
1984 4622 2245 4683 clericos
2276 4640 2471 4702 quarn
2520 4623 2738 4701 laycos
2785 4624 2961 4683 omni
2993 4622 3389 4699 excepcione

683 4735 976 4806 maiores,
1042 4736 1323 4814 aliasque
1392 4755 1697 4815 personas
1768 4735 2004 4811 multas·
2068 4734 2415 4795 laudabiles
2484 4747 2546 4796 et
2609 4735 2910 4796 honestas
2973 4735 3056 4796 ad
3105 4748 3384 4795 nostram

678 4852 1077 4922 presenciam
1124 4860 1559 4910 conuocantes
1605 4859 1668 4910 et
1714 4852 1805 4909 eis
1853 4849 2245 4909 iurisiurandi
2302 4847 2624 4929 religione,
2671 4850 2830 4909 sicut
2877 4848 3008 4909 fieri
3055 4850 3383 4909 consueuit

684 4961 907 5021 acriter
944 4962 1426 5043 adm-ingentes
1472 4962 1592 5022 sub
1639 4962 1861 5023 debito
1908 4964 2146 5041 prestiti
2194 4964 2528 5022 iuramenti
2579 4964 2967 5039 quesiuimus
2998 4962 3080 5021 ab
3125 4960 3384 5033 eisdem,

680 5073 836 5149 quid
882 5077 1131 5147 scirent,
1173 5075 1271 5134 uel
1313 5075 1663 5149 crederent,
1693 5094 1806 5135 seu
1837 5074 2178 5144 audissent,
2209 5085 2316 5134 aut
2347 5078 2778 5153 percepissent
2810 5095 2848 5134 a
2879 5077 3006 5134 suis
3040 5074 3381 5135 maioribus
