3797 5795
1539 441 1614 448 —-
1680 406 1805 468 317
1873 442 1958 450 —

380 598 562 656 uenit
607 595 688 656 ad
737 596 1029 656 arborem
1094 597 1425 678 ieguenefa
1492 607 1787 658 uocatam
1850 615 2036 658 cruce
2098 599 2430 678 signatam,
2478 597 2626 656 inde
2689 596 3092 678 progreditur

380 727 607 770 uersus
668 709 997 770 meridiem
1045 721 1109 770 et
1156 709 1497 770 reflectitur
1556 710 1641 770 ad
1702 728 1938 790 aquam
2001 710 2302 772 Tornaua
2371 708 2820 787 supradictam,
2865 708 2950 768 ibi
2999 727 3092 768 se-

378 833 646 900 paratur
692 842 727 880 a
774 833 938 882 terra
986 822 1339 884 Lanceredi
1401 825 1657 884 comitis
1703 833 1769 884 et
1811 833 2240 884 commetatur
2303 833 2464 882 terre
2513 821 2711 894 Lexa,
2757 821 2906 882 inde
2953 841 3094 899 pro-

379 935 684 996 cedendo
730 937 793 994 in
842 935 1105 1016 longum
1152 955 1266 1014 per
1310 955 1535 997 nemus
1582 939 1753 997 uenit
1800 936 1885 997 ad
1933 936 2092 997 duas
2138 946 2342 996 metas
2387 946 2638 1007 terreas,
2683 935 2767 994 ab
2813 933 2960 994 hinc
3008 935 3092 995 ad

382 1066 693 1128 magnam
742 1050 909 1108 uiam
958 1048 1041 1108 ad
1088 1048 1248 1108 duas
1296 1058 1499 1109 metas
1545 1060 1797 1122 terreaS‚
1842 1068 2112 1128 quarum
2185 1068 2312 1110 una
2373 1048 2574 1120 Lem,
2619 1049 2814 1108 altera
2864 1047 3096 1129 Mogtk

382 1164 644 1222 comitis
690 1171 752 1222 et
799 1161 1059 1222 fratrum
1122 1181 1401 1235 suorum,
1446 1163 1595 1223 hinc
1654 1163 1858 1224 tendit
1921 1182 2034 1242 per
2095 1161 2366 1223 eandem
2431 1165 2601 1222 uiam
2664 1173 2728 1222 et
2791 1164 2963 1222 uenit
3011 1161 3094 1222 ad

383 1275 547 1336 alias
594 1275 754 1336 duas
786 1285 989 1335 metas
1034 1285 1285 1345 terreas,
1336 1274 1481 1336 hinc
1527 1295 1751 1354 parum
1803 1275 2136 1354 pereundo
2182 1278 2354 1335 uenit
2401 1274 2484 1334 ad
2517 1275 2669 1334 alias
2701 1274 2859 1335 duas
2893 1285 3097 1334 metas

382 1400 645 1459 terream,
691 1388 838 1448 hinc
897 1408 1010 1467 per
1068 1389 1252 1448 binas
1316 1400 1519 1448 metas
1570 1391 1629 1448 in
1680 1389 1877 1449 tribus
1924 1387 2078 1449 locis
2122 1389 2362 1466 positas
2409 1390 2580 1448 uenit
2627 1388 2710 1448 ad
2759 1387 3096 1466 quoddam

382 1511 689 1582 stagnum
750 1504 1084 1581 antiquum
1146 1512 1208 1561 et
1268 1501 1351 1560 ibi
1414 1513 1739 1580 separatur
1782 1521 1821 1562 a
1866 1515 2030 1562 terra
2093 1501 2276 1562 Lexa
2335 1501 2712 1580 supradicta,
2777 1501 2924 1560 hinc
2983 1520 3096 1578 per

386 1613 565 1674 idem
614 1624 909 1695 stagnum
972 1615 1097 1674 itur
1154 1632 1373 1674 uersus
1434 1614 1763 1675 meridiem
1810 1627 1875 1674 et
1921 1615 2090 1674 cadit
2135 1615 2220 1675 ad
2267 1613 2528 1675 fluuium
2586 1612 2853 1674 Zaratka
2901 1623 2962 1674 et
3011 1613 3094 1672 ibi

385 1737 540 1786 sunt
587 1727 714 1787 due
760 1737 931 1787 mete
978 1737 1196 1797 terree‚
1242 1726 1389 1788 ltine
1434 1730 1607 1788 uenit
1649 1730 1936 1805 superius
1981 1730 2042 1788 in
2075 1727 2307 1788 eodem
2351 1725 2542 1788 fluuio
2578 1724 2846 1786 Zaratka
2879 1744 3098 1786 uersus

387 1839 799 1900 occidentem
846 1851 909 1900 et
956 1842 1127 1901 uenit
1174 1840 1259 1900 ad
1304 1840 1465 1900 duas
1528 1851 1729 1900 metas
1790 1843 2032 1919 priores
2077 1851 2139 1900 et
2204 1843 2292 1900 sic
2338 1851 2510 1900 mete
2570 1853 2735 1900 terre
2795 1838 3094 1900 Tornaua

384 1953 717 2012 antedicto
764 1956 1195 2014 terminantur.
1247 1954 1316 2013 In
1364 1955 1541 2014 cuius
1572 1955 1654 2013 rei
1690 1965 2068 2032 perpetuam
2109 1953 2516 2014 stabilitatem
2565 1953 2803 2012 litteras
2851 1963 3098 2012 nostras

382 2065 781 2125 contulimus
841 2063 1071 2146 Mogtk
1134 2068 1351 2128 comiti
1398 2077 1461 2126 et
1507 2067 1634 2126 suis
1680 2065 1975 2126 fratribus
2036 2066 2212 2146 sigilli
2265 2068 2458 2126 nostri
2509 2067 2860 2126 munimine
2907 2065 3098 2124 robo-

380 2189 573 2238 ratas.
620 2177 861 2239 Datum
910 2181 971 2238 in
1018 2178 1233 2240 Prilok
1280 2182 1342 2240 in
1390 2180 1553 2240 sesto
1616 2180 1818 2239 sancti
1880 2178 2176 2256 Nycolay
2237 2198 2410 2239 anno
2457 2178 2702 2238 domini
2751 2175 3095 2240 MCCLX⁰

385 2301 639 2368 quarto.

579 2461 877 2534 Oraeginal
931 2481 971 2518 u
1033 2461 1256 2518 arkae'vu
1298 2459 1782 2536 J'ugoslavenske
1843 2459 2192 2535 akaa‘emije
2254 2480 2294 2516 u
2355 2459 2640 2533 Zagrebu
2659 2481 2679 2515 .·
2755 2459 3092 2534 diplomata

383 2585 447 2621 a.
500 2569 673 2621 1264.
728 2601 804 2607 —
866 2567 927 2623 U
953 2576 1211 2641 prore-zu
1256 2585 1443 2622 vrvca
1489 2567 1574 2622 od
1612 2583 1833 2622 crvem:
1880 2565 2074 2631 svile·‚·
2116 2569 2298 2640 pedat
2340 2574 2531 2640 otpew.

574 2669 947 2745 Kukuljevic'
988 2672 1136 2742 Reg.
1188 2690 1281 2726 no.
1338 2671 1471 2726 872.

1656 2960 1849 3039 806.

392 3157 601 3236 1264,
648 3157 755 3220 21.
804 3152 1209 3221 decembre..
1258 3154 1318 3219 U
1363 3152 1622 3219 Zadru.

402 3348 625 3429 Jurko
697 3345 729 3407 ι’
792 3344 1076 3429 Stjepczn
1146 3343 1379 3407 st'novz'
1446 3342 1803 3415 Defenovt’,
1874 3344 2178 3425 Jurman
2253 3340 2678 3405 Prezrorcfemz‘
2741 3340 2774 3403 ι’
2833 3341 3097 3403 l'ukos‘aez

405 3458 731 3531 Slovim'c‘,
793 3456 1015 3542 iz'teljc'
1068 3457 1283 3543 Paga,
1336 3457 1639 3542 prodaju
1699 3456 1894 3541 svoju
1961 3455 2205 3539 :cmgju-
2259 3477 2336 3518 sa
2344 3476 2403 3517 m
2411 3460 2554 3517 osta
2562 3476 2660 3516 nu
2705 3475 2800 3516 sv.
2848 3453 3104 3516 Nz’kole

1576 3592 1623 3631 u
1672 3570 1932 3632 Zadru.

578 3764 647 3825 In
698 3761 926 3827 Christi
988 3765 1265 3823 nomine.
1328 3761 1525 3823 Anno
1588 3762 2038 3821 incarnationis
2083 3763 2219 3820 eius
2267 3760 2603 3819 millesimo
2665 3760 3104 3819 ducentesimo

392 3880 799 3959 sexagesimo
862 3889 1105 3955 quarm,
1154 3894 1373 3935 mense
1433 3874 1775 3944 decembri,
1823 3873 1928 3934 die
1993 3873 2334 3933 vndecimo
2401 3884 2696 3940 exeunte,
2757 3872 3102 3932 indictione

390 4004 638 4063 octaua,
679 3990 922 4071 Jadere.
985 3989 1415 4068 Temporibus
1477 3988 1719 4047 domini
1784 3988 2086 4065 Raynerii
2149 3985 2306 4068 §eni
2355 3987 2546 4046 incliti
2595 3985 2774 4046 ducis
2823 3985 3106 4047 Venecie

390 4114 455 4164 et
502 4106 783 4184 magistri
835 4102 1155 4164 Laurentii
1204 4102 1579 4162 venerabilis
1632 4100 1954 4181 Jadrensis
2023 4099 2499 4178 archiepiscopi,
2545 4117 2621 4158 ac
2669 4097 2935 4159 Antonii
2986 4098 3104 4159 Su·

392 4216 675 4295 perancii
750 4217 982 4297 egregii
1047 4217 1313 4275 comitis.
1377 4213 1515 4275 Nos
1577 4214 1837 4293 quidem
1900 4212 2089 4293 Jurco
2152 4224 2215 4272 et
2278 4212 2640 4290 Stephanus
2701 4210 2938 4285 fratreS,
3001 4208 3104 4271 filii

398 4329 733 4409 quondam
794 4328 1079 4401 Desseni‚
1126 4328 1436 4390 Yuannus
1502 4324 1956 4387 Preuosceuich
2003 4336 2066 4385 et
2115 4324 2490 4387 Velcoscius
2545 4322 2890 4394 Siouinich‚
2936 4325 3106 4383 ciues

402 4445 737 4525 pagenses,
782 4461 929 4503 cum
969 4444 1199 4503 nostris
1230 4440 1567 4502 heredibus
1597 4452 1659 4499 ct
1690 4439 2159 4499 successoribus
2189 4456 2302 4516 per
2334 4436 2457 4497 hoc
2487 4456 2745 4515 presens
2791 4438 3096 4515 scriptum

402 4559 672 4620 facimus
720 4558 1147 4629 manifestum,
1177 4557 1325 4636 quia
1356 4554 1599 4625 damuS‚
1631 4552 1968 4622 donamuS‚
2015 4550 2357 4611 uendimus
2405 4561 2599 4628 atque
2646 4558 3109 4608 transactamus

404 4674 797 4735 monasterio
879 4673 1079 4731 sancti
1172 4670 1441 4746 Nicolay
1512 4667 1593 4726 de
1664 4666 1846 4744 Jadra
1916 4665 2154 4726 ordinis
2221 4674 2442 4725 sancte
2520 4660 2704 4725 Clare
2781 4661 3106 4740 quendam

399 4801 693 4851 nostrum
754 4786 987 4859 locum,
1032 4787 1127 4844 cui
1178 4783 1259 4843 de
1306 4783 1533 4843 borrea
1593 4794 1687 4841 est
1750 4781 1928 4840 locus
1995 4779 2196 4839 sancti
2259 4776 2546 4855 Nicolay,
2595 4776 2676 4835 de
2738 4784 2954 4835 austro
3015 4784 3107 4833 est

400 4906 503 4965 uia
548 4902 825 4983 publica,
871 4899 954 4958 de
998 4892 1283 4968 corina(!)
1332 4910 1426 4957 est
1474 4894 1706 4955 domus
1738 4892 2070 4953 cuiusdam
2105 4891 2387 4951 hominis
2429 4890 2534 4968 qui
2571 4898 2838 4948 uocatur
2875 4885 3110 4963 Lupus,

402 5018 485 5079 de
547 5028 833 5078 trauerso
892 5012 1102 5074 firmat
1164 5013 1226 5070 in
1290 5004 1539 5092 dom[o]
1597 5007 1877 5088 Jacobici
1926 5003 2344 5086 Longobardi
2412 5014 2474 5063 et
2538 5003 2601 5061 in
2659 5000 2858 5060 domo
2922 4996 3107 5061 Cerni

407 5132 611 5193 fratris
678 5128 1031 5209 presbyteri
1079 5124 1349 5203 Nicolay
1396 5133 1457 5184 et
1504 5124 1568 5182 in
1617 5120 1817 5181 domo
1866 5120 2152 5201 Drugani
2198 5117 2279 5178 de
2329 5115 2664 5189 Scemaua‚
2709 5124 2838 5173 tam
2888 5112 3110 5171 subtus
