3797 5795
1530 403 1615 410 -—
1673 367 1938 430 439—

411 561 510 624 Ad
562 561 987 620 vniuersorum
1050 559 1353 620 noticiam
1414 568 1638 619 tenore
1696 561 2094 638 presencium
2157 556 2453 619 uolumus
2514 561 2861 636 peruenire,
2910 562 3088 640 quod

413 674 668 738 Prezdha
710 682 774 733 et
819 670 1185 751 Stephanus
1244 672 1350 733 filii
1411 672 1693 733 Prezdha
1756 673 1902 732 bani
1952 673 2034 732 ab
2081 690 2208 732 una
2255 684 2452 752 parte,
2499 671 2863 753 Stephanus
2926 675 3087 736 filius

412 785 655 858 Draask‚
698 785 1151 864 Lodomeryus
1182 795 1245 845 et
1275 783 1423 864 Apa
1470 784 1579 846 filii
1624 784 1946 846 Zonuzlov
1993 783 2100 847 filii
2146 784 2431 846 eiusdem
2478 785 2728 846 Draask
2758 807 2842 848 ex
2874 788 3090 864 altera,

410 905 469 961 in
513 900 694 960 nostri
752 898 1169 977 personaliter
1231 899 1557 977 presencia
1618 900 1963 973 constituti,
2031 899 2223 959 iidem
2291 899 2569 959 Prezdha
2617 910 2679 959 et
2721 897 3090 979 ‘Stephanus

410 1014 511 1074 filii
539 1011 805 1074 Prezdha
851 1012 1002 1072 bani
1050 1013 1112 1071 in
1146 1020 1380 1072 terram
1428 1010 1665 1074 Sancte
1714 1010 1934 1074 Crucis
1979 1011 2422 1078 hereditariam
2463 1015 2746 1091 ipsorum
2779 1011 3088 1092 Stephani

407 1125 753 1186 Lodomerii
804 1135 869 1184 et
895 1123 1045 1204 Apa
1091 1124 1493 1186 adiacentem
1540 1128 1701 1185 inter
1753 1124 1992 1186 Waska
2024 1136 2088 1186 et
2122 1125 2461 1200 Nowathk‚
2508 1145 2698 1204 super
2744 1145 2870 1204 qua
2917 1139 3083 1189 terra

406 1249 575 1299 mota
617 1239 857 1316 questio
905 1238 1109 1299 fuerat
1153 1240 1317 1298 inter
1360 1239 1534 1317 ipsos
1581 1241 1642 1298 in
1690 1240 2018 1317 presencia
2065 1241 2236 1320 regie
2285 1240 2646 1312 maiestatis
2695 1239 2956 1300 tandem
3005 1240 3088 1302 de

404 1353 805 1413 conniuencia
850 1360 913 1411 et
959 1352 1379 1430 permissione
1440 1353 1633 1431 ipsius
1694 1352 1939 1411 domini
1999 1355 2164 1434 regis
2224 1353 2402 1413 iuxta
2464 1352 2790 1413 arbitrium
2841 1363 2902 1413 et
2950 1331 3090 1414 sen4

402 1467 665 1526 tenciam
710 1462 889 1543 Suph
934 1467 1187 1526 comitis
1232 1483 1589 1546 agasonum
1635 1465 1881 1526 domini
1927 1468 2094 1548 regis
2123 1467 2510 1546 reliquerunt
2557 1475 2621 1526 et
2667 1467 3092 1544 permiserunt

400 1577 657 1658 pacifice
702 1588 762 1638 et
814 1580 1027 1656 quiete
1086 1579 1237 1657 ipsis
1283 1577 1615 1657 Stephano
1663 1578 2084 1658 Lodomeryo
2131 1590 2192 1639 et
2241 1578 2412 1659 Apa,
2459 1597 2536 1638 ae
2579 1581 2706 1640 suis
2750 1578 3092 1640 heredibus

402 1691 826 1770 heredumque
900 1693 1371 1752 successoribus
1457 1691 1948 1753 irreuocabiliter
2023 1695 2154 1752 iure
2227 1703 2540 1771 perpetuo
2615 1691 3090 1770 possidendam.

406 1803 583 1868 Cuius
644 1814 807 1865 terre
867 1815 1077 1864 metee
1096 1803 1179 1886 (l),
1225 1815 1417 1883 prout
1463 1808 1523 1865 in
1573 1806 1792 1866 litteris
1852 1807 2045 1884 ipsius
2106 1809 2358 1866 comitis
2416 1803 2614 1885 Swph
2661 1807 2845 1866 nobis
2891 1817 3090 1866 trans-

391 1920 592 1987 missis
651 1917 930 1981 uidimus
974 1919 1301 1991 contineri,
1348 1917 1472 1979 hoc
1517 1917 1741 1979 ordine
1804 1919 2247 2000 distinguntur.
2318 1919 2526 1980 Prima
2572 1930 2746 1982 meta
2790 1919 3008 1998 incipit
3054 1939 3093 1979 a

404 2045 567 2110 parte
628 2030 918 2092 orientali
980 2030 1063 2090 de
1127 2029 1322 2092 fluuio
1384 2030 1730 2092 Losuncha
1797 2032 1881 2092 ab
1949 2032 2176 2092 arbore
2237 2032 2501 2092 horozth
2563 2042 2810 2104 uocata,
2856 2030 3092 2092 deinde

403 2144 561 2204 uadit
605 2145 691 2204 ad
737 2155 985 2224 partem
1017 2144 1497 2205 meridionalem
1541 2147 1829 2224 superius
1858 2145 1944 2206 ad
1977 2163 2174 2206 unum
2207 2147 2433 2224 pirum,
2465 2145 2570 2205 ubi
2605 2156 2698 2205 est
2730 2145 3092 2224 sepulcrum

406 2258 605 2318 matris
652 2257 927 2335 Ponyth,
989 2257 1223 2318 deinde
1284 2257 1615 2319 descendit
1661 2257 1743 2318 ad
1792 2277 1985 2318 unam
2033 2257 2265 2318 uallem
2313 2269 2375 2318 et
2421 2257 2656 2318 exinde
2701 2261 2763 2316 in
2811 2257 3093 2331 fluuium,

407 2371 504 2449 qui
545 2369 775 2430 fluuius
820 2370 1151 2432 descendit
1198 2372 1261 2430 in
1309 2369 1575 2432 fluuium
1625 2371 1914 2432 Wdruha
1975 2381 2296 2445 uocatum,
2358 2371 2591 2432 deinde
2653 2392 2768 2451 per
2828 2371 3094 2434 fluuium

406 2481 656 2544 Vdruha
726 2483 901 2544 uadit
970 2485 1258 2562 superius
1325 2484 1409 2544 ad
1479 2484 1882 2545 occidentem
1953 2495 2016 2545 et
2085 2498 2240 2562 exyt
2309 2483 2390 2544 ad
2461 2504 2659 2545 unum
2730 2487 2934 2546 riuum
2985 2487 3094 2565 qui

410 2593 785 2674 Kozpothok
846 2608 1262 2675 nuncupatur,
1325 2596 1560 2657 deinde
1621 2617 1734 2676 per
1793 2601 2000 2658 riuum
2062 2598 2237 2658 uadit
2299 2598 2584 2676 superius
2644 2597 2727 2658 ad
2776 2600 3094 2659 sinistram

406 2723 637 2786 partem
684 2707 767 2768 ad
812 2727 1006 2769 unam
1055 2710 1350 2769 arborem
1400 2707 1783 2792 cherasys(!),
1831 2710 2066 2770 deinde
2113 2711 2287 2771 uadit
2322 2712 2609 2789 superius
2653 2731 2768 2789 per
2801 2720 3092 2772 montem

406 2831 464 2880 et
506 2824 791 2901 peruenit
835 2821 919 2882 ad
964 2841 1083 2883 sex
1130 2822 1389 2882 arbores
1451 2823 1716 2884 horozth
1778 2835 2058 2897 uocatas,
2121 2823 2352 2884 deinde
2414 2824 2588 2884 uadit
2651 2835 2714 2884 et
2763 2824 3097 2884 descendit

406 2954 511 3014 per
552 2938 717 2996 uiam
767 2935 1100 3014 Nadyzlov
1147 2937 1308 2997 inter
1353 2936 1521 2997 duos
1564 2935 1792 2998 fluuios
1837 2947 1901 2998 et
1947 2937 2281 2999 descendit
2325 2939 2387 2997 in
2435 2956 2671 3016 aquam
2723 2937 3099 3012 Loswncha,

408 3047 625 3108 deinde
672 3048 848 3109 uadit
892 3068 1008 3127 per
1053 3048 1416 3111 Loswncha
1449 3058 1513 3109 et
1546 3058 1703 3129 exyt
1749 3051 1831 3110 ad
1879 3051 2152 3129 primam
2199 3061 2439 3111 metam
2488 3060 2550 3112 et
2583 3051 2667 3111 ibi
2706 3053 3097 3111 terminatur.

408 3159 546 3220 Hoc
588 3180 715 3221 non
765 3163 1305 3241 pretermittimus
1354 3163 1531 3242 quod
1577 3164 1843 3242 predicti
1878 3163 2158 3225 Prezdha
2196 3176 2259 3224 et
2290 3164 2654 3252 Stephanus
2685 3164 3101 3242 personaliter

404 3284 671 3334 astantes
733 3293 950 3335 coram
1013 3276 1200 3335 nobis
1260 3286 1407 3336 sunt
1468 3276 1740 3337 confessi
1802 3278 1949 3338 uiua
1994 3296 2173 3351 uoce,
2219 3276 2396 3356 quod
2442 3278 2887 3356 prenominata
2933 3287 3100 3338 terra

402 3398 608 3447 sancte
670 3389 871 3449 crucis
915 3388 1000 3448 ad
1040 3399 1280 3449 terram
1344 3388 1666 3450 Nowathk
1725 3392 1789 3450 in
1852 3389 2026 3451 nullo
2087 3392 2339 3469 penitus
2413 3400 2728 3469 spectaret
2792 3408 2900 3450 sev
2961 3408 3101 3469 per-

402 3500 634 3561 tineret.
684 3501 753 3561 In
802 3503 979 3562 cuius
1009 3504 1094 3562 rei
1132 3502 1510 3562 memoriam
1561 3502 1797 3563 litteras
1842 3512 2170 3581 presentes
2217 3506 2412 3564 nostri
2461 3503 2876 3581 apposicione
2919 3502 3101 3584 sigilli

404 3612 729 3674 roboratas
760 3614 844 3674 ad
874 3616 1261 3693 peticionem
1311 3615 1665 3676 eorundem
1712 3615 1989 3676 filiorum
2028 3616 2305 3677 Prezdha
2339 3617 2486 3677 bani
2519 3614 2850 3694 Stephano
2883 3615 3101 3676 Lodo—

402 3742 619 3803 meryo
681 3735 744 3787 et
789 3724 937 3806 Apa
997 3727 1383 3787 contulimus
1445 3726 1835 3807 supradictis,
1898 3726 2096 3788 Anno
2159 3730 2369 3809 gracie
2429 3726 2729 3792 M⁰.CC⁰.
2758 3729 2928 3790 LX⁰.
2956 3728 3101 3789 VII.

401 3854 617 3898 mense
661 3850 949 3921 august0,
996 3839 1345 3920 Rodolpho
1392 3850 1671 3914 cantore,
1716 3840 1982 3903 Andrea
2028 3842 2312 3917 custode,
2367 3842 2447 3903 W
2453 3842 2795 3903 enchezlao
2845 3841 3096 3902 decano

407 3953 749 4031 ceterisque
794 3971 989 4032 quam
1036 3952 1321 4032 pluribus
1366 3953 1606 4014 ibidem
1654 3955 2090 4016 existentibus,

583 4172 881 4245 Original
922 4192 962 4228 u
1010 4171 1099 4229 kr.
1149 4192 1249 4247 ug.
1298 4174 1423 4230 dri.
1473 4172 1694 4231 arkivu
1743 4196 1782 4231 u
1829 4176 2220 4250 ‚Budz'mpeffti
2263 4176 2350 4232 M.
2394 4175 2460 4234 O.
2497 4174 2576 4231 D.
2619 4174 2685 4233 l..
2721 4195 2814 4232 no.
2864 4176 2960 4231 33.
2973 4178 3098 4230 719.

416 4275 589 4333 Stara
648 4278 983 4351 signatura
1029 4279 1111 4335 JV.
1162 4281 1237 4335 R.
1288 4278 1359 4335 Α.
1390 4282 1567 4356 fasc,
1638 4284 1807 4336 1502.
1858 4300 1952 4336 no,
2007 4284 2095 4334 14.
2149 4312 2228 4320 —
2275 4280 2383 4337 Na
2429 4280 2634 4337 listina·
2696 4280 2822 4337 visi
2864 4299 2897 4335 ο
2941 4284 3101 4355 §utos

414 4380 437 4435 ι’
475 4384 715 4457 crvenoj
755 4382 1019 4459 svilenoj
1072 4385 1248 4441 vrvci
1305 4384 1489 4440 dobro
1549 4388 1825 4442 sac'uvan
1878 4390 2076 4461 pedat.
2138 4418 2212 4425 ——
2263 4385 2468 4442 Iznad
2507 4385 2717 4441 lzkrtine
2759 4394 3103 4459 prerezana

404 4485 677 4559 pismena
722 4486 779 4543 A
826 4489 887 4543 B
937 4488 997 4545 C.

572 4593 761 4667 qudr
815 4593 954 4650 Cod.
1003 4593 1149 4669 dipl.
1202 4594 1415 4667 Hung.
1465 4595 1508 4651 I
1515 4595 1572 4652 V.
1609 4594 1722 4649 vol.
1766 4596 1841 4662 3.,
1878 4596 2020 4649 424.
2071 4628 2149 4635 —-
2202 4594 2576 4664 Kukuljevz‘c‘
2617 4596 2762 4667 Reg.
2813 4614 2910 4651 no·
2966 4596 3103 4650 935.
