3797 5795
1540 437 1605 445 --
1681 403 1809 464 413
1869 437 1946 447 -

383 587 791 672 Cherquenig
859 591 1075 652 eundo
1146 611 1361 652 uersus
1430 593 1795 671 aquilonem
1866 593 2036 654 cadit
2083 611 2247 672 aqua
2296 591 2671 653 Grabrouch
2734 604 2968 672 potoca
3022 597 3080 653 in

380 723 621 782 aquam
671 702 1103 786 Chyrkenig(!)
1152 715 1213 766 et
1261 705 1348 764 ibi
1396 705 1514 765 hac
1560 707 1695 766 vice
1759 719 1928 766 mete
1976 717 2176 766 terree
2222 705 2494 766 filiorum
2536 705 2822 784 jouanca
2869 709 3080 767 termi-

382 827 631 877 nantur.
708 817 937 879 Postea
996 827 1211 878 autem
1277 820 1495 898 incipit
1556 828 1726 879 meta
1789 837 2037 880 currere
2098 820 2274 879 iuxta
2346 821 2650 878 terminos
2717 829 2878 879 terre
2946 819 3084 880 Elie

382 928 489 987 filii
538 929 803 1012 Dragun
864 931 1129 1011 predicti
1177 942 1241 991 et
1287 931 1464 992 uadit
1512 933 1572 991 in
1620 932 1852 993 eodem
1919 929 2325 1013 Cherquenig
2372 933 2434 991 in
2482 932 2804 1006 quendam
2855 932 3089 1006 locum,

380 1047 491 1106 ubi
540 1043 803 1122 quidam
850 1043 1075 1105 fluuius
1122 1044 1290 1105 cadit
1338 1047 1399 1105 in
1448 1047 1649 1123 ipsam
1697 1063 1934 1122 aquam
1984 1042 2388 1127 Cherquenig
2435 1057 2496 1104 et
2544 1047 2627 1104 ibi
2676 1049 2862 1106 currit
2912 1057 3082 1106 meta

380 1162 561 1219 iuxta
610 1171 803 1218 terras
867 1156 1129 1236 Philippi
1195 1158 1447 1217 comitis
1492 1157 1599 1218 filii
1648 1155 1954 1221 Chundur
2022 1169 2084 1218 et
2130 1159 2304 1218 uenit
2351 1161 2411 1217 in
2463 1158 2783 1236 quendam
2855 1159 3088 1230 locum,

379 1273 491 1332 ubi
539 1271 798 1350 quidam
850 1269 1073 1330 fluuius
1121 1272 1226 1348 qui
1276 1281 1541 1330 uocatur
1573 1267 1949 1349 Cherechny
1985 1283 2181 1349 potoc
2228 1270 2399 1331 cadit
2446 1273 2509 1330 in
2556 1283 2794 1348 aquam
2845 1268 3088 1334 Clierk-

382 1404 613 1466 wnyg,
681 1385 784 1445 ubi
850 1395 1013 1444 terra
1075 1385 1325 1444 comitis
1389 1383 1654 1463 Philippi
1724 1386 2097 1476 terminatur
2143 1393 2206 1443 et
2253 1385 2558 1462 incipiunt
2623 1393 2790 1444 mete
2837 1403 3086 1444 currere

380 1501 560 1557 iuxta
622 1508 851 1556 terram
898 1495 1171 1556 filiorum
1212 1495 1497 1575 Jouanca
1558 1497 1990 1576 predictorum
2039 1508 2101 1557 et
2147 1497 2433 1557 ascendit
2491 1517 2708 1557 cursus
2753 1497 2836 1557 ad
2884 1516 3083 1557 unum

381 1621 676 1670 montem
722 1629 757 1669 a
806 1619 985 1686 parte
1045 1607 1413 1680 occidentis,
1460 1611 1522 1668 in
1569 1611 1744 1669 cuius
1792 1611 2028 1668 montis
2074 1613 2440 1670 summitate
2487 1622 2579 1669 est
2631 1622 2800 1670 meta
2849 1620 3084 1682 terrea;

382 1724 467 1782 ab
530 1721 678 1782 hinc
746 1721 1074 1782 descendit
1138 1722 1220 1782 de
1282 1721 1515 1781 eodem
1586 1734 1805 1781 monte
1851 1733 1914 1782 et
1962 1722 2136 1782 uadit
2202 1723 2283 1782 ad
2347 1741 2580 1802 aquam
2629 1742 2753 1802 que
2819 1737 3080 1783 uocatur

384 1836 566 1896 Pales
598 1847 850 1913 potoca‚
880 1837 1055 1895 iuxta
1089 1853 1277 1913 quem
1313 1845 1407 1895 est
1442 1846 1611 1895 meta
1645 1847 1844 1895 terrea
1877 1847 1941 1895 et
1972 1835 2361 1896 transeundo
2394 1838 2600 1914 ipsum
2634 1835 2814 1896 'Pales
2845 1847 3080 1914 potoca

382 1948 670 2009 ascendit
717 1948 799 2008 ad
846 1959 1134 2007 montem
1169 1949 1275 2026 qui
1309 1948 1537 2008 dieitur
1567 1945 2010 2029 Cherguenyg,
2059 1951 2120 2007 in
2168 1951 2344 2009 cuius
2391 1951 2721 2008 cacumine
2768 1961 2862 2009 est
2909 1960 3083 2009 meta

382 2076 585 2122 terrea
632 2072 693 2122 et
740 2061 823 2120 ab
885 2060 1029 2120 hinc
1096 2061 1272 2120 uadit
1332 2062 1634 2120 continue
1702 2080 1813 2139 per
1881 2061 2021 2120 loca
2078 2080 2202 2136 que
2271 2059 2568 2121 Zelemen
2617 2071 2925 2121 uocantur
2970 2081 3084 2140 per

384 2187 589 2234 metas
637 2187 870 2234 terreas
917 2187 980 2233 et
1026 2172 1286 2233 arbores
1334 2183 1583 2233 notatas
1616 2185 1679 2233 et
1710 2174 1794 2233 ibi
1826 2184 1989 2233 terre
2021 2173 2293 2234 filiorum
2334 2172 2620 2252 Jouanca
2667 2176 3086 2234 terminantur

382 2299 443 2346 et
492 2289 799 2366 incipiunt
866 2305 1113 2346 currere
1162 2299 1331 2345 mete
1379 2287 1553 2346 iuxta
1599 2297 1831 2346 terram
1880 2285 2098 2346 Narad
2145 2297 2206 2346 et
2255 2289 2316 2346 in
2365 2289 2504 2364 ipso
2551 2285 2713 2355 loco,
2763 2286 2866 2345 ubi
2916 2299 3081 2346 terra

382 2399 599 2460 Narad
662 2409 986 2478 separatur
1032 2421 1067 2459 a
1116 2411 1278 2458 terra
1326 2398 1596 2459 filiorum
1652 2398 1956 2478 Jouanca,
2017 2410 2162 2459 sunt
2211 2410 2380 2458 mete
2443 2418 2633 2477 super
2695 2399 3082 2477 quibusdam

382 2516 575 2592 signis
619 2508 777 2595 u[bi}
829 2525 1047 2572 notata
1095 2523 1239 2572 sunt
1287 2515 1463 2592 signa
1509 2512 1690 2590 clipei
1740 2525 1802 2571 et
1836 2514 2052 2581 cruci3‚
2100 2523 2162 2570 et
2208 2513 2289 2570 ab
2339 2513 2476 2590 ipso
2525 2512 2669 2572 loco
2718 2512 3082 2591 incipiendo

380 2647 415 2686 a
450 2635 627 2703 parte
660 2625 972 2704 aquilonis
1018 2625 1222 2685 tendit
1269 2643 1486 2684 uersus
1530 2625 1783 2706 plagam
1835 2625 2318 2684 meridionalem
2349 2645 2464 2703 per
2497 2626 2759 2686 arbores
2805 2629 3083 2707 signatas

378 2742 561 2819 signo
609 2741 808 2799 crucis
855 2751 917 2798 et
963 2741 1251 2816 peruenit
1297 2738 1380 2797 ad
1428 2749 1618 2816 caput
1666 2739 1994 2798 cuiusdam
2042 2757 2225 2816 aque,
2295 2757 2417 2815 que
2467 2736 2780 2800 Cumblac
2843 2750 3076 2816 potoca

382 2863 646 2913 uocatur
692 2865 753 2912 et
804 2846 1078 2935 [itjcrum
1128 2871 1240 2930 per
1272 2853 1477 2929 ipsum
1527 2849 1837 2933 Cublactl)
1873 2849 2202 2911 tendendo
2236 2860 2398 2911 terra
2432 2851 2578 2911 dicti
2618 2851 2832 2912 Narad
2866 2854 3076 2912 termi-

378 2976 583 3034 natur,
653 2967 757 3026 ubi
826 2969 1001 3025 iuxta
1072 2963 1314 3028 Cublac
1384 2984 1572 3043 super
1638 2964 1919 3042 quadam
1983 2965 2211 3024 arbore
2275 2976 2368 3024 est
2432 2966 2684 3044 signum
2747 2967 2948 3025 crucis
3016 2980 3078 3025 et

381 3081 687 3157 incipiunt
736 3089 907 3138 mete
967 3096 1213 3137 currere
1280 3096 1392 3155 per
1458 3078 1665 3155 ipsum
1730 3075 1974 3139 Cublac
2036 3079 2210 3137 iuxta
2275 3088 2469 3137 terras
2533 3080 2782 3136 comitis
2844 3076 3080 3155 Gylety

380 3210 601 3251 uersus
648 3192 901 3272 plagam
974 3189 1455 3250 meridionalem
1518 3202 1579 3249 et
1642 3189 1811 3250 cadit
1879 3193 1944 3250 in
2006 3209 2239 3267 aquam
2311 3188 2505 3250 Oriua
2567 3202 2628 3250 et
2693 3191 3082 3251 transeundo

382 3302 647 3365 Oriuam
710 3304 881 3363 uadit
946 3323 1163 3364 tiz-rsus
1229 3302 1558 3363 meridiem
1606 3313 1669 3362 et
1714 3304 2010 3363 arborem
2060 3305 2176 3381 piri
2224 3306 2744 3384 crucesignatam,
2791 3304 2909 3363 sub
2957 3322 3082 3382 qua

381 3430 476 3477 est
526 3430 695 3477 meta
744 3430 945 3478 terrea
992 3429 1055 3477 et
1101 3418 1183 3477 ab
1234 3416 1377 3477 hinc
1422 3416 1637 3477 eundo
1684 3435 1798 3494 per
1843 3416 2104 3476 arbores
2167 3427 2420 3476 notatas
2466 3419 2638 3476 uenit
2686 3428 2748 3476 et
2795 3417 3083 3476 ascendit

382 3533 445 3589 in
494 3541 783 3591 montem
854 3531 1065 3590 Puzun
1138 3540 1200 3590 et
1262 3531 1411 3589 inde
1481 3532 1657 3589 uenit
1720 3528 1802 3589 ad
1872 3547 2068 3589 unum
2142 3529 2420 3607 lapidem
2468 3530 2705 3603 album,
2768 3530 2872 3589 ubi
2921 3541 3083 3589 terra

382 3644 633 3703 comitis
694 3641 883 3705 Gileti
947 3644 1319 3702 terminatur
1365 3652 1427 3702 et
1473 3643 1689 3721 incipit
1737 3654 1902 3701 terra
1949 3644 2200 3702 comitis
2263 3642 2615 3720 Vincency,
2662 3645 2837 3702 iuxta
2886 3662 3079 3722 quam

389 3770 557 3816 mete
604 3757 908 3834 incipiunt
973 3775 1217 3815 currere
1278 3774 1495 3815 uersus
1554 3757 1865 3815 orientem
1913 3768 1974 3815 et
2025 3756 2265 3815 uadunt
2326 3775 2440 3835 per
2500 3756 2822 3834 quendam
2890 3756 3082 3815 berch

385 3869 468 3929 ad
515 3869 809 3928 arborem
858 3870 1051 3947 tylye‚
1098 3870 1157 3927 in
1208 3888 1334 3947 qua
1382 3879 1476 3927 est
1522 3870 1773 3949 signum
1821 3871 2022 3929 crucis
2083 3887 2324 3928 nouum
2373 3885 2436 3928 et
2481 3870 2814 3945 antiquum
2862 3878 2923 3928 et
2971 3890 3084 3947 per

385 3983 663 4061 signatas
724 3982 982 4041 arbores
1028 3984 1089 4040 in
1140 4000 1375 4061 magno
1446 3983 1662 4059 spacio
1710 3981 1885 4040 uadit
1933 3981 2016 4040 ad
2062 3981 2386 4060 quandam
2453 3983 2748 4041 arborem
2796 3984 2971 4041 corni
3018 3996 3080 4041 et

385 4095 467 4153 ab
515 4095 659 4155 hinc
707 4097 767 4154 in
816 4092 1079 4154 Oriuam
1126 4096 1190 4153 in
1236 4094 1513 4172 priorem
1586 4105 1822 4153 metam
1870 4094 1977 4153 ubi
2027 4106 2194 4154 mete
2242 4096 2434 4173 ipsius
2481 4104 2643 4155 terre
2693 4093 3082 4177 Clierkonyg

385 4210 818 4279 terminantur,
864 4218 1050 4286 prout
1099 4208 1283 4267 nobis
1329 4226 1441 4285 per
1488 4207 1724 4266 litteras
1771 4207 2026 4285 capituli
2068 4206 2149 4266 de
2183 4208 2451 4288 Posoga‚
2499 4208 2948 4268 cruciferorum
2996 4210 3077 4268 dc

388 4321 670 4381 l’ucruch
718 4332 779 4380 et
827 4323 1076 4380 comitis
1124 4320 1443 4401 Ph(ilippi)
1494 4321 1574 4381 de
1623 4322 1869 4403 Posoga
1918 4321 2214 4394 constitit,
2249 4323 2356 4398 qui
2390 4321 2471 4381 de
2504 4333 2724 4382 nostro
2773 4322 3078 4383 mandato

388 4434 572 4493 nobis
617 4437 1085 4512 rescripserunt.
1136 4433 1309 4493 Mete
1340 4446 1557 4493 autem
1593 4444 1752 4493 terre
1787 4434 2142 4494 Rodoanch
2177 4433 2298 4493 hoc
2347 4434 2570 4495 ordine
2619 4435 3078 4517 distinguntur:

394 4549 597 4627 prima
659 4557 829 4607 meta
887 4548 1107 4624 incipit
1167 4567 1205 4607 a
1263 4557 1443 4625 parte
1489 4546 1803 4623 aquilonis
1850 4549 1911 4606 in
1959 4546 2290 4606 cacumine
2346 4550 2581 4608 montis
2629 4550 2734 4626 qui
2784 4549 3079 4609 Zelemen

390 4671 655 4720 uocatur
713 4662 890 4720 iuxta
938 4674 1167 4721 terram
1217 4659 1444 4720 Nouae
1490 4672 1553 4720 et
1601 4679 1818 4720 cursus
1880 4670 2196 4721 metarum
2242 4661 2420 4721 uadit
2467 4681 2684 4722 uersus
2751 4664 3078 4724 meridiem

387 4776 445 4833 in
496 4783 687 4852 caput
732 4774 1059 4833 cuiusdam
1106 4773 1285 4833 riuuli
1323 4775 1427 4850 qui
1463 4784 1728 4832 uocatur
1776 4768 2353 4856 [Radou]ancicha;
2400 4786 2461 4835 et
2511 4776 2593 4835 ibi
2641 4786 2805 4835 terra
2853 4776 3078 4836 Nouae

386 4889 757 4946 terminatur
804 4899 865 4945 et
913 4886 1125 4965 incipit
1189 4897 1353 4946 terra
1420 4885 1690 4946 filiorum
1762 4887 2040 4965 magistri
2113 4886 2290 4947 Marc
2353 4898 2416 4948 et
2479 4891 2668 4948 currit
2738 4900 2909 4949 meta
2968 4909 3080 4967 per

386 5001 587 5077 ipsum
638 4999 1133 5060 Radouancieha
1165 5010 1227 5059 et
1260 4998 1658 5059 descendens
1706 5000 1877 5058 uenit
1923 4998 2008 5058 ad
2052 4999 2349 5059 arborem
2395 5002 2510 5078 piri
2558 5001 2820 5061 siluestri
2869 5020 3075 5062 cruce-

384 5115 716 5192 signatam‚
762 5112 879 5172 sub
926 5130 1051 5191 qua
1098 5123 1192 5172 est
1238 5120 1409 5172 meta
1471 5123 1670 5171 terrea
1719 5122 1781 5171 et
1829 5112 1912 5171 ibi
1959 5114 2331 5172 terminatur
2377 5124 2540 5173 terra
2589 5114 2858 5175 filiorum
2907 5114 3084 5175 Marc
