3797 5795
1872 362 2281 451 —2704-

727 578 1184 651 testimonium,
1215 577 1465 638 firmam
1485 578 1548 656 (Ι)
1583 587 1777 655 atque
1811 577 2221 638 stabilitatem
2251 577 2649 655 ampliorem,
2680 591 3004 655 presentes
3034 575 3437 637 contulimus

726 689 963 751 litteras
1008 690 1166 772 sigili
1213 692 1408 750 nostri
1460 691 1810 750 munimine
1855 691 2204 764 roborataS,
2271 708 2444 751 anno
2492 690 2733 750 domini
2798 689 3134 750 millesimo
3182 688 3429 748 ducen-

701 804 957 862 ·tesimo
1003 800 1160 863 LX⁰
1203 804 1415 872 terci0,
1463 802 1684 863 datum
1734 800 2141 883 Zagrabieiffl
2190 805 2253 863 in
2301 802 2507 883 vigilia
2552 804 2751 863 sancti
2810 801 3085 863 Martini.

908 994 1206 1067 Orzjginal
1245 1014 1284 1052 u
1331 994 1423 1051 kr.
1474 1014 1574 1068 ug.
1623 996 1748 1052 ιίνὲ.
1795 994 2017 1052 arkivu
2064 1014 2105 1051 u
2150 996 2576 1071 Budimpes‘ti:
2618 996 2707 1051 M.
2766 994 2834 1053 O.
2886 994 2965 1051 D.
3016 994 3087 1051 L.
3140 1012 3235 1049 πο.
3286 994 3431 1047 537.

723 1097 762 1177 (
761 1100 948 1156 Siara
1009 1101 1167 1173 sign.
1213 1099 1298 1158 N.
1346 1100 1421 1158 [ι’.
1466 1099 1535 1155 Α.
1583 1102 1760 1176 fase.
1827 1101 1966 1157 597.
2025 1120 2121 1157 ne.
2174 1102 2308 1171 33.)
2354 1134 2440 1141 -—
2485 1100 2593 1157 Na
2656 1100 2861 1156 listim'
2916 1099 3040 1155 visi
3082 1118 3117 1154 0
3164 1097 3441 1170 svilenoj

722 1205 900 1261 vrvci
963 1224 1182 1261 ervene
1248 1204 1380 1279 boje
1425 1224 1508 1261 na
1544 1205 1832 1279 povrsini
1894 1206 2155 1261 istros‘en
2224 1204 2473 1278 okrugli
2536 1202 2733 1261 banov
2790 1206 2991 1279 peffat.
3038 1200 3199 1267 [bak
3248 1200 3315 1257 bi
3359 1220 3429 1256 se

723 1308 986 1382 legenda
1018 1329 1102 1366 na
1135 1308 1412 1366 nekoliko
1456 1310 1672 1382 mjesta
1719 1308 1922 1383 mogla
1969 1308 2161 1364 ditati.
2199 1342 2283 1350 -
2314 1308 2423 1366 Na
2468 1308 2649 1384 hrptu
2696 1306 2956 1383 biljeska
3003 1308 3140 1364 XV.
3180 1306 3389 1381 vg‘jeka
3409 1326 3433 1362 .·

730 1410 1223 1470 ›adiudicatorie
1266 1424 1455 1489 super
1496 1421 1665 1469 terra
1721 1412 2006 1493 Gurbysa
2052 1414 2117 1469 in
2166 1412 2547 1470 Zaladiensi.

913 1519 1157 1575 Wenzel
1219 1518 1361 1575 Cod.
1425 1517 1577 1593 dipl.
1638 1517 1783 1593 Arp.
1830 1524 1982 1574 cont.
2046 1517 2177 1574 Vll.
2229 1519 2579 1576 355—356.
2625 1514 2829 1596 (krivo
2867 1520 2993 1593 poci
3038 1516 3175 1589 god.
3228 1516 3433 1574 1253.)

722 1622 1025 1697 lspravak
1071 1624 1334 1679 donesen
1383 1642 1424 1678 u
1467 1622 1582 1678 vol.
1649 1622 1812 1679 VIII.
1864 1623 1960 1678 73.
2010 1656 2093 1662 —
2140 1620 2514 1696 Kukuljevic‘
2562 1622 2708 1695 Reg.
2755 1641 2851 1678 κο.
2906 1626 3028 1677 841.

1982 2014 2177 2095 768.

721 2149 930 2226 1263,
977 2149 1084 2213 10.
1133 2147 1542 2213 decembre.
1591 2146 1651 2212 U
1696 2145 2159 2213 Glttaveohii.

719 2319 1088 2384 Kardinal
1114 2320 1288 2382 Ivan
1314 2323 1680 2403 preboruc'a
1707 2317 2175 2403 provincijalu
2200 2318 2689 2381 Malobraa‘ana
2722 2340 2769 2379 u
2802 2315 3190 2399 Hrvafskoj
3212 2338 3433 2378 samo-

1477 2436 1676 2494 stane
1722 2428 1756 2493 ι’
1792 2437 2003 2493 sestre
2047 2432 2212 2494 reda
2257 2452 2353 2494 sv.
2411 2430 2643 2493 Klare.

890 2608 1214 2687 Johannes
1274 2608 1678 2668 miseratione
1739 2607 1955 2667 diuina
2016 2608 2215 2667 sancti
2263 2605 2324 2666 N
2332 2605 2515 2666 icolai
2559 2608 2620 2666 in
2670 2604 2940 2668 Carcere
2984 2602 3285 2665 Tulliano
3332 2604 3433 2663 di-

717 2741 960 2782 aconus
1006 2720 1344 2781 cardinalis
1387 2720 1682 2801 religioso
1715 2729 1780 2779 et
1809 2718 2083 2799 prouido
2130 2722 2266 2780 uiro
2314 2722 2377 2779 in
2411 2716 2662 2781 Christo
2709 2718 2945 2777 dilecto
2978 2764 3427 2777 ........

715 2837 1005 2896 ministro
1051 2834 1314 2894 fratrum
1363 2833 1604 2893 ordinis
1649 2832 1973 2894 Minorum
2022 2834 2083 2892 in
2117 2832 2665 2893 administratione
2710 2828 3050 2892 Selauonie
3096 2832 3159 2890 in
3206 2829 3429 2890 salutis

713 2959 979 3010 auctore
1025 2947 1313 3009 salutern.
1361 2945 1421 3007 A
1468 2949 1801 3026 primitiuis
1869 2945 2107 3006 ordinis
2154 2947 2241 3006 tui
2288 2945 2669 3025 primordiis,
2714 2943 2947 3022 quibus
2992 2946 3053 3003 in
3102 2942 3426 3004 mundum

712 3061 1101 3140 uoluptuose
1161 3059 1429 3141 caligine
1491 3061 1785 3120 uanitatis
1847 3077 2128 3138 opacum
2190 3061 2327 3137 ipse
2372 3057 2567 3119 uelud
2614 3076 2840 3118 aurora
2884 3058 3139 3118 luminis
3184 3056 3427 3117 iudica-

710 3173 845 3233 tiua
891 3173 1093 3234 diurni
1156 3191 1456 3233 coruscus
1515 3171 1704 3232 radiis
1763 3171 1933 3232 alme
1980 3171 2297 3252 religionis
2357 3173 2580 3248 erupit,
2626 3171 2823 3230 nostri
2867 3171 3311 3252 progenitores
3358 3173 3422 3229 in

705 3303 860 3346 eum
911 3286 1271 3346 deuotionis
1303 3284 1559 3345 oculum
1605 3283 1959 3362 specialiter
2005 3283 2433 3356 intenderunt,
2472 3285 2693 3343 intime
2725 3282 3083 3343 dilectionis
3112 3281 3421 3344 affectum

707 3397 798 3456 ad
860 3401 994 3459 eius
1052 3397 1552 3458 beniuolentiam
1614 3397 2006 3475 peculialiter
2066 3395 2388 3477 erigendo.
2438 3395 2704 3475 Nosque
2750 3397 2814 3455 in
2862 3395 3223 3456 huiusmodi
3275 3416 3425 3475 pro-

706 3506 1005 3570 fectionis
1049 3511 1270 3570 itinere
1317 3528 1537 3570 eorum
1586 3512 1866 3592 uestigiis
1911 3513 2217 3570 tenaciter
2261 3510 2639 3582 inherenteS‚
2684 3511 2864 3588 quasi
2896 3510 3077 3569 annis
3116 3529 3155 3568 a
3188 3512 3425 3571 teneris

709 3621 924 3699 ipsum
967 3625 1028 3682 in
1063 3622 1402 3683 affectione
1446 3624 1821 3702 precipuum
1867 3624 2277 3684 meminimus
2320 3621 2617 3682 ordinem
2661 3621 2956 3682 habuisse
3001 3621 3177 3682 uelut
3222 3622 3423 3696 illum,

711 3751 909 3808 quem
959 3736 1145 3795 nobis
1191 3737 1352 3796 inter
1397 3745 1644 3796 ceteros
1689 3735 1888 3796 edidit
1936 3736 2137 3794 notiui
2184 3734 2472 3795 delectus
2520 3737 2699 3813 optio
2746 3733 3107 3812 specialem.
3154 3735 3261 3796 Ex
3306 3736 3424 3796 hiis

708 3847 901 3926 igitur
947 3847 1029 3908 de
1075 3851 1235 3908 tanti
1281 3849 1671 3928 benignitate
1733 3847 1973 3908 ordinis
2042 3849 2269 3908 merito
2316 3846 2715 3908 confidentes
2760 3845 2846 3906 ad
2892 3850 3026 3907 eius
3070 3849 3421 3926 presidium

709 3961 774 4020 in
823 3961 940 4021 illis
985 3963 1333 4040 potissime,
1379 3980 1503 4040 que
1548 3961 1632 4021 ad
1679 3961 1973 4021 leuamen
2021 3979 2293 4039 persone
2366 3970 2598 4033 nostre,
2643 3962 2819 4020 cuius
2866 3960 3166 4021 humeros
3212 3960 3425 4022 multi-

710 4073 908 4134 mode
969 4074 1408 4135 sollicitudinis
1469 4094 1662 4135 onera
1729 4075 1955 4155 iugiter
2016 4077 2386 4153 opprimunt
2432 4084 2497 4134 et
2543 4075 2827 4154 fatigant,
2874 4060 3261 4134 familiariter
3306 4075 3425 4136 du·

709 4189 928 4250 ximus
971 4187 1420 4250 recurrendum
1470 4188 1860 4248 credulitatis
1907 4185 2197 4249 fidutiam
2266 4187 2649 4260 obtinenteS,
2694 4186 2873 4265 quod
2921 4188 2983 4247 in
3031 4188 3424 4268 porrigendo

707 4318 974 4362 manum
1020 4302 1275 4380 presidii
1322 4303 1410 4360 sic
1457 4300 1818 4361 fidutialiter
1865 4302 2164 4373 inuocati,
2211 4303 2377 4359 notis
2439 4301 2669 4361 nostris
2714 4298 2888 4360 idem
2936 4299 3097 4359 ordo
3144 4301 3253 4378 qui
3302 4320 3424 4362 nos

708 4412 1000 4475 deserere
1077 4417 1339 4474 minime
1414 4415 1744 4474 consueuit
1821 4412 2329 4490 conpassibiliter
2402 4411 2899 4474 condescendat.
2968 4409 3132 4475 Cum
3204 4415 3422 4494 itaque

707 4529 1142 4588 sanctissimus
1187 4537 1369 4605 pater
1414 4527 1714 4587 dominus
1762 4526 2085 4599 Vrbanus,
2153 4536 2557 4586 sacrosancte
2618 4543 2885 4585 romane
2932 4525 3198 4586 ecclesie
3244 4546 3423 4587 sum-

709 4657 851 4699 mus
917 4639 1231 4718 pontifex,
1280 4657 1480 4718 nuper
1549 4640 1734 4698 nobis
1801 4637 2095 4698 ordinem
2136 4655 2457 4724 sororum
2520 4649 2739 4699 sancte
2786 4635 2973 4702 Clare
3020 4641 3419 4701 commiserit

709 4756 904 4812 nostri
966 4753 1400 4834 gubernaculo
1463 4753 1784 4832 regiminis
1843 4751 2336 4832 gubernandum
2398 4750 2705 4829 illumque
2766 4751 3193 4824 attendenteS,
3240 4754 3420 4831 quod

707 4874 839 4925 tam
910 4879 1024 4928 tuo
1093 4866 1316 4938 ordini,
1386 4883 1580 4943 quam
1650 4864 1860 4924 eidem
1935 4864 2364 4942 multipliciter
2430 4875 2651 4941 posset
2719 4883 2858 4924 esse
2927 4864 3419 4943 dispendiosum

706 4980 940 5056 pariter
985 4988 1049 5040 et
1095 4977 1546 5056 dampnosum,
1592 4978 1638 5034 si
1703 4995 1815 5054 per
1877 4975 2338 5055 gubernatores
2399 4975 2687 5037 diuersos
2744 4954 2944 5037 iidem
2989 4978 3248 5038 ordines
3294 4979 3423 5039 sin-

708 5091 1002 5171 gulariter
1033 5101 1412 5171 regerentur.
1461 5087 1874 5166 Quamquam
1922 5088 1985 5147 id
2034 5088 2221 5147 nobis
2266 5089 2548 5149 extiterit
2595 5088 3021 5168 multipliciter
3051 5109 3423 5165 onerosum,
