3797 5795
1636 377 2006 438 —11..-

469 565 869 644 presentibus
931 567 1206 647 magistri
1264 565 1508 645 Jacobo
1571 567 1869 648 Petrigisi,
1918 567 2254 628 Fidendeo
2316 565 2571 627 Actoris
2646 567 2885 645 UulpiS‚
2938 565 3175 647 Vgone

468 678 710 738 domini
748 677 1066 750 Bernardi‚
1092 676 1336 757 Jacobo
1367 676 1803 740 Gualdumerii
1837 689 1902 739 et
1928 678 2175 758 Jacobo
2210 677 2575 742 Cantarello
2620 678 2907 750 testibuS‚
2952 697 3170 739 coram

468 791 738 852 domino
771 790 1033 854 Vbaldo
1065 791 1270 852 iudice
1315 794 1676 852 communis
1707 790 1923 864 Firmi,
1968 811 2084 870 per
2115 791 2453 852 dominum
2494 790 2877 870 Jacobinum
2926 791 3171 852 domini

467 903 817 965 Bertirandi
867 904 1164 965 Rollandi
1234 904 1438 964 Rubei
1487 903 1571 964 de
1615 904 1843 964 Parma
1904 915 2292 983 potestatem
2360 903 2575 978 Firmi,
2624 903 2879 965 Marcus
2922 903 3006 964 da
3053 902 3173 966 Ca-

468 1017 704 1077 teliano
749 1035 867 1095 pro
912 1035 981 1076 se
1026 1029 1089 1077 et
1135 1016 1265 1077 filio
1319 1035 1436 1077 suo
1496 1017 1775 1076 condam
1814 1015 2126 1096 Johanne,
2176 1016 2469 1078 Matheus
2509 1015 2815 1096 Johannis
2864 1015 3171 1088 Bononis‚

461 1127 784 1208 Johannes
832 1128 1088 1202 Natalis
1136 1128 1512 1190 Dominicus
1561 1128 1858 1190 Iohannis
1905 1130 2174 1200 Pasiam,
2226 1130 2463 1190 Politus
2494 1130 2579 1191 da
2617 1129 2887 1192 Marano
2936 1149 3053 1208 pro
3103 1150 3173 1190 se

467 1251 531 1302 et
577 1253 814 1320 nepote
859 1261 976 1302 suo
1021 1241 1295 1304 Alberto
1340 1242 1424 1303 da
1471 1240 1741 1303 Marano
1787 1251 1850 1303 et
1897 1245 2199 1324 magister
2231 1242 2595 1304 Gualterius
2643 1243 2805 1304 Petri
2855 1240 3165 1304 Gualterii

467 1374 587 1434 pro
633 1375 700 1416 sc
746 1364 808 1416 et
857 1354 1044 1416 fratre
1082 1374 1198 1415 suo
1234 1355 1546 1416 Palmerio
1592 1355 1872 1416 condam
1910 1375 2028 1435 pro
2059 1375 2127 1418 se
2158 1368 2222 1417 et
2255 1356 2389 1417 aliis
2420 1357 2607 1417 sociis
2640 1375 2881 1428 eorum,
2916 1355 3170 1417 fuerunt

467 1468 738 1529 confessi
786 1479 850 1528 et
895 1469 1179 1530 contenti
1226 1487 1292 1528 se
1353 1471 1666 1547 recepisse
1730 1489 1767 1528 a
1829 1468 2193 1529 hominibus
2258 1469 2717 1530 mercatoribus
2764 1468 2847 1530 de
2895 1469 3169 1550 Ragusia

468 1580 746 1641 condam
793 1581 1191 1642 venientibus
1235 1600 1384 1642 cum
1429 1600 1653 1642 eorum
1703 1583 2129 1643 mercimoniis
2173 1593 2237 1643 et
2297 1583 2487 1643 rebus
2531 1582 2615 1643 ad
2662 1582 2985 1642 ciuitatem
3034 1580 3089 1644 F
3092 1582 3167 1641 ir-

470 1712 724 1754 manam
775 1695 990 1774 viginti
1037 1706 1101 1754 et
1147 1713 1338 1754 vnam
1387 1695 1610 1755 libram
1661 1692 1991 1774 uult(atici)
2022 1694 2092 1778 (?)
2156 1695 2238 1756 de
2285 1698 2639 1774 quantitate
2701 1693 2872 1756 mille
2932 1693 3170 1754 ducen-

470 1816 672 1867 tarum
721 1827 836 1868 sex
883 1807 964 1867 de
999 1855 1192 1866 .....
1242 1826 1401 1886 quas
1448 1807 1738 1868 homines
1783 1817 1848 1868 et
1895 1819 2281 1870 mercatores
2326 1808 2409 1868 de
2458 1809 2749 1890 Ragusia,
2794 1810 2901 1886 qui
2950 1808 3163 1868 venie-

468 1921 620 1980 bant
666 1933 730 1981 et
777 1923 1033 1980 venient
1078 1938 1224 1980 cum
1275 1921 1462 1981 rebus
1507 1931 1570 1980 et
1619 1921 2124 1981 mercacionibus
2158 1968 2357 1981 .....
2390 1921 2473 1981 ad
2508 1922 2690 1982 litora
2734 1931 2959 2000 portus
3006 1929 3069 1980 et
3102 1921 3167 1980 in

469 2033 820 2093 districtum
869 2034 1137 2094 ciuitatis
1183 2032 1379 2093 Firmi
1425 2044 1487 2094 et
1534 2033 1618 2094 ad
1663 2036 1867 2112 ipsam
1930 2036 2256 2094 ciuitatem
2303 2054 2386 2094 ar.
2436 2082 2449 2094 .
2498 2081 2508 2092 .
2558 2082 2569 2092 .
2632 2044 2707 2094 st.
2756 2081 2767 2093 .
2818 2082 2830 2092 .
2878 2081 2889 2092 .
2961 2034 3168 2094 facere

469 2147 847 2208 tenebantur
888 2146 1187 2225 predictis
1235 2145 1546 2207 Firmanis
1576 2157 1639 2207 et
1672 2146 1806 2206 aliis
1855 2165 2079 2207 eorum
2128 2149 2314 2208 sociis
2357 2146 2656 2220 condam,
2704 2157 2768 2206 vt
2804 2147 3167 2207 continetur

470 2307 725 2318 .....
789 2280 828 2318 a
874 2259 1008 2320 tulo
1059 2306 1069 2316 .
1123 2308 1134 2319 .
1184 2307 1194 2317 .
1244 2307 1256 2318 .
1305 2307 1316 2318 .
1369 2307 1380 2318 .
1427 2258 1618 2320 Firmi
1667 2257 1941 2320 Aiaroso
1988 2260 2072 2320 da
2119 2261 2371 2342 Ragusa
2420 2270 2481 2320 et
2528 2259 2658 2320 filio
2704 2278 2821 2320 suo
2868 2258 3165 2320 Michaeli

470 2384 530 2432 et
575 2374 710 2434 aliis
756 2375 883 2433 suis
933 2418 1508 2432 ..........
1573 2375 1752 2433 sione
1799 2372 2097 2452 predictis
2145 2373 2459 2434 Firmanis
2504 2372 2733 2433 ablatis
2777 2382 2841 2433 et
2889 2372 3165 2433 detentis

474 2480 912 2567 [supradictus]
964 2485 1264 2561 dominus
1313 2485 1368 2545 N
1377 2533 1631 2544 .....
1679 2485 1762 2546 de
1807 2505 1865 2564 p.
1916 2534 1928 2545 .
1977 2533 1988 2545 .
2058 2505 2137 2546 co
2187 2533 2686 2544 .........
2734 2485 2849 2545 des
2896 2485 3164 2545 Ranana

474 2599 908 2680 Raguseorum
941 2597 1412 2671 ambasadore8‚
1457 2609 1525 2659 ut
1571 2601 1931 2659 continetur
1976 2601 2039 2660 in
2086 2611 2259 2659 carta
2304 2601 2535 2677 scripta
2582 2617 2734 2678 per.
2769 2645 2780 2656 .
2816 2645 2827 2657 .
2864 2617 2899 2658 e
2945 2596 3068 2677 pl..
3107 2645 3117 2655 .
3153 2644 3166 2656 .

471 2713 696 2772 tarium
745 2723 986 2772 cartam
1056 2712 1306 2792 Raguse
1365 2711 1599 2771 factam
1647 2729 1819 2772 anno
1867 2713 2326 2773 incarnacionis
2370 2712 2616 2772 domini
2666 2711 3001 2772 millesimo
3050 2710 3163 2770 du-

472 2825 821 2884 centesimo
891 2826 1422 2905 quinquagesimo
1483 2833 1688 2896 sext0‚
1759 2826 1993 2884 mensis
2039 2826 2271 2897 marcii,
2334 2827 2521 2884 tertio
2583 2823 2687 2885 die
2753 2832 3002 2885 astante
3048 2832 3167 2883 etc.

473 2938 824 2999 secundum
874 2984 3165 2999 ......................................

472 3050 770 3129 predictis
813 3050 1130 3112 Firmanis
1176 3096 3168 3113 .................................

473 3165 616 3224 tatis
665 3210 677 3223 .
730 3211 742 3223 .
791 3212 802 3223 .
851 3177 914 3224 et
959 3164 1042 3225 ad
1088 3184 1131 3225 u
1178 3213 1189 3224 .
1239 3212 1250 3223 .
1300 3212 1311 3223 .
1359 3166 1576 3226 ciuitat
1610 3208 3167 3227 ..........................

472 3296 702 3337 eonem
750 3292 1234 3356 procuratorum
1280 3280 1414 3339 siue
1460 3296 1541 3338 cu
1617 3322 3167 3337 ..........................

471 3390 647 3469 quod
693 3390 1022 3451 habebunt
1067 3394 1130 3451 in
1177 3391 1334 3452 locis
1377 3390 1678 3469 predictis
1721 3390 1947 3452 decem
1996 3390 2237 3451 solidos
2280 3388 2615 3471 uult(atici‘)
2642 3386 2712 3469 (?)
2760 3388 2862 3450 uel
2904 3436 3167 3448 .....

471 3504 707 3564 sactum
755 3506 818 3564 in
867 3506 1224 3582 quantitate
1267 3503 1554 3583 predicta
1599 3505 1748 3583 ipsis
1793 3502 2109 3564 Firmanis
2153 3503 2365 3563 ablata
2412 3514 2474 3564 et
2521 3522 2612 3583 sp.
2666 3550 2723 3562 ..
2762 3548 2777 3563 .
2826 3520 2985 3562 anor
3033 3549 3043 3560 .
3094 3548 3105 3559 .
3154 3548 3167 3559 .

472 3617 696 3679 decem
761 3616 1000 3677 solidos
1069 3636 1180 3695 per
1249 3618 1684 3677 centenarium
1745 3616 1937 3677 libras
1997 3627 2332 3677 teneantur
2397 3616 2605 3676 facere
2666 3618 2814 3694 ipsis
2864 3615 3170 3697 Raguseis

472 3729 865 3791 soluentibus
911 3730 992 3789 de
1039 3732 1188 3809 ipsis
1261 3777 1576 3790 ......
1587 3716 1590 3719 ’
1625 3772 3169 3789 ..........................

471 3844 900 3904 centenarium
965 3843 1204 3916 solutiS,
1250 3853 1316 3904 vt
1383 3842 1626 3903 dictum
1687 3854 1782 3903 est
1846 3853 2085 3902 cartam
2153 3844 2560 3922 quietationis
2605 3852 2667 3903 et
2730 3842 3168 3913 consessioniS,

471 3957 647 4035 quod
693 3958 742 4017 si
790 3956 938 4017 dicti
989 3957 1260 4037 Ragusei
1309 3958 1416 4035 qui
1463 3957 1750 4016 uenerint
1811 3954 1897 4015 ad
1956 3956 2283 4015 ciuitatem
2350 3954 2405 4016 F
2408 3957 2719 4016 irmanam
2785 3964 2849 4015 et
2896 3955 3030 4014 eius
3075 3953 3169 4013 di-

469 4071 756 4131 strictum
803 4088 932 4130 non
980 4069 1284 4130 soluerint
1328 4068 1553 4129 decem
1601 4067 1842 4129 solidos
1872 4068 1954 4129 de
1987 4069 2160 4128 omni
2204 4071 2570 4130 centenario
2617 4068 2806 4129 libras
2852 4067 3169 4129 dederunt

469 4182 731 4261 predicti
765 4181 1038 4243 Michael
1070 4194 1134 4243 et
1157 4181 1483 4262 Johannes
1527 4182 1963 4242 ambasatores
1993 4182 2286 4264 Ragusei,
2316 4192 2384 4241 vt
2413 4181 2848 4242 ambasatores
2896 4182 3169 4261 Ragusei

471 4296 768 4374 predictis
797 4294 1113 4357 Firmanis
1143 4295 1458 4356 licentiam
1493 4306 1558 4355 et
1589 4294 1849 4355 liberam
1898 4304 2283 4373 potestatem
2334 4293 2685 4373 accipiendi
2731 4305 2794 4354 et
2841 4293 3165 4354 auferendi

470 4428 692 4470 eorum
739 4410 1114 4470 auctoritate
1161 4408 1242 4469 de
1289 4408 1474 4468 bonis
1517 4422 1582 4467 et
1628 4407 1816 4467 rebus
1855 4407 2187 4468 hominum
2221 4417 2285 4468 et
2320 4419 2742 4467 mercatorum
2791 4406 2959 4466 dicte
3004 4416 3170 4466 terre

472 4522 824 4605 Ragusane‚
855 4538 920 4582 vt
951 4522 1067 4582 sibi
1115 4506 1497 4582 satisfacient
1533 4521 1595 4580 in
1630 4522 1983 4599 quantitate
2016 4521 2285 4599 pecunie
2317 4519 2631 4599 predicte;
2679 4529 2741 4579 et
2788 4519 2907 4579 hec
2952 4520 3170 4577 omnia

468 4635 750 4715 predicta
783 4636 932 4695 dicti
968 4636 1240 4716 Ragusei
1272 4634 1708 4696 ambasatores
1737 4652 1854 4711 pro
1886 4652 2234 4695 commune
2279 4634 2533 4715 Ragusii
2582 4646 2646 4693 et
2687 4632 2836 4693 dicti
2884 4630 3165 4693 Firmani

467 4752 630 4811 inter
701 4769 771 4810 se
839 4748 1242 4809 concorditer
1303 4747 1733 4820 firmauerunt,
1795 4746 2216 4808 laudauerunt
2285 4761 2347 4808 et
2414 4758 2550 4807 rata
2596 4756 2659 4806 et
2706 4744 2888 4806 firma
2937 4744 3171 4804 habere

467 4866 894 4943 promiserunt
939 4863 1059 4923 sub
1105 4861 1496 4943 obligatione
1542 4878 1802 4921 suorum
1834 4834 2312 4935 ‚Firmanorum
2359 4860 2680 4920 bonorum
2727 4868 2791 4918 et
2838 4858 2986 4918 dicti
3036 4876 3169 4916 am-

471 4977 797 5039 basatores
842 4977 1268 5056 promiserunt
1298 4974 1418 5035 sub
1450 4973 1680 5035 eadem
1712 4972 2105 5054 obligatione
2136 4973 2455 5033 bonorum
2504 4973 2865 5032 communis
2910 4972 3165 5050 Ragusii

471 5110 686 5152 coram
735 5090 942 5151 iudice
987 5089 1369 5168 supradicto
1417 5088 1565 5148 Hoc
1609 5096 1822 5147 actum
1871 5084 1983 5145 suit
2032 5088 2091 5146 in
2141 5085 2377 5164 palatio
2423 5085 2785 5146 communis
2827 5083 3040 5145 Firmi.
3090 5082 3169 5143 Et
