3797 5795
1923 368 2332 444 *148-

772 563 973 639 ipsam
1022 570 1255 620 terram
1303 561 1393 619 eis
1439 560 1806 619 fecissemus
1851 578 1966 639 per
2013 570 2218 620 metas
2277 560 2614 619 continuas
2674 560 2992 640 assignari.
3063 556 3200 617 Nos
3264 559 3474 637 itaque

770 674 1001 734 auditis
1048 674 1335 751 parcium
1381 672 1863 747 assercionibuS,
1910 675 2074 752 quia.
2105 670 2410 733 Nicolaus
2469 690 2690 731 comes
2748 690 3011 751 presens
3074 672 3204 744 fuit,
3267 671 3474 749 ipsum

770 788 855 847 ad
902 798 1135 847 terram
1181 785 1353 847 illam
1402 786 1705 846 duximus
1750 784 2316 845 transmittendum
2364 794 2634 863 accepto
2666 794 3067 845 sacramento
3111 784 3196 845 ab
3243 783 3476 844 eodem

771 904 875 974 ita,
922 912 991 960 ut
1036 900 1119 961 ad
1166 897 1359 960 fidem
1410 900 1535 959 deo
1582 898 1867 959 debitam
1919 909 2125 959 metas
2172 911 2337 958 terre
2382 900 2664 977 ipsorum
2699 908 3039 977 separaret,
3082 900 3242 959 sicut
3276 882 3476 977 quon-

772 1014 921 1074 dam
970 1025 1387 1091 separaverat,
1432 1014 1537 1091 qui
1585 1012 1669 1073 ad
1718 1032 1836 1073 nos
1883 1030 2170 1072 reversus
2216 1022 2420 1071 metas
2467 1010 2628 1072 illius
2675 1020 2839 1071 terre
2885 1012 3072 1074 nobis
3113 1013 3176 1071 in
3227 1012 3475 1089 scriptis

771 1129 1061 1205 portavit,
1108 1129 1257 1205 ipsis
1304 1124 1597 1186 Neudalo
1644 1135 1708 1185 et
1754 1126 2182 1206 generacionc
2239 1144 2352 1185 sua
2414 1142 2546 1185 non
2605 1125 3204 1198 contradicentibuS,
3253 1126 3478 1203 pocius

772 1259 1097 1301 assensum
1148 1239 1560 1318 prebentibus
1605 1249 1671 1298 et
1719 1238 2021 1298 favorem.
2069 1237 2207 1297 Nos
2266 1248 2482 1298 autem
2541 1240 2749 1317 ipsam
2813 1250 3044 1298 terram
3105 1236 3248 1297 filiis
3319 1234 3476 1299 Che-

771 1354 931 1414 chan
979 1352 1347 1430 reliquimus
1393 1352 1455 1411 in
1501 1362 1885 1430 perpetuum
1933 1350 2392 1429 possidendam
2439 1351 2557 1411 sub
2604 1350 2722 1412 hiis
2767 1353 2967 1411 metis
3025 1350 3236 1411 Prima
3288 1352 3471 1433 igitur

773 1478 942 1526 meta
989 1465 1205 1543 incipit
1266 1464 1437 1542 apud
1500 1483 1697 1524 unum
1769 1476 2034 1543 puteum
2099 1466 2208 1542 qui
2275 1478 2538 1524 vocatur
2606 1462 2833 1526 Oburh
2894 1473 2956 1523 et
3017 1482 3129 1542 per
3196 1465 3466 1525 rivulum

771 1578 1055 1638 eiusdem
1128 1579 1297 1656 putei
1368 1577 1537 1637 cadit
1599 1580 1661 1637 in
1710 1576 1970 1637 fluvium
2043 1575 2316 1651 Corona,
2385 1576 2466 1637 de
2535 1588 2733 1655 puteo
2801 1586 3017 1637 autem
3078 1576 3372 1636 ascendit
3417 1579 3473 1636 in

770 1702 1082 1764 montem,
1147 1691 1251 1751 ubi
1316 1701 1460 1751 sunt
1535 1690 1662 1750 due
1725 1701 1914 1765 mete,
1969 1709 2235 1769 quarum
2305 1710 2430 1751 una
2493 1688 2764 1751 filiorum
2828 1688 3126 1753 Chechan
3172 1701 3240 1749 et
3285 1689 3476 1750 altera

768 1804 1043 1865 Neudali
1091 1822 1236 1863 cum
1286 1822 1401 1863 sua
1446 1806 1886 1884 generacione,
1932 1803 2166 1863 deinde
2214 1806 2441 1865 iterum
2487 1804 2570 1863 ad
2618 1815 2908 1863 montem
2955 1802 3038 1862 ad
3071 1802 3234 1863 duas
3268 1812 3468 1863 metas

768 1928 1020 1989 terreaS,
1066 1916 1299 1978 deinde
1347 1917 1519 1978 vadit
1565 1916 1648 1976 ad
1696 1916 1926 1976 vallem
1973 1916 2056 1977 ad
2105 1916 2264 1977 duas
2297 1927 2500 1977 metas
2541 1926 2793 1990 terreaS,
2840 1916 3073 1977 deinde
3103 1915 3188 1976 ad
3240 1925 3468 1976 terram

770 2028 995 2090 Vlchiz
1042 2030 1124 2089 ad
1172 2029 1331 2090 duas
1376 2029 1636 2089 arbores
1680 2031 2168 2109 crucesignatas,
2228 2048 2353 2109 que
2415 2041 2562 2091 sunt
2617 2048 2734 2109 pro
2783 2032 2986 2104 metis,
3033 2048 3308 2108 quarum
3355 2049 3472 2089 una

770 2140 1041 2203 filiorum
1093 2140 1413 2215 Cliechan,
1474 2142 1668 2203 altera
1718 2162 1867 2202 vero
1917 2140 2188 2202 Neudali
2251 2154 2316 2202 et
2375 2162 2486 2203 sue
2547 2145 2985 2224 generacionis
3053 2151 3117 2202 et
3177 2143 3264 2201 ibi
3315 2152 3471 2202 ten-a

772 2255 1043 2316 Neudali
1091 2266 1379 2315 remanet
1426 2256 1508 2315 ad
1557 2256 1982 2328 occidentem,
2028 2264 2193 2315 terra
2241 2275 2390 2315 vero
2438 2255 2664 2317 Vlchiz
2723 2256 2808 2316 ad
2865 2256 3239 2335 aquilonem
3287 2267 3354 2315 et
3398 2256 3470 2315 ibi

772 2379 866 2429 est
912 2369 1102 2428 arbor
1148 2369 1319 2429 brezt
1366 2367 1556 2451 vulgo
1604 2378 1846 2443 vocata,
1915 2370 2020 2429 ubi
2079 2368 2163 2429 ab
2225 2370 2468 2430 oriente
2533 2379 2698 2429 terra
2759 2368 3102 2430 Dobrozlai
3169 2379 3474 2441 remanet,

771 2482 1005 2541 deinde
1053 2481 1222 2542 vadit
1268 2482 1351 2542 ad
1397 2482 1676 2561 lapidem
1724 2481 1926 2555 anla,
1989 2482 2222 2543 deinde
2285 2481 2457 2542 vadit
2515 2481 2601 2542 ad
2649 2480 2972 2545 Coronam
3022 2491 3085 2541 et
3132 2481 3220 2541 ibi
3268 2483 3470 2542 termi-

772 2610 973 2655 natur.
1022 2596 1109 2657 Ut
1154 2607 1367 2656 autem
1417 2595 1599 2656 huius
1643 2598 1727 2655 rei
1779 2598 1971 2656 series
2033 2594 2204 2655 salva
2267 2596 2590 2668 consistat,
2653 2614 2733 2654 ne
2795 2595 3099 2673 deinceps
3159 2594 3468 2654 discordia

772 2710 933 2768 inter
978 2718 1187 2787 partes
1232 2728 1421 2787 super
1468 2710 1653 2769 metis
1696 2708 1957 2786 prefatis
2025 2710 2276 2781 oriatur,
2343 2718 2672 2786 presentes
2740 2708 2976 2768 litteras
3044 2709 3465 2767 concessimus

770 2820 949 2902 sigilli
1000 2824 1191 2881 nostri
1246 2822 1597 2881 munimine
1642 2823 1994 2882 roboratas
2041 2820 2238 2882 Anno
2287 2821 2532 2881 domini
2583 2817 2955 2884 M⁰CC⁰L⁰
3001 2838 3194 2879 nono,

955 3016 1253 3089 Orzjginal
1308 3037 1347 3073 u
1408 3016 1495 3073 kr.
1545 3036 1645 3091 ug.
1692 3019 1815 3074 dra.
1862 3016 2087 3074 arkivu
2145 3037 2185 3073 u
2248 3017 2522 3074 Budimu
2544 3039 2564 3074 .·
2627 3017 2766 3076 DL.
2829 3018 2996 3071 4702>
3055 3018 3094 3089 (
3089 3017 3282 3074 Siara
3317 3016 3460 3088 stssgn.

770 3119 851 3177 N.
888 3121 959 3178 R.
993 3119 1063 3177 A.
1078 3123 1255 3196 fasc.
1309 3123 1468 3175 1531.
1517 3141 1612 3177 no,
1668 3122 1792 3194 1247)
1840 3122 1948 3178 AVa
1995 3122 2201 3178 listim'
2241 3123 2378 3178 vidi
2417 3141 2484 3177 se
2531 3130 2690 3196 trag,
2742 3122 2883 3195 gdje
2905 3124 2982 3195 je
3026 3141 3060 3177 0
3105 3121 3285 3177 vrvci
3323 3121 3466 3177 visio

760 3227 961 3298 pedat.

952 3328 1092 3385 cod.
1143 3329 1290 3402 dipl.
1331 3330 1583 3404 patrius
1646 3329 1813 3386 Vlll.
1866 3333 2092 3398 74-5,
2141 3348 2240 3388 no.
2297 3333 2394 3388 60.

2030 3638 2223 3717 658.

774 3790 974 3857 1259.

769 3980 1094 4068 Κναζγϊεα
1155 3984 1425 4069 Adan'ja
1488 3987 1735 4071 daruje
1804 3969 1986 4048 Cehu
2046 3985 2214 4048 sinu
2283 3987 2548 4050 Puc‘z'ne
2584 3988 2831 4073 posy‘ed
2873 3989 3204 4052 Dubovac
3269 4012 3312 4052 u
3361 3997 3465 4073 po-

765 4095 992 4180 z'es‘koj
1044 4095 1375 4181 {upam'jt}
1447 4099 1573 4159 kao
1631 4097 1950 4182 zamjenu
2011 4121 2088 4162 za
2139 4101 2325 4184 grad
2365 4101 2599 4177 Labor,
2665 4101 2818 4186 kojz'
2853 4104 2938 4188 je
2979 4102 3254 4166 Puc‘z‘m'
3297 4101 3469 4182 kralj

1815 4211 1987 4272 Bela
2035 4213 2279 4275 oduzeo
2325 4212 2448 4275 bio.

942 4400 1141 4461 Maria
1202 4403 1301 4462 dei
1364 4405 1573 4483 gracia
1634 4405 1851 4484 regina
1925 4402 2251 4485 Hungarie
2290 4407 2618 4482 ,vniuersis
2681 4403 2936 4481 Christi¹
2985 4405 3280 4469 fidelibus
3327 4425 3450 4486 pre·

760 4523 976 4573 sentes
1024 4517 1395 4592 inspecturis
1439 4515 1710 4576 salutem
1774 4517 1837 4576 in
1901 4519 2192 4578 omnium
2253 4518 2583 4578 saluatore.
2645 4517 2755 4579 Ad
2819 4521 3256 4583 uniuersorum
3307 4521 3450 4580 noti-

759 4619 931 4700 ciam
978 4638 1201 4687 tenore
1232 4630 1628 4708 presencium
1681 4629 1982 4689 uolumus
2021 4632 2367 4710 peruenire,
2417 4630 2596 4710 quod
2646 4650 2794 4692 cum
2839 4637 3305 4710 possessionem
3345 4633 3448 4693 Pu-

758 4749 930 4810 cyna
960 4738 1067 4800 filii
1102 4739 1327 4802 Vrban
1363 4741 1585 4802 Lobor
1633 4753 1937 4803 uocatam
1985 4763 2134 4804 cum
2181 4755 2388 4804 castro
2450 4746 2512 4804 in
2559 4745 2788 4804 eadem
2838 4759 3207 4807 constructo
3259 4745 3448 4806 comiti

762 4843 1060 4913 Michaeli
1124 4852 1292 4913 fratri
1354 4853 1567 4916 Buzad
1630 4865 1848 4916 noster
1915 4855 2216 4917 dominus
2271 4867 2336 4917 et
2397 4875 2662 4917 consors
2729 4859 3092 4919 carissimus
3153 4859 3295 4920 Bela
3352 4874 3448 4916 rex

768 4957 1096 5048 Hungarie
1142 4965 1393 5027 illustris
1424 4969 1786 5043 contulisse,
1832 4968 2258 5048 postmodum
2307 4967 2524 5032 Chech
2571 4969 2734 5030 filius
2765 4971 3052 5032 eiusdem
3093 4973 3336 5051 Pucyna
3373 4965 3444 5027 ad

768 5089 1052 5139 nostram
1121 5080 1435 5140 accedens
1480 5084 1877 5160 presenciam
1932 5081 2170 5142 dictam
2218 5084 2688 5162 possessionem
2740 5083 2966 5144 Lobor
3012 5096 3075 5146 et
3123 5095 3373 5146 castrum
3411 5098 3443 5137 a
