3797 5795
1566 423 1958 484 -227—

420 612 763 690 pellatione
810 615 1149 694 pignorare
1192 613 1549 692 predictum
1598 613 1930 674 dominum
1983 616 2305 686 comitem,
2351 612 2587 673 iudices
2633 623 2696 672 et
2735 614 3123 674 consiliarios

418 736 485 785 et
532 726 1005 786 vniuersitatem
1056 727 1287 807 Ragusi
1335 727 1397 786 in
1444 727 1745 786 omnibus
1790 727 1980 786 rebus
2027 745 2248 786 eorum
2297 725 2476 786 licitis
2523 736 2585 785 et
2617 725 2860 800 illicitis,
2908 727 3118 786 donec

422 837 699 916 prelecta
765 840 982 898 omnia
1049 841 1139 899 eis
1205 838 1691 918 adimpleantur.
1740 839 2004 918 Insuper
2071 841 2264 900 etiam
2333 838 2654 917 predictus
2715 838 3122 918 Lampridius

416 951 677 1010 nomine
724 961 787 1010 et
833 969 951 1028 pro
998 962 1177 1030 parte
1220 951 1653 1030 predictorum
1696 951 1937 1012 domini
1986 953 2236 1012 comitis
2282 950 2580 1021 iudicum,
2611 952 3112 1013 consiliariorum

418 1073 484 1123 et
530 1064 948 1124 vniuersitatis
994 1065 1249 1146 Ragusii
1296 1067 1677 1125 renuntiauit
1745 1084 2048 1144 expresse
2094 1067 2270 1124 omni
2318 1066 2465 1124 iuris
2511 1065 2750 1124 auxilio
2797 1079 2858 1125 et
2907 1066 3118 1147 legum

420 1175 750 1248 benefici0,
796 1195 871 1237 ac
916 1179 1053 1237 usui
1100 1177 1659 1238 consuetudinario
1706 1189 1770 1237 et
1815 1180 1992 1238 omni
2039 1178 2142 1238 alii
2188 1178 2550 1255 exceptioni
2601 1190 2663 1237 et
2713 1180 3119 1256 oppositioni,

350 1317 356 1324 ·
422 1307 536 1367 per
602 1307 729 1368 que
797 1289 979 1350 huius
1046 1291 1259 1368 scripti
1328 1291 1719 1351 continentia
1765 1291 1829 1350 in
1878 1301 2058 1368 parte
2105 1290 2204 1350 uel
2251 1292 2314 1349 in
2364 1299 2502 1349 toto
2548 1300 2765 1368 posset
2813 1293 3007 1351 minui
3056 1303 3120 1353 et

418 1403 731 1462 euacuari.
752 1402 1011 1463 Maioris
1042 1421 1299 1482 quoque
1332 1405 1680 1463 securitatis
1712 1422 1902 1464 causa
1933 1405 2156 1464 iurauit
2190 1422 2377 1481 super
2409 1414 2628 1464 sancta
2661 1404 2760 1465 dei
2789 1405 3118 1486 euangelia

424 1525 557 1574 tam
590 1534 707 1593 pro
748 1527 928 1593 parte
974 1534 1086 1575 sua
1134 1534 1325 1594 quam
1360 1535 1477 1594 pro
1524 1527 1702 1594 parte
1750 1518 2040 1576 omnium
2086 1515 2538 1594 predictorum,
2581 1517 2858 1595 prelecta
2885 1520 3119 1592 omnia,

418 1629 688 1707 qualiter
754 1629 1182 1710 preleguntur‚
1242 1630 1331 1689 eis
1390 1631 1525 1688 sine
1594 1629 2016 1689 diminutione
2083 1628 2366 1708 qualibet
2427 1627 2796 1707 adimplere.
2847 1630 2948 1692 De
2995 1631 3118 1692 hoc

414 1752 629 1802 autem
678 1741 845 1802 facta
891 1751 1037 1802 sunt
1083 1741 1213 1801 duo
1260 1741 1514 1820 puplica
1561 1741 1914 1802 consimilia
1959 1743 2378 1802 instrumenta
2426 1761 2540 1819 per
2587 1761 2813 1804 manus
2852 1744 3118 1822 predicti

418 1852 651 1936 Angeli
698 1855 935 1933 publici
969 1855 1177 1915 Baroli
1210 1857 1455 1928 notarii,
1486 1873 1681 1915 unum
1716 1853 2086 1915 habendum
2120 1874 2318 1933 penes
2359 1855 2637 1916 eundem
2673 1855 3117 1935 Lampridium

420 1987 538 2046 pro
584 1979 764 2046 parte
794 1968 1229 2047 predictorum
1260 1979 1323 2028 et
1355 1968 1625 2029 alterum
1672 1987 1871 2046 penes
1917 1968 2196 2028 eundem
2245 1971 2438 2029 sirum
2487 1969 2848 2047 Philippum
2875 1980 2938 2030 et
2971 1969 3114 2030 Bar-

422 2081 654 2140 nabam
723 2080 1205 2152 remanendum,
1272 2080 1475 2162 sigillo
1522 2092 1584 2140 ct
1629 2081 2094 2158 subscriptione
2165 2100 2308 2142 mea
2379 2084 2484 2159 qui
2547 2101 2736 2160 supra
2783 2082 3006 2143 iudicis
3051 2094 3115 2142 et

422 2197 649 2253 nostris
695 2194 1235 2272 infrascriptorum
1281 2194 1547 2254 testibus
1592 2194 2161 2272 subscriptionibus
2206 2195 2550 2256 roborante
2595 2214 2671 2255 ac
2703 2195 2891 2255 solito
2933 2197 3116 2276 signo

416 2309 541 2366 mei
589 2307 811 2385 prefati
863 2309 1089 2366 notarii
1144 2309 1467 2366 comuniti.

592 2423 776 2495 szgn
783 2443 884 2479 um
932 2431 1075 2478 nota
1082 2423 1180 2494 riis
1194 2446 1211 2480 l

592 2530 661 2594 C.
718 2533 1006 2593 Preterea
1075 2533 1412 2612 supradicti
1484 2534 1641 2594 sirus
1690 2533 2014 2612 Philippus
2076 2544 2139 2592 et
2187 2533 2507 2593 Barnabas
2555 2534 2998 2614 obligauerunt
3045 2554 3114 2594 se

412 2645 702 2723 predicto
773 2644 1145 2724 Lampridio
1191 2647 1310 2705 sub
1356 2665 1521 2724 pena
1588 2645 1873 2724 predicta
1943 2647 2192 2706 mittere
2261 2645 2621 2724 predictum
2691 2646 2889 2708 salem
2936 2647 3109 2725 apud

416 2757 760 2839 Ragusium
828 2777 1025 2838 Vsque
1086 2778 1200 2838 per
1267 2770 1475 2818 totum
1545 2769 1690 2837 post
1761 2770 2102 2820 uenturum
2167 2729 2494 2820 mensem·
2523 2769 2881 2840 augustum,
2929 2761 3112 2820 liuius

416 2873 637 2950 quinte
682 2871 1061 2932 indictionis,

590 2988 800 3043 Razne
846 2986 1034 3043 ruke:
1078 2984 1117 3062 ἦ·
1162 2984 1449 3045 Gaudius
1496 2988 1601 3063 qui
1650 3004 1838 3064 supra
1886 2986 2112 3066 regalis
2158 2986 2367 3046 iudex.

588 3096 627 3176 ἦ·
678 3097 1055 3158 Wilhelmus
1102 3098 1183 3158 de
1228 3095 1557 3179 Agentera
1605 3096 1958 3179 testam-sil),
2042 3128 2046 3132 -

588 3210 627 3291 †
674 3210 814 3291 Ego
854 3210 1179 3290 Johannes
1222 3211 1304 3270 de
1351 3208 1685 3271 Saluatore
1732 3214 1909 3271 testis
1955 3230 2113 3270 sum.

587 3322 627 3402 ἦ·
672 3323 814 3405 Ego
862 3324 1146 3385 Lucarus
1190 3326 1441 3385 comitis
1483 3323 1645 3404 Jude
1692 3323 1774 3383 de
1824 3325 2102 3404 Ragusio
2149 3325 2324 3383 testis
2370 3342 2528 3383 sum.

586 3436 625 3517 ἦ·
673 3436 811 3518 Ego
860 3436 1173 3519 Georgius
1219 3434 1491 3499 Gostese
1537 3441 1599 3497 in
1648 3437 1772 3497 hoc
1818 3456 1960 3496 sum
2007 3440 2202 3497 testis,

600 3628 729 3686 Oba
776 3630 1089 3703 ortginala
1138 3650 1175 3686 u
1224 3630 1668 3687 dubrovac‘kom
1716 3628 1940 3686 arkivu
2011 3632 2221 3685 tros'na
2285 3630 2311 3685 i
2364 3631 2662 3685 os'tec‘ena.
2744 3661 2824 3669 —-
2889 3627 3115 3685 Zbr'rka

410 3752 575 3790 saca
625 3734 691 3789 X
685 3734 803 3791 lll.

1672 4025 1861 4103 732.

408 4182 611 4261 1262,
658 4182 767 4247 30.
809 4180 1017 4263 juna..

410 4372 585 4434 Bela
632 4371 822 4454 kralj
864 4370 1153 4456 ugarskz'
1193 4370 1226 4433 ι’
1263 4371 1579 4434 larvati-ki
1635 4371 1875 4434 darc'va
1939 4373 2165 4435 [vanu
2226 4371 2392 4433 sina
2461 4372 2820 4433 lvanovom
2863 4371 3104 4453 possed

1390 4483 1660 4547 Batz‘nu
1710 4506 1755 4547 u
1806 4486 2132 4569 Zagorju.

588 4676 740 4737 Bela
787 4676 888 4737 dei
936 4678 1147 4758 gracia
1200 4676 1543 4757 Hungarie,
1588 4676 1935 4750 Dalmacie,
1983 4674 2265 4749 Croacie‚
2300 4677 2519 4749 Rame,
2565 4672 2801 4747 Seruio,
2833 4672 3113 4748 Gallicie‚

410 4788 817 4864 Lodomerie,
850 4788 1291 4867 Cumanieque
1323 4808 1437 4849 rex
1468 4788 1766 4849 omnibus
1796 4800 2122 4867 presentes
2155 4788 2391 4849 litteras
2423 4790 2798 4867 inspecturis
2843 4788 3111 4848 salutem

408 4904 470 4961 in
520 4902 803 4963 domin0.
855 4902 941 4964 Ut
985 4902 1368 4963 collaciones
1415 4920 1633 4982 regum
1683 4911 1994 4979 perpetuo
2041 4912 2467 4981 perseuerent,
2513 4902 2862 4962 litterarum
2897 4900 3107 4960 solent

407 5017 777 5077 testimonio
844 5016 1239 5075 communiri.
1306 5015 1577 5075 Proinde
1637 5014 1721 5074 ad
1782 5015 2218 5074 vniuersorum
2291 5016 2594 5075 noticiam
2665 5014 2890 5074 harum
2955 5015 3112 5073 serie

407 5129 705 5190 volumus
748 5131 1097 5209 peruenire,
1159 5128 1335 5207 quod
1383 5128 1555 5208 pugil
1595 5127 1921 5208 Johannes
1993 5127 2152 5188 filius
2192 5127 2498 5207 Johannis
2546 5128 2630 5189 ad
2680 5138 2962 5188 nostram
3011 5146 3113 5186 ac-

3081 5275 3114 5312 *
