<?xml version="1.0" encoding="UTF-8"?>
<!DOCTYPE html PUBLIC "-//W3C//DTD XHTML 1.0 Transitional//EN"
    "http://www.w3.org/TR/xhtml1/DTD/xhtml1-transitional.dtd">
<html xmlns="http://www.w3.org/1999/xhtml" xml:lang="en" lang="en">
 <head>
  <title>
</title>
<meta http-equiv="Content-Type" content="text/html;charset=utf-8" />
  <meta name='ocr-system' content='tesseract 3.04.00' />
  <meta name='ocr-capabilities' content='ocr_page ocr_carea ocr_par ocr_line ocrx_word'/>
</head>
<body>
  <div class='ocr_page' id='page_1' title='image "./codexdiplomatic00umjegoog_0358.png"; bbox 0 0 3797 5795; ppageno 0'>
   <div class='ocr_carea' id='block_1_1' title="bbox 1503 383 1910 445">
    <p class='ocr_par' dir='ltr' id='par_1_1' title="bbox 1503 383 1910 445">
     <span class='ocr_line' id='line_1_1' title="bbox 1503 383 1910 445; baseline 0.002 -1"><span class='ocrx_word' id='word_1_1' title='bbox 1503 383 1910 445; x_wconf 78' lang='lat'><strong>——345-</strong></span> 
     </span>
    </p>
   </div>
   <div class='ocr_carea' id='block_1_2' title="bbox 391 694 1802 952">
    <p class='ocr_par' dir='ltr' id='par_1_2' title="bbox 391 694 1802 952">
     <span class='ocr_line' id='line_1_2' title="bbox 1587 694 1802 772; baseline -0.019 0"><span class='ocrx_word' id='word_1_2' title='bbox 1587 694 1802 772; x_wconf 83' lang='grc'><strong>835.</strong></span> 
     </span>
     <span class='ocr_line' id='line_1_3' title="bbox 391 862 1516 952; baseline -0.002 -19"><span class='ocrx_word' id='word_1_3' title='bbox 391 871 570 948; x_wconf 83' lang='grc'><strong>1265,</strong></span> <span class='ocrx_word' id='word_1_4' title='bbox 612 869 715 935; x_wconf 86' lang='grc'>26.</span> <span class='ocrx_word' id='word_1_5' title='bbox 761 870 1105 952; x_wconf 69' lang='lat' dir='ltr'>augusta.</span> <span class='ocrx_word' id='word_1_6' title='bbox 1151 867 1210 934; x_wconf 92' lang='lat' dir='ltr'>U</span> <span class='ocrx_word' id='word_1_7' title='bbox 1254 862 1516 933; x_wconf 70' lang='lat' dir='ltr'>ZadruL.</span> 
     </span>
    </p>
   </div>
   <div class='ocr_carea' id='block_1_3' title="bbox 391 1057 3052 1145">
    <p class='ocr_par' dir='ltr' id='par_1_3' title="bbox 391 1057 3052 1145">
     <span class='ocr_line' id='line_1_4' title="bbox 391 1057 3052 1145; baseline 0.001 -25"><span class='ocrx_word' id='word_1_8' title='bbox 391 1058 664 1141; x_wconf 58' lang='lat' dir='ltr'>Andri&#39;ja</span> <span class='ocrx_word' id='word_1_9' title='bbox 695 1058 728 1120; x_wconf 75' lang='lat' dir='ltr'>z·</span> <span class='ocrx_word' id='word_1_10' title='bbox 751 1059 948 1121; x_wconf 64' lang='lat' dir='ltr'>brada</span> <span class='ocrx_word' id='word_1_11' title='bbox 995 1080 1132 1130; x_wconf 87' lang='lat' dir='ltr'>mu,</span> <span class='ocrx_word' id='word_1_12' title='bbox 1157 1057 1392 1122; x_wconf 74' lang='lat' dir='ltr'>st‘novt&#39;</span> <span class='ocrx_word' id='word_1_13' title='bbox 1434 1059 1680 1122; x_wconf 78' lang='lat' dir='ltr'>Kresle</span> <span class='ocrx_word' id='word_1_14' title='bbox 1714 1060 1795 1121; x_wconf 82' lang='lat' dir='ltr'>de</span> <span class='ocrx_word' id='word_1_15' title='bbox 1833 1059 2240 1145; x_wconf 72' lang='lat' dir='ltr'>Cotopagna,</span> <span class='ocrx_word' id='word_1_16' title='bbox 2279 1059 2485 1144; x_wconf 78' lang='lat' dir='ltr'>dz&#39;jele</span> <span class='ocrx_word' id='word_1_17' title='bbox 2516 1060 2699 1144; x_wconf 82' lang='lat' dir='ltr'>svoje</span> <span class='ocrx_word' id='word_1_18' title='bbox 2729 1061 3052 1124; x_wconf 62' lang='lat' dir='ltr'>odim-lvo.</span> 
     </span>
    </p>
   </div>
   <div class='ocr_carea' id='block_1_4' title="bbox 363 1249 3056 5174">
    <p class='ocr_par' dir='ltr' id='par_1_4' title="bbox 363 1249 3056 5174">
     <span class='ocr_line' id='line_1_5' title="bbox 541 1249 3053 1315; baseline 0.002 -5"><span class='ocrx_word' id='word_1_19' title='bbox 541 1251 600 1311; x_wconf 89' lang='lat' dir='ltr'>In</span> <span class='ocrx_word' id='word_1_20' title='bbox 647 1255 904 1312; x_wconf 89' lang='lat' dir='ltr'>nomine</span> <span class='ocrx_word' id='word_1_21' title='bbox 951 1251 1192 1312; x_wconf 90' lang='lat' dir='ltr'>domini</span> <span class='ocrx_word' id='word_1_22' title='bbox 1239 1271 1447 1312; x_wconf 87' lang='lat' dir='ltr'>amen.</span> <span class='ocrx_word' id='word_1_23' title='bbox 1494 1249 1691 1314; x_wconf 88' lang='lat' dir='ltr'>Anno</span> <span class='ocrx_word' id='word_1_24' title='bbox 1739 1253 2198 1313; x_wconf 77' lang='lat' dir='ltr'>incarnacionis</span> <span class='ocrx_word' id='word_1_25' title='bbox 2244 1255 2377 1313; x_wconf 87' lang='lat' dir='ltr'>eius</span> <span class='ocrx_word' id='word_1_26' title='bbox 2427 1253 2767 1314; x_wconf 86' lang='lat' dir='ltr'>millesimo</span> <span class='ocrx_word' id='word_1_27' title='bbox 2814 1254 3053 1315; x_wconf 90' lang='lat' dir='ltr'>ducen-</span> 
     </span>
     <span class='ocr_line' id='line_1_6' title="bbox 387 1365 3049 1446; baseline 0.003 -24"><span class='ocrx_word' id='word_1_28' title='bbox 387 1367 586 1424; x_wconf 85' lang='lat' dir='ltr'>tesimo</span> <span class='ocrx_word' id='word_1_29' title='bbox 641 1368 1038 1445; x_wconf 82' lang='lat' dir='ltr'>sexagesimo</span> <span class='ocrx_word' id='word_1_30' title='bbox 1100 1368 1342 1443; x_wconf 72' lang='lat' dir='ltr'>quintci,</span> <span class='ocrx_word' id='word_1_31' title='bbox 1392 1368 1624 1425; x_wconf 78' lang='lat' dir='ltr'>mensis</span> <span class='ocrx_word' id='word_1_32' title='bbox 1688 1368 1957 1446; x_wconf 88' lang='lat' dir='ltr'>augusti,</span> <span class='ocrx_word' id='word_1_33' title='bbox 2002 1365 2104 1426; x_wconf 89' lang='lat' dir='ltr'>die</span> <span class='ocrx_word' id='word_1_34' title='bbox 2150 1376 2337 1426; x_wconf 84' lang='lat' dir='ltr'>sexto</span> <span class='ocrx_word' id='word_1_35' title='bbox 2384 1376 2683 1440; x_wconf 88' lang='lat' dir='ltr'>exeunte,</span> <span class='ocrx_word' id='word_1_36' title='bbox 2730 1367 3049 1430; x_wconf 89' lang='lat' dir='ltr'>indicione</span> 
     </span>
     <span class='ocr_line' id='line_1_7' title="bbox 383 1477 3055 1558; baseline 0.002 -22"><span class='ocrx_word' id='word_1_37' title='bbox 383 1491 601 1548; x_wconf 85' lang='lat' dir='ltr'>octaua,</span> <span class='ocrx_word' id='word_1_38' title='bbox 658 1477 862 1558; x_wconf 88' lang='lat' dir='ltr'>Jadre,</span> <span class='ocrx_word' id='word_1_39' title='bbox 929 1479 1324 1557; x_wconf 81' lang='lat' dir='ltr'>temporibus</span> <span class='ocrx_word' id='word_1_40' title='bbox 1391 1479 1692 1556; x_wconf 80' lang='lat' dir='ltr'>equidem</span> <span class='ocrx_word' id='word_1_41' title='bbox 1763 1479 2007 1540; x_wconf 92' lang='lat' dir='ltr'>domini</span> <span class='ocrx_word' id='word_1_42' title='bbox 2074 1479 2367 1556; x_wconf 85' lang='lat' dir='ltr'>Raynerii</span> <span class='ocrx_word' id='word_1_43' title='bbox 2418 1478 2583 1541; x_wconf 89' lang='lat' dir='ltr'>Geni</span> <span class='ocrx_word' id='word_1_44' title='bbox 2630 1480 2821 1541; x_wconf 90' lang='lat' dir='ltr'>incliti</span> <span class='ocrx_word' id='word_1_45' title='bbox 2877 1481 3055 1542; x_wconf 92' lang='lat' dir='ltr'>ducis</span> 
     </span>
     <span class='ocr_line' id='line_1_8' title="bbox 384 1591 3051 1673; baseline 0.001 -22"><span class='ocrx_word' id='word_1_46' title='bbox 384 1591 637 1652; x_wconf 71' lang='lat' dir='ltr'>Venecie</span> <span class='ocrx_word' id='word_1_47' title='bbox 665 1599 740 1651; x_wconf 83' lang='lat' dir='ltr'>&#39;et</span> <span class='ocrx_word' id='word_1_48' title='bbox 789 1593 1064 1673; x_wconf 84' lang='lat' dir='ltr'>magistri</span> <span class='ocrx_word' id='word_1_49' title='bbox 1115 1593 1439 1653; x_wconf 89' lang='lat' dir='ltr'>Laurentii</span> <span class='ocrx_word' id='word_1_50' title='bbox 1489 1593 1862 1652; x_wconf 86' lang='lat' dir='ltr'>venerabilis</span> <span class='ocrx_word' id='word_1_51' title='bbox 1902 1591 2223 1672; x_wconf 88' lang='lat' dir='ltr'>Jadrensis</span> <span class='ocrx_word' id='word_1_52' title='bbox 2268 1592 2769 1672; x_wconf 84' lang='lat' dir='ltr'>archyepiscopi,</span> <span class='ocrx_word' id='word_1_53' title='bbox 2814 1613 2891 1655; x_wconf 92' lang='lat' dir='ltr'>ac</span> <span class='ocrx_word' id='word_1_54' title='bbox 2935 1594 3051 1655; x_wconf 90' lang='lat' dir='ltr'>do-</span> 
     </span>
     <span class='ocr_line' id='line_1_9' title="bbox 380 1703 3055 1786; baseline 0.002 -24"><span class='ocrx_word' id='word_1_55' title='bbox 380 1705 518 1763; x_wconf 86' lang='lat' dir='ltr'>mini</span> <span class='ocrx_word' id='word_1_56' title='bbox 566 1704 776 1784; x_wconf 75' lang='lat' dir='ltr'>jacobi</span> <span class='ocrx_word' id='word_1_57' title='bbox 837 1704 1084 1783; x_wconf 76' lang='lat' dir='ltr'>Quirini</span> <span class='ocrx_word' id='word_1_58' title='bbox 1147 1708 1380 1786; x_wconf 79' lang='lat' dir='ltr'>egregii</span> <span class='ocrx_word' id='word_1_59' title='bbox 1445 1707 1712 1766; x_wconf 86' lang='lat' dir='ltr'>comitis.</span> <span class='ocrx_word' id='word_1_60' title='bbox 1763 1703 1927 1768; x_wconf 90' lang='lat' dir='ltr'>Cum</span> <span class='ocrx_word' id='word_1_61' title='bbox 1989 1705 2261 1786; x_wconf 84' lang='lat' dir='ltr'>litigiosa</span> <span class='ocrx_word' id='word_1_62' title='bbox 2322 1709 2756 1768; x_wconf 90' lang='lat' dir='ltr'>controuersia</span> <span class='ocrx_word' id='word_1_63' title='bbox 2818 1707 3055 1768; x_wconf 88' lang='lat' dir='ltr'>diutius</span> 
     </span>
     <span class='ocr_line' id='line_1_10' title="bbox 380 1817 3049 1898; baseline 0.003 -24"><span class='ocrx_word' id='word_1_64' title='bbox 380 1827 692 1879; x_wconf 82' lang='lat' dir='ltr'>verteretur</span> <span class='ocrx_word' id='word_1_65' title='bbox 719 1819 881 1878; x_wconf 88' lang='lat' dir='ltr'>inter</span> <span class='ocrx_word' id='word_1_66' title='bbox 913 1817 1244 1880; x_wconf 86' lang='lat' dir='ltr'>Andream</span> <span class='ocrx_word' id='word_1_67' title='bbox 1281 1819 1740 1896; x_wconf 87' lang='lat' dir='ltr'>Lampredium</span> <span class='ocrx_word' id='word_1_68' title='bbox 1774 1830 1836 1878; x_wconf 91' lang='lat' dir='ltr'>et</span> <span class='ocrx_word' id='word_1_69' title='bbox 1871 1817 2243 1896; x_wconf 86' lang='lat' dir='ltr'>Detaydum</span> <span class='ocrx_word' id='word_1_70' title='bbox 2276 1819 2499 1879; x_wconf 87' lang='lat' dir='ltr'>fratres</span> <span class='ocrx_word' id='word_1_71' title='bbox 2530 1818 2693 1880; x_wconf 86' lang='lat' dir='ltr'>filios</span> <span class='ocrx_word' id='word_1_72' title='bbox 2718 1820 3049 1898; x_wconf 79' lang='lat' dir='ltr'>quondam</span> 
     </span>
     <span class='ocr_line' id='line_1_11' title="bbox 377 1926 3051 2012; baseline 0.001 -22"><span class='ocrx_word' id='word_1_73' title='bbox 377 1926 554 1990; x_wconf 87' lang='lat' dir='ltr'>Cresti</span> <span class='ocrx_word' id='word_1_74' title='bbox 587 1931 668 1991; x_wconf 88' lang='lat' dir='ltr'>de</span> <span class='ocrx_word' id='word_1_75' title='bbox 698 1930 1079 2012; x_wconf 88' lang='lat' dir='ltr'>Cotopanga</span> <span class='ocrx_word' id='word_1_76' title='bbox 1124 1935 1295 1992; x_wconf 86' lang='lat' dir='ltr'>ciues</span> <span class='ocrx_word' id='word_1_77' title='bbox 1335 1930 1524 2010; x_wconf 90' lang='lat' dir='ltr'>Jadre</span> <span class='ocrx_word' id='word_1_78' title='bbox 1569 1951 1758 2010; x_wconf 91' lang='lat' dir='ltr'>super</span> <span class='ocrx_word' id='word_1_79' title='bbox 1806 1931 2117 1992; x_wconf 89' lang='lat' dir='ltr'>diuisione</span> <span class='ocrx_word' id='word_1_80' title='bbox 2164 1934 2357 1993; x_wconf 87' lang='lat' dir='ltr'>totius</span> <span class='ocrx_word' id='word_1_81' title='bbox 2404 1935 2767 2010; x_wconf 85' lang='lat' dir='ltr'>patrimonii</span> <span class='ocrx_word' id='word_1_82' title='bbox 2801 1946 2865 1994; x_wconf 89' lang='lat' dir='ltr'>et</span> <span class='ocrx_word' id='word_1_83' title='bbox 2898 1935 3051 1996; x_wconf 86' lang='lat' dir='ltr'>lucri</span> 
     </span>
     <span class='ocr_line' id='line_1_12' title="bbox 373 2044 3051 2124; baseline 0.001 -22"><span class='ocrx_word' id='word_1_84' title='bbox 373 2061 572 2104; x_wconf 89' lang='lat' dir='ltr'>eorum</span> <span class='ocrx_word' id='word_1_85' title='bbox 618 2044 794 2123; x_wconf 91' lang='lat' dir='ltr'>quod</span> <span class='ocrx_word' id='word_1_86' title='bbox 841 2045 1026 2106; x_wconf 88' lang='lat' dir='ltr'>simul</span> <span class='ocrx_word' id='word_1_87' title='bbox 1073 2046 1372 2116; x_wconf 83' lang='lat' dir='ltr'>fecerant,</span> <span class='ocrx_word' id='word_1_88' title='bbox 1419 2045 1683 2104; x_wconf 90' lang='lat' dir='ltr'>tandem</span> <span class='ocrx_word' id='word_1_89' title='bbox 1731 2045 1846 2124; x_wconf 90' lang='lat' dir='ltr'>ipsi</span> <span class='ocrx_word' id='word_1_90' title='bbox 1893 2044 1977 2105; x_wconf 92' lang='lat' dir='ltr'>de</span> <span class='ocrx_word' id='word_1_91' title='bbox 2023 2056 2328 2123; x_wconf 88' lang='lat' dir='ltr'>precepto</span> <span class='ocrx_word' id='word_1_92' title='bbox 2376 2055 2439 2106; x_wconf 88' lang='lat' dir='ltr'>et</span> <span class='ocrx_word' id='word_1_93' title='bbox 2486 2046 2758 2108; x_wconf 83' lang='lat' dir='ltr'>licencia.</span> <span class='ocrx_word' id='word_1_94' title='bbox 2811 2046 3051 2106; x_wconf 91' lang='lat' dir='ltr'>domini</span> 
     </span>
     <span class='ocr_line' id='line_1_13' title="bbox 367 2154 3052 2240; baseline 0.002 -26"><span class='ocrx_word' id='word_1_95' title='bbox 367 2154 562 2234; x_wconf 89' lang='lat' dir='ltr'>Jacobi</span> <span class='ocrx_word' id='word_1_96' title='bbox 611 2155 850 2236; x_wconf 79' lang='lat' dir='ltr'>Quirini</span> <span class='ocrx_word' id='word_1_97' title='bbox 899 2159 1128 2240; x_wconf 83' lang='lat' dir='ltr'>egregii</span> <span class='ocrx_word' id='word_1_98' title='bbox 1177 2160 1428 2218; x_wconf 80' lang='lat' dir='ltr'>comitis</span> <span class='ocrx_word' id='word_1_99' title='bbox 1475 2169 1536 2218; x_wconf 89' lang='lat' dir='ltr'>et</span> <span class='ocrx_word' id='word_1_100' title='bbox 1585 2157 1668 2218; x_wconf 89' lang='lat' dir='ltr'>de</span> <span class='ocrx_word' id='word_1_101' title='bbox 1713 2177 1937 2218; x_wconf 87' lang='lat' dir='ltr'>corum</span> <span class='ocrx_word' id='word_1_102' title='bbox 1987 2158 2159 2218; x_wconf 89' lang='lat' dir='ltr'>bona</span> <span class='ocrx_word' id='word_1_103' title='bbox 2204 2171 2268 2218; x_wconf 90' lang='lat' dir='ltr'>et</span> <span class='ocrx_word' id='word_1_104' title='bbox 2314 2162 2587 2240; x_wconf 87' lang='lat' dir='ltr'>gratuita</span> <span class='ocrx_word' id='word_1_105' title='bbox 2634 2170 2829 2240; x_wconf 90' lang='lat' dir='ltr'>atque</span> <span class='ocrx_word' id='word_1_106' title='bbox 2860 2179 3052 2238; x_wconf 90' lang='lat' dir='ltr'>spon-</span> 
     </span>
     <span class='ocr_line' id='line_1_14' title="bbox 373 2270 3054 2351; baseline 0.002 -24"><span class='ocrx_word' id='word_1_107' title='bbox 373 2280 534 2329; x_wconf 87' lang='lat' dir='ltr'>tanea</span> <span class='ocrx_word' id='word_1_108' title='bbox 579 2270 902 2332; x_wconf 87' lang='lat' dir='ltr'>voluntate</span> <span class='ocrx_word' id='word_1_109' title='bbox 947 2271 1273 2351; x_wconf 81' lang='lat' dir='ltr'>elegerunt</span> <span class='ocrx_word' id='word_1_110' title='bbox 1305 2271 1560 2344; x_wconf 80' lang='lat' dir='ltr'>iudiceS,</span> <span class='ocrx_word' id='word_1_111' title='bbox 1590 2271 2012 2344; x_wconf 81' lang='lat' dir='ltr'>arbitratoreS,</span> <span class='ocrx_word' id='word_1_112' title='bbox 2043 2271 2422 2344; x_wconf 88' lang='lat' dir='ltr'>laudatores,</span> <span class='ocrx_word' id='word_1_113' title='bbox 2453 2272 2960 2332; x_wconf 85' lang='lat' dir='ltr'>concordatores</span> <span class='ocrx_word' id='word_1_114' title='bbox 2992 2285 3054 2332; x_wconf 90' lang='lat' dir='ltr'>et</span> 
     </span>
     <span class='ocr_line' id='line_1_15' title="bbox 374 2379 3056 2462; baseline 0.001 -20"><span class='ocrx_word' id='word_1_115' title='bbox 374 2379 718 2443; x_wconf 85' lang='lat' dir='ltr'>diffinitores</span> <span class='ocrx_word' id='word_1_116' title='bbox 779 2384 1024 2444; x_wconf 86' lang='lat' dir='ltr'>nobiles</span> <span class='ocrx_word' id='word_1_117' title='bbox 1083 2397 1144 2446; x_wconf 88' lang='lat' dir='ltr'>et</span> <span class='ocrx_word' id='word_1_118' title='bbox 1209 2384 1516 2445; x_wconf 88' lang='lat' dir='ltr'>discretos</span> <span class='ocrx_word' id='word_1_119' title='bbox 1582 2386 1746 2443; x_wconf 90' lang='lat' dir='ltr'>viros</span> <span class='ocrx_word' id='word_1_120' title='bbox 1805 2383 2185 2445; x_wconf 87' lang='lat' dir='ltr'>eorumdem</span> <span class='ocrx_word' id='word_1_121' title='bbox 2236 2387 2633 2462; x_wconf 88' lang='lat' dir='ltr'>propinquos</span> <span class='ocrx_word' id='word_1_122' title='bbox 2679 2397 2744 2444; x_wconf 93' lang='lat' dir='ltr'>et</span> <span class='ocrx_word' id='word_1_123' title='bbox 2796 2387 3056 2455; x_wconf 80' lang='lat' dir='ltr'>amicOS,</span> 
     </span>
     <span class='ocr_line' id='line_1_16' title="bbox 385 2495 3055 2580; baseline 0.002 -27"><span class='ocrx_word' id='word_1_124' title='bbox 385 2495 644 2556; x_wconf 83' lang='lat' dir='ltr'>videlicet</span> <span class='ocrx_word' id='word_1_125' title='bbox 691 2495 1083 2558; x_wconf 87' lang='lat' dir='ltr'>Domaldum</span> <span class='ocrx_word' id='word_1_126' title='bbox 1134 2496 1538 2579; x_wconf 58' lang='lat' dir='ltr'>(jadulinum,</span> <span class='ocrx_word' id='word_1_127' title='bbox 1585 2495 1979 2576; x_wconf 78' lang='lat' dir='ltr'>Cyprianum</span> <span class='ocrx_word' id='word_1_128' title='bbox 2014 2496 2272 2571; x_wconf 89' lang='lat' dir='ltr'>Mathei‚</span> <span class='ocrx_word' id='word_1_129' title='bbox 2312 2496 2671 2576; x_wconf 89' lang='lat' dir='ltr'>Johannem</span> <span class='ocrx_word' id='word_1_130' title='bbox 2720 2497 2944 2580; x_wconf 60' lang='lat' dir='ltr'>Cauati</span> <span class='ocrx_word' id='word_1_131' title='bbox 2990 2511 3055 2558; x_wconf 91' lang='lat' dir='ltr'>et</span> 
     </span>
     <span class='ocr_line' id='line_1_17' title="bbox 381 2607 3051 2692; baseline 0.001 -25"><span class='ocrx_word' id='word_1_132' title='bbox 381 2607 630 2669; x_wconf 82' lang='lat' dir='ltr'>Micham</span> <span class='ocrx_word' id='word_1_133' title='bbox 677 2608 1058 2692; x_wconf 60' lang='lat' dir='ltr'>(Jadulinum</span> <span class='ocrx_word' id='word_1_134' title='bbox 1130 2611 1387 2670; x_wconf 86' lang='lat' dir='ltr'>fratrem</span> <span class='ocrx_word' id='word_1_135' title='bbox 1435 2610 1586 2670; x_wconf 91' lang='lat' dir='ltr'>dicti</span> <span class='ocrx_word' id='word_1_136' title='bbox 1633 2609 1939 2670; x_wconf 87' lang='lat' dir='ltr'>Domaldi</span> <span class='ocrx_word' id='word_1_137' title='bbox 2008 2612 2472 2689; x_wconf 74' lang='lat' dir='ltr'>promittenteS,</span> <span class='ocrx_word' id='word_1_138' title='bbox 2524 2609 2702 2688; x_wconf 91' lang='lat' dir='ltr'>quod</span> <span class='ocrx_word' id='word_1_139' title='bbox 2748 2611 3051 2690; x_wconf 89' lang='lat' dir='ltr'>quicquid</span> 
     </span>
     <span class='ocr_line' id='line_1_18' title="bbox 379 2721 3055 2801; baseline 0.002 -23"><span class='ocrx_word' id='word_1_140' title='bbox 379 2722 480 2798; x_wconf 88' lang='lat' dir='ltr'>ipsi</span> <span class='ocrx_word' id='word_1_141' title='bbox 520 2721 810 2796; x_wconf 85' lang='lat' dir='ltr'>dicerent,</span> <span class='ocrx_word' id='word_1_142' title='bbox 880 2722 1222 2784; x_wconf 87' lang='lat' dir='ltr'>diffinirent</span> <span class='ocrx_word' id='word_1_143' title='bbox 1284 2736 1347 2784; x_wconf 90' lang='lat' dir='ltr'>et</span> <span class='ocrx_word' id='word_1_144' title='bbox 1409 2722 1758 2784; x_wconf 87' lang='lat' dir='ltr'>stabilirent</span> <span class='ocrx_word' id='word_1_145' title='bbox 1825 2735 1957 2782; x_wconf 89' lang='lat' dir='ltr'>tam</span> <span class='ocrx_word' id='word_1_146' title='bbox 2028 2743 2141 2801; x_wconf 91' lang='lat' dir='ltr'>per</span> <span class='ocrx_word' id='word_1_147' title='bbox 2202 2722 2610 2785; x_wconf 86' lang='lat' dir='ltr'>diffinitiuam</span> <span class='ocrx_word' id='word_1_148' title='bbox 2674 2725 3055 2784; x_wconf 87' lang='lat' dir='ltr'>sententiam</span> 
     </span>
     <span class='ocr_line' id='line_1_19' title="bbox 376 2835 3049 2915; baseline 0.002 -21"><span class='ocrx_word' id='word_1_149' title='bbox 376 2851 552 2912; x_wconf 85' lang='lat' dir='ltr'>quam</span> <span class='ocrx_word' id='word_1_150' title='bbox 607 2855 716 2915; x_wconf 84' lang='lat' dir='ltr'>per</span> <span class='ocrx_word' id='word_1_151' title='bbox 777 2835 1057 2911; x_wconf 85' lang='lat' dir='ltr'>laudum,</span> <span class='ocrx_word' id='word_1_152' title='bbox 1117 2836 1536 2897; x_wconf 82' lang='lat' dir='ltr'>concordium</span> <span class='ocrx_word' id='word_1_153' title='bbox 1599 2837 1730 2896; x_wconf 85' lang='lat' dir='ltr'>siue</span> <span class='ocrx_word' id='word_1_154' title='bbox 1777 2836 2105 2896; x_wconf 87' lang='lat' dir='ltr'>arbitrium</span> <span class='ocrx_word' id='word_1_155' title='bbox 2153 2855 2342 2914; x_wconf 87' lang='lat' dir='ltr'>super</span> <span class='ocrx_word' id='word_1_156' title='bbox 2398 2835 2710 2900; x_wconf 89' lang='lat' dir='ltr'>diuisione</span> <span class='ocrx_word' id='word_1_157' title='bbox 2758 2836 3049 2899; x_wconf 80' lang='lat' dir='ltr'>facienda</span> 
     </span>
     <span class='ocr_line' id='line_1_20' title="bbox 376 2950 3050 3028; baseline 0.001 -22"><span class='ocrx_word' id='word_1_158' title='bbox 376 2951 638 3009; x_wconf 88' lang='lat' dir='ltr'>omnium</span> <span class='ocrx_word' id='word_1_159' title='bbox 697 2950 1015 3010; x_wconf 91' lang='lat' dir='ltr'>bonorum</span> <span class='ocrx_word' id='word_1_160' title='bbox 1077 2969 1300 3010; x_wconf 87' lang='lat' dir='ltr'>eorum</span> <span class='ocrx_word' id='word_1_161' title='bbox 1366 2950 1698 3010; x_wconf 88' lang='lat' dir='ltr'>mobilium</span> <span class='ocrx_word' id='word_1_162' title='bbox 1748 2962 1810 3010; x_wconf 88' lang='lat' dir='ltr'>et</span> <span class='ocrx_word' id='word_1_163' title='bbox 1859 2950 2283 3011; x_wconf 88' lang='lat' dir='ltr'>immobilium</span> <span class='ocrx_word' id='word_1_164' title='bbox 2332 2952 2527 3011; x_wconf 90' lang='lat' dir='ltr'>totius</span> <span class='ocrx_word' id='word_1_165' title='bbox 2573 2952 2939 3028; x_wconf 85' lang='lat' dir='ltr'>patrimonii</span> <span class='ocrx_word' id='word_1_166' title='bbox 2985 2963 3050 3011; x_wconf 90' lang='lat' dir='ltr'>et</span> 
     </span>
     <span class='ocr_line' id='line_1_21' title="bbox 375 3059 3051 3143; baseline 0.001 -24"><span class='ocrx_word' id='word_1_167' title='bbox 375 3059 514 3119; x_wconf 89' lang='lat' dir='ltr'>lucri</span> <span class='ocrx_word' id='word_1_168' title='bbox 553 3081 766 3122; x_wconf 89' lang='lat' dir='ltr'>eorum</span> <span class='ocrx_word' id='word_1_169' title='bbox 799 3074 864 3123; x_wconf 88' lang='lat' dir='ltr'>et</span> <span class='ocrx_word' id='word_1_170' title='bbox 895 3062 977 3123; x_wconf 91' lang='lat' dir='ltr'>de</span> <span class='ocrx_word' id='word_1_171' title='bbox 1009 3063 1310 3124; x_wconf 89' lang='lat' dir='ltr'>omnibus</span> <span class='ocrx_word' id='word_1_172' title='bbox 1357 3064 1562 3134; x_wconf 89' lang='lat' dir='ltr'>rebus,</span> <span class='ocrx_word' id='word_1_173' title='bbox 1609 3064 1828 3135; x_wconf 82' lang='lat' dir='ltr'>causiS,</span> <span class='ocrx_word' id='word_1_174' title='bbox 1870 3062 2300 3141; x_wconf 53' lang='lat' dir='ltr'>petitionibus</span> <span class='ocrx_word' id='word_1_175' title='bbox 2330 3062 2693 3123; x_wconf 87' lang='lat' dir='ltr'>racionibus</span> <span class='ocrx_word' id='word_1_176' title='bbox 2725 3074 2788 3124; x_wconf 91' lang='lat' dir='ltr'>et</span> <span class='ocrx_word' id='word_1_177' title='bbox 2819 3066 3051 3143; x_wconf 88' lang='lat' dir='ltr'>questi-</span> 
     </span>
     <span class='ocr_line' id='line_1_22' title="bbox 374 3162 3047 3254; baseline 0.003 -23"><span class='ocrx_word' id='word_1_178' title='bbox 374 3174 586 3234; x_wconf 85' lang='lat' dir='ltr'>onibus</span> <span class='ocrx_word' id='word_1_179' title='bbox 626 3174 806 3235; x_wconf 88' lang='lat' dir='ltr'>huius</span> <span class='ocrx_word' id='word_1_180' title='bbox 851 3175 1073 3236; x_wconf 90' lang='lat' dir='ltr'>mundi</span> <span class='ocrx_word' id='word_1_181' title='bbox 1121 3187 1328 3235; x_wconf 86' lang='lat' dir='ltr'>ratum</span> <span class='ocrx_word' id='word_1_182' title='bbox 1370 3188 1432 3236; x_wconf 86' lang='lat' dir='ltr'>et</span> <span class='ocrx_word' id='word_1_183' title='bbox 1467 3175 1717 3236; x_wconf 84' lang='lat' dir='ltr'>firmum</span> <span class='ocrx_word' id='word_1_184' title='bbox 1767 3174 2075 3235; x_wconf 89' lang='lat' dir='ltr'>haberent</span> <span class='ocrx_word' id='word_1_185' title='bbox 2106 3186 2169 3236; x_wconf 94' lang='lat' dir='ltr'>et</span> <span class='ocrx_word' id='word_1_186' title='bbox 2202 3162 2601 3237; x_wconf 56' lang='lat' dir='ltr'>tenerent&#39;in</span> <span class='ocrx_word' id='word_1_187' title='bbox 2647 3184 3047 3254; x_wconf 86' lang='lat' dir='ltr'>perpetuum.</span> 
     </span>
     <span class='ocr_line' id='line_1_23' title="bbox 369 3282 3049 3366; baseline 0.001 -21"><span class='ocrx_word' id='word_1_188' title='bbox 369 3282 494 3363; x_wconf 81' lang='lat' dir='ltr'>Qui</span> <span class='ocrx_word' id='word_1_189' title='bbox 530 3288 830 3366; x_wconf 87' lang='lat' dir='ltr'>siquidem</span> <span class='ocrx_word' id='word_1_190' title='bbox 880 3289 1136 3361; x_wconf 80' lang='lat' dir='ltr'>iudiceS,</span> <span class='ocrx_word' id='word_1_191' title='bbox 1180 3289 1603 3362; x_wconf 89' lang='lat' dir='ltr'>arbitratores,</span> <span class='ocrx_word' id='word_1_192' title='bbox 1637 3288 2015 3360; x_wconf 85' lang='lat' dir='ltr'>laudatores,</span> <span class='ocrx_word' id='word_1_193' title='bbox 2045 3288 2545 3349; x_wconf 89' lang='lat' dir='ltr'>concordatores</span> <span class='ocrx_word' id='word_1_194' title='bbox 2576 3300 2640 3349; x_wconf 87' lang='lat' dir='ltr'>et</span> <span class='ocrx_word' id='word_1_195' title='bbox 2673 3286 3049 3349; x_wconf 83' lang='lat' dir='ltr'>diffinitores</span> 
     </span>
     <span class='ocr_line' id='line_1_24' title="bbox 373 3400 3049 3463; baseline 0.001 -6"><span class='ocrx_word' id='word_1_196' title='bbox 373 3403 687 3461; x_wconf 85' lang='lat' dir='ltr'>memorati</span> <span class='ocrx_word' id='word_1_197' title='bbox 745 3421 830 3462; x_wconf 86' lang='lat' dir='ltr'>ex</span> <span class='ocrx_word' id='word_1_198' title='bbox 875 3404 1254 3463; x_wconf 88' lang='lat' dir='ltr'>auctoritate</span> <span class='ocrx_word' id='word_1_199' title='bbox 1314 3400 1506 3462; x_wconf 86' lang='lat' dir='ltr'>officii</span> <span class='ocrx_word' id='word_1_200' title='bbox 1567 3404 1657 3462; x_wconf 89' lang='lat' dir='ltr'>eis</span> <span class='ocrx_word' id='word_1_201' title='bbox 1719 3402 2043 3461; x_wconf 89' lang='lat' dir='ltr'>commissi</span> <span class='ocrx_word' id='word_1_202' title='bbox 2105 3412 2166 3461; x_wconf 90' lang='lat' dir='ltr'>et</span> <span class='ocrx_word' id='word_1_203' title='bbox 2229 3400 2313 3461; x_wconf 90' lang='lat' dir='ltr'>de</span> <span class='ocrx_word' id='word_1_204' title='bbox 2375 3401 2721 3462; x_wconf 91' lang='lat' dir='ltr'>concordia</span> <span class='ocrx_word' id='word_1_205' title='bbox 2766 3411 2831 3461; x_wconf 90' lang='lat' dir='ltr'>et</span> <span class='ocrx_word' id='word_1_206' title='bbox 2878 3402 3049 3461; x_wconf 90' lang='lat' dir='ltr'>bona</span> 
     </span>
     <span class='ocr_line' id='line_1_25' title="bbox 371 3511 3049 3593; baseline 0.001 -24"><span class='ocrx_word' id='word_1_207' title='bbox 371 3511 672 3575; x_wconf 81' lang='lat' dir='ltr'>voluntate</span> <span class='ocrx_word' id='word_1_208' title='bbox 733 3514 1048 3575; x_wconf 86' lang='lat' dir='ltr'>dictorum</span> <span class='ocrx_word' id='word_1_209' title='bbox 1110 3513 1392 3589; x_wconf 88' lang='lat' dir='ltr'>Andree‚</span> <span class='ocrx_word' id='word_1_210' title='bbox 1441 3514 1807 3593; x_wconf 83' lang='lat' dir='ltr'>Lampredii</span> <span class='ocrx_word' id='word_1_211' title='bbox 1853 3526 1919 3573; x_wconf 89' lang='lat' dir='ltr'>et</span> <span class='ocrx_word' id='word_1_212' title='bbox 1966 3512 2240 3591; x_wconf 90' lang='lat' dir='ltr'>Detaydi</span> <span class='ocrx_word' id='word_1_213' title='bbox 2292 3515 2575 3587; x_wconf 85' lang='lat' dir='ltr'>fratrum,</span> <span class='ocrx_word' id='word_1_214' title='bbox 2620 3514 2711 3575; x_wconf 90' lang='lat' dir='ltr'>sic</span> <span class='ocrx_word' id='word_1_215' title='bbox 2756 3524 2887 3575; x_wconf 90' lang='lat' dir='ltr'>tam</span> <span class='ocrx_word' id='word_1_216' title='bbox 2934 3533 3049 3593; x_wconf 89' lang='lat' dir='ltr'>per</span> 
     </span>
     <span class='ocr_line' id='line_1_26' title="bbox 367 3626 3044 3705; baseline 0.002 -23"><span class='ocrx_word' id='word_1_217' title='bbox 367 3629 726 3687; x_wconf 87' lang='lat' dir='ltr'>sententiam</span> <span class='ocrx_word' id='word_1_218' title='bbox 793 3626 1212 3701; x_wconf 87' lang='lat' dir='ltr'>diffinitiuam,</span> <span class='ocrx_word' id='word_1_219' title='bbox 1273 3646 1464 3705; x_wconf 87' lang='lat' dir='ltr'>quam</span> <span class='ocrx_word' id='word_1_220' title='bbox 1535 3646 1648 3705; x_wconf 89' lang='lat' dir='ltr'>per</span> <span class='ocrx_word' id='word_1_221' title='bbox 1709 3626 1987 3695; x_wconf 84' lang='lat' dir='ltr'>laudum,</span> <span class='ocrx_word' id='word_1_222' title='bbox 2042 3627 2455 3688; x_wconf 85' lang='lat' dir='ltr'>concordium</span> <span class='ocrx_word' id='word_1_223' title='bbox 2528 3629 2661 3687; x_wconf 91' lang='lat' dir='ltr'>siue</span> <span class='ocrx_word' id='word_1_224' title='bbox 2720 3628 3044 3688; x_wconf 86' lang='lat' dir='ltr'>arbitrium</span> 
     </span>
     <span class='ocr_line' id='line_1_27' title="bbox 369 3739 3046 3819; baseline 0.002 -24"><span class='ocrx_word' id='word_1_225' title='bbox 369 3740 568 3797; x_wconf 89' lang='lat' dir='ltr'>omnia</span> <span class='ocrx_word' id='word_1_226' title='bbox 631 3740 806 3801; x_wconf 87' lang='lat' dir='ltr'>bona</span> <span class='ocrx_word' id='word_1_227' title='bbox 869 3740 1232 3819; x_wconf 90' lang='lat' dir='ltr'>supradicta</span> <span class='ocrx_word' id='word_1_228' title='bbox 1301 3750 1470 3800; x_wconf 89' lang='lat' dir='ltr'>sorte</span> <span class='ocrx_word' id='word_1_229' title='bbox 1539 3741 1822 3818; x_wconf 86' lang='lat' dir='ltr'>proiecta</span> <span class='ocrx_word' id='word_1_230' title='bbox 1885 3739 2234 3800; x_wconf 87' lang='lat' dir='ltr'>diuiserunt</span> <span class='ocrx_word' id='word_1_231' title='bbox 2278 3751 2343 3799; x_wconf 86' lang='lat' dir='ltr'>ct</span> <span class='ocrx_word' id='word_1_232' title='bbox 2388 3741 2597 3817; x_wconf 89' lang='lat' dir='ltr'>partiti</span> <span class='ocrx_word' id='word_1_233' title='bbox 2660 3740 2926 3801; x_wconf 83' lang='lat' dir='ltr'>fuerunt.</span> <span class='ocrx_word' id='word_1_234' title='bbox 2976 3740 3046 3801; x_wconf 89' lang='lat' dir='ltr'>In</span> 
     </span>
     <span class='ocr_line' id='line_1_28' title="bbox 363 3848 3047 3931; baseline 0.001 -22"><span class='ocrx_word' id='word_1_235' title='bbox 363 3848 567 3925; x_wconf 87' lang='lat' dir='ltr'>primis</span> <span class='ocrx_word' id='word_1_236' title='bbox 628 3852 890 3913; x_wconf 91' lang='lat' dir='ltr'>aduenit</span> <span class='ocrx_word' id='word_1_237' title='bbox 938 3854 1000 3913; x_wconf 88' lang='lat' dir='ltr'>in</span> <span class='ocrx_word' id='word_1_238' title='bbox 1046 3864 1227 3930; x_wconf 89' lang='lat' dir='ltr'>parte</span> <span class='ocrx_word' id='word_1_239' title='bbox 1273 3864 1336 3913; x_wconf 89' lang='lat' dir='ltr'>et</span> <span class='ocrx_word' id='word_1_240' title='bbox 1384 3864 1554 3913; x_wconf 87' lang='lat' dir='ltr'>sorte</span> <span class='ocrx_word' id='word_1_241' title='bbox 1621 3852 1771 3913; x_wconf 88' lang='lat' dir='ltr'>dicti</span> <span class='ocrx_word' id='word_1_242' title='bbox 1841 3850 2105 3913; x_wconf 88' lang='lat' dir='ltr'>Andree</span> <span class='ocrx_word' id='word_1_243' title='bbox 2168 3856 2455 3931; x_wconf 88' lang='lat' dir='ltr'>pastinus</span> <span class='ocrx_word' id='word_1_244' title='bbox 2516 3856 2733 3925; x_wconf 88' lang='lat' dir='ltr'>maior,</span> <span class='ocrx_word' id='word_1_245' title='bbox 2780 3855 2887 3931; x_wconf 90' lang='lat' dir='ltr'>qui</span> <span class='ocrx_word' id='word_1_246' title='bbox 2952 3866 3047 3913; x_wconf 89' lang='lat' dir='ltr'>est</span> 
     </span>
     <span class='ocr_line' id='line_1_29' title="bbox 366 3964 3047 4043; baseline 0.002 -22"><span class='ocrx_word' id='word_1_247' title='bbox 366 3979 552 4042; x_wconf 88' lang='lat' dir='ltr'>prope</span> <span class='ocrx_word' id='word_1_248' title='bbox 609 3964 1030 4027; x_wconf 90' lang='lat' dir='ltr'>monticulum</span> <span class='ocrx_word' id='word_1_249' title='bbox 1091 3985 1239 4027; x_wconf 93' lang='lat' dir='ltr'>cum</span> <span class='ocrx_word' id='word_1_250' title='bbox 1299 3976 1464 4026; x_wconf 89' lang='lat' dir='ltr'>terra</span> <span class='ocrx_word' id='word_1_251' title='bbox 1527 3985 1651 4043; x_wconf 89' lang='lat' dir='ltr'>que</span> <span class='ocrx_word' id='word_1_252' title='bbox 1697 3976 1792 4027; x_wconf 93' lang='lat' dir='ltr'>est</span> <span class='ocrx_word' id='word_1_253' title='bbox 1838 3968 2015 4026; x_wconf 87' lang='lat' dir='ltr'>iuxta</span> <span class='ocrx_word' id='word_1_254' title='bbox 2074 3976 2365 4027; x_wconf 87' lang='lat' dir='ltr'>sanctum</span> <span class='ocrx_word' id='word_1_255' title='bbox 2430 3966 2687 4027; x_wconf 89' lang='lat' dir='ltr'>Petrum</span> <span class='ocrx_word' id='word_1_256' title='bbox 2736 3968 2796 4025; x_wconf 90' lang='lat' dir='ltr'>in</span> <span class='ocrx_word' id='word_1_257' title='bbox 2844 3967 3047 4027; x_wconf 88' lang='lat' dir='ltr'>insula</span> 
     </span>
     <span class='ocr_line' id='line_1_30' title="bbox 367 4076 3047 4158; baseline 0.002 -23"><span class='ocrx_word' id='word_1_258' title='bbox 367 4080 550 4137; x_wconf 87' lang='lat' dir='ltr'>sancti</span> <span class='ocrx_word' id='word_1_259' title='bbox 593 4079 756 4140; x_wconf 87' lang='lat' dir='ltr'>Petri</span> <span class='ocrx_word' id='word_1_260' title='bbox 803 4079 886 4139; x_wconf 91' lang='lat' dir='ltr'>de</span> <span class='ocrx_word' id='word_1_261' title='bbox 931 4076 1134 4153; x_wconf 91' lang='lat' dir='ltr'>Arb0,</span> <span class='ocrx_word' id='word_1_262' title='bbox 1179 4089 1386 4140; x_wconf 92' lang='lat' dir='ltr'>totum</span> <span class='ocrx_word' id='word_1_263' title='bbox 1432 4080 1888 4158; x_wconf 87' lang='lat' dir='ltr'>patrimonium</span> <span class='ocrx_word' id='word_1_264' title='bbox 1936 4098 2159 4139; x_wconf 89' lang='lat' dir='ltr'>corum</span> <span class='ocrx_word' id='word_1_265' title='bbox 2191 4079 2274 4139; x_wconf 93' lang='lat' dir='ltr'>de</span> <span class='ocrx_word' id='word_1_266' title='bbox 2307 4078 2507 4139; x_wconf 89' lang='lat' dir='ltr'>insula</span> <span class='ocrx_word' id='word_1_267' title='bbox 2558 4076 2836 4141; x_wconf 86' lang='lat' dir='ltr'>Ghilano</span> <span class='ocrx_word' id='word_1_268' title='bbox 2868 4080 3047 4158; x_wconf 90' lang='lat' dir='ltr'>quod</span> 
     </span>
     <span class='ocr_line' id='line_1_31' title="bbox 373 4186 3044 4271; baseline 0.003 -25"><span class='ocrx_word' id='word_1_269' title='bbox 373 4186 472 4249; x_wconf 89' lang='lat' dir='ltr'>fuit</span> <span class='ocrx_word' id='word_1_270' title='bbox 512 4194 606 4253; x_wconf 85' lang='lat' dir='ltr'>aui</span> <span class='ocrx_word' id='word_1_271' title='bbox 651 4211 877 4253; x_wconf 91' lang='lat' dir='ltr'>eorum</span> <span class='ocrx_word' id='word_1_272' title='bbox 921 4204 986 4253; x_wconf 87' lang='lat' dir='ltr'>et</span> <span class='ocrx_word' id='word_1_273' title='bbox 1033 4202 1198 4252; x_wconf 87' lang='lat' dir='ltr'>terra</span> <span class='ocrx_word' id='word_1_274' title='bbox 1258 4211 1384 4271; x_wconf 91' lang='lat' dir='ltr'>que</span> <span class='ocrx_word' id='word_1_275' title='bbox 1445 4192 1560 4252; x_wconf 89' lang='lat' dir='ltr'>suit</span> <span class='ocrx_word' id='word_1_276' title='bbox 1623 4191 1878 4253; x_wconf 88' lang='lat' dir='ltr'>Martini</span> <span class='ocrx_word' id='word_1_277' title='bbox 1941 4191 2023 4251; x_wconf 94' lang='lat' dir='ltr'>de</span> <span class='ocrx_word' id='word_1_278' title='bbox 2084 4190 2493 4270; x_wconf 81' lang='lat' dir='ltr'>Spaurasanti</span> <span class='ocrx_word' id='word_1_279' title='bbox 2542 4202 2605 4253; x_wconf 90' lang='lat' dir='ltr'>et</span> <span class='ocrx_word' id='word_1_280' title='bbox 2652 4210 2801 4253; x_wconf 90' lang='lat' dir='ltr'>cum</span> <span class='ocrx_word' id='word_1_281' title='bbox 2862 4194 3044 4253; x_wconf 85' lang='lat' dir='ltr'>vinea</span> 
     </span>
     <span class='ocr_line' id='line_1_32' title="bbox 367 4302 3048 4378; baseline 0.001 -17"><span class='ocrx_word' id='word_1_282' title='bbox 367 4302 676 4378; x_wconf 84' lang='lat' dir='ltr'>quondam</span> <span class='ocrx_word' id='word_1_283' title='bbox 723 4304 930 4367; x_wconf 91' lang='lat' dir='ltr'>Lubci</span> <span class='ocrx_word' id='word_1_284' title='bbox 974 4314 1038 4365; x_wconf 88' lang='lat' dir='ltr'>et</span> <span class='ocrx_word' id='word_1_285' title='bbox 1082 4324 1231 4365; x_wconf 91' lang='lat' dir='ltr'>cum</span> <span class='ocrx_word' id='word_1_286' title='bbox 1277 4304 1577 4365; x_wconf 91' lang='lat' dir='ltr'>omnibus</span> <span class='ocrx_word' id='word_1_287' title='bbox 1637 4304 2011 4377; x_wconf 76' lang='lat' dir='ltr'>introitibuS,</span> <span class='ocrx_word' id='word_1_288' title='bbox 2057 4304 2407 4366; x_wconf 89' lang='lat' dir='ltr'>rationibus</span> <span class='ocrx_word' id='word_1_289' title='bbox 2453 4318 2517 4365; x_wconf 88' lang='lat' dir='ltr'>et</span> <span class='ocrx_word' id='word_1_290' title='bbox 2563 4304 2919 4365; x_wconf 90' lang='lat' dir='ltr'>redditibus</span> <span class='ocrx_word' id='word_1_291' title='bbox 2964 4306 3048 4367; x_wconf 91' lang='lat' dir='ltr'>de</span> 
     </span>
     <span class='ocr_line' id='line_1_33' title="bbox 369 4414 3042 4481; baseline 0.002 -8"><span class='ocrx_word' id='word_1_292' title='bbox 369 4414 549 4477; x_wconf 87' lang='lat' dir='ltr'>insula</span> <span class='ocrx_word' id='word_1_293' title='bbox 592 4414 872 4480; x_wconf 89' lang='lat' dir='ltr'>Ghilano</span> <span class='ocrx_word' id='word_1_294' title='bbox 917 4427 978 4479; x_wconf 92' lang='lat' dir='ltr'>et</span> <span class='ocrx_word' id='word_1_295' title='bbox 1025 4437 1171 4479; x_wconf 91' lang='lat' dir='ltr'>cum</span> <span class='ocrx_word' id='word_1_296' title='bbox 1219 4428 1383 4479; x_wconf 88' lang='lat' dir='ltr'>terra</span> <span class='ocrx_word' id='word_1_297' title='bbox 1429 4418 1513 4478; x_wconf 91' lang='lat' dir='ltr'>de</span> <span class='ocrx_word' id='word_1_298' title='bbox 1559 4415 1790 4481; x_wconf 89' lang='lat' dir='ltr'>Culino</span> <span class='ocrx_word' id='word_1_299' title='bbox 1838 4464 2401 4477; x_wconf 92' lang='grc'><strong>..........</strong></span> <span class='ocrx_word' id='word_1_300' title='bbox 2448 4430 2612 4479; x_wconf 91' lang='lat' dir='ltr'>terre</span> <span class='ocrx_word' id='word_1_301' title='bbox 2678 4420 3042 4479; x_wconf 86' lang='lat' dir='ltr'>monasterii</span> 
     </span>
     <span class='ocr_line' id='line_1_34' title="bbox 365 4530 3046 4609; baseline 0.002 -24"><span class='ocrx_word' id='word_1_302' title='bbox 365 4531 547 4590; x_wconf 87' lang='lat' dir='ltr'>sancti</span> <span class='ocrx_word' id='word_1_303' title='bbox 577 4530 894 4605; x_wconf 88' lang='lat' dir='ltr'>Damiani,</span> <span class='ocrx_word' id='word_1_304' title='bbox 940 4550 1099 4609; x_wconf 87' lang='lat' dir='ltr'>quas</span> <span class='ocrx_word' id='word_1_305' title='bbox 1143 4531 1504 4593; x_wconf 89' lang='lat' dir='ltr'>habuerunt</span> <span class='ocrx_word' id='word_1_306' title='bbox 1547 4530 1631 4592; x_wconf 93' lang='lat' dir='ltr'>ad</span> <span class='ocrx_word' id='word_1_307' title='bbox 1678 4530 1896 4592; x_wconf 86' lang='lat' dir='ltr'>fictum</span> <span class='ocrx_word' id='word_1_308' title='bbox 1945 4542 2009 4591; x_wconf 92' lang='lat' dir='ltr'>et</span> <span class='ocrx_word' id='word_1_309' title='bbox 2056 4548 2281 4591; x_wconf 84' lang='lat' dir='ltr'>omnes</span> <span class='ocrx_word' id='word_1_310' title='bbox 2326 4550 2519 4592; x_wconf 85' lang='lat' dir='ltr'>vacce</span> <span class='ocrx_word' id='word_1_311' title='bbox 2564 4530 2647 4591; x_wconf 92' lang='lat' dir='ltr'>de</span> <span class='ocrx_word' id='word_1_312' title='bbox 2692 4530 2893 4591; x_wconf 86' lang='lat' dir='ltr'>insula</span> <span class='ocrx_word' id='word_1_313' title='bbox 2916 4531 3046 4607; x_wconf 72' lang='grc' dir='ltr'>,Υςί</span> 
     </span>
     <span class='ocr_line' id='line_1_35' title="bbox 365 4643 3047 4723; baseline 0.002 -26"><span class='ocrx_word' id='word_1_314' title='bbox 365 4648 426 4697; x_wconf 88' lang='lat' dir='ltr'>et</span> <span class='ocrx_word' id='word_1_315' title='bbox 468 4660 684 4705; x_wconf 90' lang='lat' dir='ltr'>omnes</span> <span class='ocrx_word' id='word_1_316' title='bbox 743 4644 945 4705; x_wconf 89' lang='lat' dir='ltr'>bestie</span> <span class='ocrx_word' id='word_1_317' title='bbox 1004 4664 1201 4723; x_wconf 89' lang='lat' dir='ltr'>parue</span> <span class='ocrx_word' id='word_1_318' title='bbox 1247 4644 1330 4705; x_wconf 90' lang='lat' dir='ltr'>de</span> <span class='ocrx_word' id='word_1_319' title='bbox 1375 4645 1578 4706; x_wconf 90' lang='lat' dir='ltr'>insula</span> <span class='ocrx_word' id='word_1_320' title='bbox 1637 4645 1838 4705; x_wconf 90' lang='lat' dir='ltr'>sancti</span> <span class='ocrx_word' id='word_1_321' title='bbox 1895 4643 2241 4717; x_wconf 86' lang='lat' dir='ltr'>Michaelis,</span> <span class='ocrx_word' id='word_1_322' title='bbox 2286 4654 2439 4705; x_wconf 89' lang='lat' dir='ltr'>tunc</span> <span class='ocrx_word' id='word_1_323' title='bbox 2484 4645 2667 4705; x_wconf 87' lang='lat' dir='ltr'>tertia</span> <span class='ocrx_word' id='word_1_324' title='bbox 2712 4662 2859 4722; x_wconf 89' lang='lat' dir='ltr'>pars</span> <span class='ocrx_word' id='word_1_325' title='bbox 2904 4645 3047 4705; x_wconf 83' lang='lat' dir='ltr'>sali-</span> 
     </span>
     <span class='ocr_line' id='line_1_36' title="bbox 369 4754 3045 4839; baseline 0.001 -25"><span class='ocrx_word' id='word_1_326' title='bbox 369 4768 568 4817; x_wconf 83' lang='lat' dir='ltr'>narum</span> <span class='ocrx_word' id='word_1_327' title='bbox 613 4757 699 4819; x_wconf 91' lang='lat' dir='ltr'>de</span> <span class='ocrx_word' id='word_1_328' title='bbox 729 4754 905 4839; x_wconf 84' lang='lat' dir='ltr'>Pago</span> <span class='ocrx_word' id='word_1_329' title='bbox 949 4776 1077 4837; x_wconf 89' lang='lat' dir='ltr'>que</span> <span class='ocrx_word' id='word_1_330' title='bbox 1119 4771 1268 4819; x_wconf 85' lang='lat' dir='ltr'>sunt</span> <span class='ocrx_word' id='word_1_331' title='bbox 1299 4760 1362 4818; x_wconf 91' lang='lat' dir='ltr'>in</span> <span class='ocrx_word' id='word_1_332' title='bbox 1396 4757 1738 4839; x_wconf 86' lang='lat' dir='ltr'>Vulascigi,</span> <span class='ocrx_word' id='word_1_333' title='bbox 1785 4757 2077 4818; x_wconf 85' lang='lat' dir='ltr'>videlicet</span> <span class='ocrx_word' id='word_1_334' title='bbox 2108 4775 2193 4817; x_wconf 87' lang='lat' dir='ltr'>ex</span> <span class='ocrx_word' id='word_1_335' title='bbox 2226 4768 2521 4831; x_wconf 89' lang='lat' dir='ltr'>trauersa,</span> <span class='ocrx_word' id='word_1_336' title='bbox 2566 4769 2813 4836; x_wconf 88' lang='lat' dir='ltr'>septem</span> <span class='ocrx_word' id='word_1_337' title='bbox 2846 4758 3045 4819; x_wconf 88' lang='lat' dir='ltr'>saline</span> 
     </span>
     <span class='ocr_line' id='line_1_37' title="bbox 365 4866 3040 4952; baseline 0.003 -28"><span class='ocrx_word' id='word_1_338' title='bbox 365 4880 498 4927; x_wconf 85' lang='lat' dir='ltr'>cum</span> <span class='ocrx_word' id='word_1_339' title='bbox 539 4869 839 4931; x_wconf 86' lang='lat' dir='ltr'>omnibus</span> <span class='ocrx_word' id='word_1_340' title='bbox 878 4868 1154 4952; x_wconf 80' lang='lat' dir='ltr'>ptallis(i)</span> <span class='ocrx_word' id='word_1_341' title='bbox 1199 4872 1328 4933; x_wconf 88' lang='lat' dir='ltr'>suis</span> <span class='ocrx_word' id='word_1_342' title='bbox 1372 4870 1548 4949; x_wconf 91' lang='lat' dir='ltr'>quod</span> <span class='ocrx_word' id='word_1_343' title='bbox 1595 4880 1691 4930; x_wconf 89' lang='lat' dir='ltr'>est</span> <span class='ocrx_word' id='word_1_344' title='bbox 1737 4888 1957 4931; x_wconf 88' lang='lat' dir='ltr'>uersus</span> <span class='ocrx_word' id='word_1_345' title='bbox 2002 4866 2189 4949; x_wconf 61' lang='lat' dir='ltr'>illiso)</span> <span class='ocrx_word' id='word_1_346' title='bbox 2238 4867 2516 4951; x_wconf 86' lang='lat' dir='ltr'>salinis(l)</span> <span class='ocrx_word' id='word_1_347' title='bbox 2566 4889 2767 4949; x_wconf 86' lang='lat' dir='ltr'>usque</span> <span class='ocrx_word' id='word_1_348' title='bbox 2812 4872 2897 4933; x_wconf 91' lang='lat' dir='ltr'>ad</span> <span class='ocrx_word' id='word_1_349' title='bbox 2946 4872 3040 4933; x_wconf 91' lang='lat' dir='ltr'>fu-</span> 
     </span>
     <span class='ocr_line' id='line_1_38' title="bbox 364 4980 3045 5064; baseline 0.003 -27"><span class='ocrx_word' id='word_1_350' title='bbox 364 4988 552 5041; x_wconf 82' lang='lat' dir='ltr'>satum</span> <span class='ocrx_word' id='word_1_351' title='bbox 575 4980 642 5064; x_wconf 83' lang='grc' dir='ltr'>(Ι)</span> <span class='ocrx_word' id='word_1_352' title='bbox 689 4984 754 5045; x_wconf 86' lang='lat' dir='ltr'>in</span> <span class='ocrx_word' id='word_1_353' title='bbox 797 4994 1080 5045; x_wconf 85' lang='lat' dir='ltr'>trauersa</span> <span class='ocrx_word' id='word_1_354' title='bbox 1123 4992 1189 5045; x_wconf 88' lang='lat' dir='ltr'>et</span> <span class='ocrx_word' id='word_1_355' title='bbox 1231 5001 1380 5047; x_wconf 83' lang='lat' dir='ltr'>cum</span> <span class='ocrx_word' id='word_1_356' title='bbox 1441 4982 1788 5045; x_wconf 85' lang='lat' dir='ltr'>medietate</span> <span class='ocrx_word' id='word_1_357' title='bbox 1850 4982 2010 5045; x_wconf 87' lang='lat' dir='ltr'>illius</span> <span class='ocrx_word' id='word_1_358' title='bbox 2071 4992 2234 5043; x_wconf 89' lang='lat' dir='ltr'>terre</span> <span class='ocrx_word' id='word_1_359' title='bbox 2279 4983 2362 5045; x_wconf 94' lang='lat' dir='ltr'>de</span> <span class='ocrx_word' id='word_1_360' title='bbox 2410 4996 2685 5045; x_wconf 88' lang='lat' dir='ltr'>trauersa</span> <span class='ocrx_word' id='word_1_361' title='bbox 2732 4996 2918 5064; x_wconf 88' lang='lat' dir='ltr'>caput</span> <span class='ocrx_word' id='word_1_362' title='bbox 2962 4985 3045 5046; x_wconf 92' lang='lat' dir='ltr'>de</span> 
     </span>
     <span class='ocr_line' id='line_1_39' title="bbox 364 5095 3047 5174; baseline 0.005 -25"><span class='ocrx_word' id='word_1_363' title='bbox 364 5102 560 5157; x_wconf 84' lang='lat' dir='ltr'>austro</span> <span class='ocrx_word' id='word_1_364' title='bbox 608 5106 672 5157; x_wconf 85' lang='lat' dir='ltr'>et</span> <span class='ocrx_word' id='word_1_365' title='bbox 718 5114 867 5157; x_wconf 88' lang='lat' dir='ltr'>cum</span> <span class='ocrx_word' id='word_1_366' title='bbox 915 5095 1259 5159; x_wconf 85' lang='lat' dir='ltr'>medietate</span> <span class='ocrx_word' id='word_1_367' title='bbox 1318 5095 1481 5157; x_wconf 87' lang='lat' dir='ltr'>illius</span> <span class='ocrx_word' id='word_1_368' title='bbox 1541 5108 1704 5158; x_wconf 87' lang='lat' dir='ltr'>terre</span> <span class='ocrx_word' id='word_1_369' title='bbox 1751 5095 1834 5156; x_wconf 86' lang='lat' dir='ltr'>de</span> <span class='ocrx_word' id='word_1_370' title='bbox 1881 5096 2053 5157; x_wconf 89' lang='lat' dir='ltr'>Pane</span> <span class='ocrx_word' id='word_1_371' title='bbox 2098 5106 2291 5174; x_wconf 89' lang='lat' dir='ltr'>caput</span> <span class='ocrx_word' id='word_1_372' title='bbox 2338 5096 2420 5157; x_wconf 95' lang='lat' dir='ltr'>de</span> <span class='ocrx_word' id='word_1_373' title='bbox 2464 5098 2693 5169; x_wconf 84' lang='lat' dir='ltr'>borea;</span> <span class='ocrx_word' id='word_1_374' title='bbox 2740 5099 2891 5161; x_wconf 84' lang='lat' dir='ltr'>item</span> <span class='ocrx_word' id='word_1_375' title='bbox 2936 5098 3047 5162; x_wconf 85' lang='lat' dir='ltr'>ad·</span> 
     </span>
    </p>
   </div>
  </div>
 </body>
</html>
