<?xml version="1.0" encoding="UTF-8"?>
<!DOCTYPE html PUBLIC "-//W3C//DTD XHTML 1.0 Transitional//EN"
    "http://www.w3.org/TR/xhtml1/DTD/xhtml1-transitional.dtd">
<html xmlns="http://www.w3.org/1999/xhtml" xml:lang="en" lang="en">
 <head>
  <title>
</title>
<meta http-equiv="Content-Type" content="text/html;charset=utf-8" />
  <meta name='ocr-system' content='tesseract 3.04.00' />
  <meta name='ocr-capabilities' content='ocr_page ocr_carea ocr_par ocr_line ocrx_word'/>
</head>
<body>
  <div class='ocr_page' id='page_1' title='image "./codexdiplomatic00umjegoog_0296.png"; bbox 0 0 3797 5795; ppageno 0'>
   <div class='ocr_carea' id='block_1_1' title="bbox 1490 375 1901 438">
    <p class='ocr_par' dir='ltr' id='par_1_1' title="bbox 1490 375 1901 438">
     <span class='ocr_line' id='line_1_1' title="bbox 1490 375 1901 438; baseline 0 -1"><span class='ocrx_word' id='word_1_1' title='bbox 1490 407 1568 418; x_wconf 79' lang='lat'><strong>--</strong></span> <span class='ocrx_word' id='word_1_2' title='bbox 1635 375 1901 438; x_wconf 78' lang='lat'>283—</span> 
     </span>
    </p>
   </div>
   <div class='ocr_carea' id='block_1_2' title="bbox 358 565 3051 3585">
    <p class='ocr_par' dir='ltr' id='par_1_2' title="bbox 358 565 3051 3585">
     <span class='ocr_line' id='line_1_2' title="bbox 369 565 3046 646; baseline 0 -20"><span class='ocrx_word' id='word_1_3' title='bbox 369 579 581 626; x_wconf 86' lang='lat' dir='ltr'><strong>terram</strong></span> <span class='ocrx_word' id='word_1_4' title='bbox 625 583 736 643; x_wconf 93' lang='lat' dir='ltr'><strong>pro</strong></span> <span class='ocrx_word' id='word_1_5' title='bbox 783 567 1066 644; x_wconf 89' lang='lat' dir='ltr'><strong>quinque</strong></span> <span class='ocrx_word' id='word_1_6' title='bbox 1113 565 1342 625; x_wconf 87' lang='lat' dir='ltr'><strong>marcis</strong></span> <span class='ocrx_word' id='word_1_7' title='bbox 1387 567 1628 646; x_wconf 84' lang='lat' dir='ltr'>argenti</span> <span class='ocrx_word' id='word_1_8' title='bbox 1673 584 1816 627; x_wconf 88' lang='lat' dir='ltr'><strong>esse</strong></span> <span class='ocrx_word' id='word_1_9' title='bbox 1861 569 2223 626; x_wconf 87' lang='lat' dir='ltr'><strong>estimatam</strong></span> <span class='ocrx_word' id='word_1_10' title='bbox 2270 574 2565 644; x_wconf 81' lang='lat' dir='ltr'><strong>presente</strong></span> <span class='ocrx_word' id='word_1_11' title='bbox 2597 565 2837 624; x_wconf 85' lang='lat' dir='ltr'><strong>ibidem</strong></span> <span class='ocrx_word' id='word_1_12' title='bbox 2870 565 3046 626; x_wconf 91' lang='lat' dir='ltr'><strong>dicto</strong></span> 
     </span>
     <span class='ocr_line' id='line_1_3' title="bbox 369 661 3049 757; baseline -0.002 -17"><span class='ocrx_word' id='word_1_13' title='bbox 369 677 517 740; x_wconf 86' lang='lat' dir='ltr'><strong>Dras</strong></span> <span class='ocrx_word' id='word_1_14' title='bbox 573 677 752 737; x_wconf 87' lang='lat' dir='ltr'><strong>nobis</strong></span> <span class='ocrx_word' id='word_1_15' title='bbox 811 677 1176 738; x_wconf 88' lang='lat' dir='ltr'><strong>retulerunt.</strong></span> <span class='ocrx_word' id='word_1_16' title='bbox 1222 675 1416 740; x_wconf 88' lang='lat' dir='ltr'><strong>Cuius</strong></span> <span class='ocrx_word' id='word_1_17' title='bbox 1475 687 1640 738; x_wconf 84' lang='lat' dir='ltr'><strong>terre</strong></span> <span class='ocrx_word' id='word_1_18' title='bbox 1699 681 1907 757; x_wconf 83' lang='lat' dir='ltr'><strong>prima</strong></span> <span class='ocrx_word' id='word_1_19' title='bbox 1968 687 2139 740; x_wconf 88' lang='lat' dir='ltr'><strong>meta</strong></span> <span class='ocrx_word' id='word_1_20' title='bbox 2186 698 2223 738; x_wconf 87' lang='lat' dir='ltr'><strong>a</strong></span> <span class='ocrx_word' id='word_1_21' title='bbox 2269 661 2449 756; x_wconf 82' lang='lat' dir='ltr'><strong>parte</strong></span> <span class='ocrx_word' id='word_1_22' title='bbox 2510 677 2887 738; x_wconf 88' lang='lat' dir='ltr'><strong>occidentali</strong></span> <span class='ocrx_word' id='word_1_23' title='bbox 2948 665 3049 736; x_wconf 56' lang='lat' dir='ltr'><strong>&#39;in-</strong></span> 
     </span>
     <span class='ocr_line' id='line_1_4' title="bbox 365 788 3049 872; baseline -0.001 -20"><span class='ocrx_word' id='word_1_24' title='bbox 365 789 641 870; x_wconf 87' lang='lat' dir='ltr'><strong>cipiendo</strong></span> <span class='ocrx_word' id='word_1_25' title='bbox 685 799 780 849; x_wconf 90' lang='lat' dir='ltr'><strong>est</strong></span> <span class='ocrx_word' id='word_1_26' title='bbox 823 791 999 850; x_wconf 83' lang='lat' dir='ltr'><strong>iuxta</strong></span> <span class='ocrx_word' id='word_1_27' title='bbox 1063 789 1387 869; x_wconf 86' lang='lat' dir='ltr'><strong>quendam</strong></span> <span class='ocrx_word' id='word_1_28' title='bbox 1451 789 1656 869; x_wconf 91' lang='lat' dir='ltr'><strong>potok</strong></span> <span class='ocrx_word' id='word_1_29' title='bbox 1717 791 1824 866; x_wconf 90' lang='lat' dir='ltr'><strong>qui</strong></span> <span class='ocrx_word' id='word_1_30' title='bbox 1885 791 2101 872; x_wconf 84' lang='lat' dir='ltr'>wlgari</span> <span class='ocrx_word' id='word_1_31' title='bbox 2161 789 2386 852; x_wconf 88' lang='lat' dir='ltr'><strong>Scorin</strong></span> <span class='ocrx_word' id='word_1_32' title='bbox 2432 788 2639 869; x_wconf 88' lang='lat' dir='ltr'><strong>potok</strong></span> <span class='ocrx_word' id='word_1_33' title='bbox 2684 791 3049 850; x_wconf 70' lang='lat' dir='ltr'><strong>nominatur</strong></span> 
     </span>
     <span class='ocr_line' id='line_1_5' title="bbox 366 901 3045 981; baseline -0.001 -16"><span class='ocrx_word' id='word_1_34' title='bbox 366 915 422 965; x_wconf 86' lang='lat' dir='ltr'><strong>et</strong></span> <span class='ocrx_word' id='word_1_35' title='bbox 465 904 542 963; x_wconf 88' lang='lat' dir='ltr'><strong>ibi</strong></span> <span class='ocrx_word' id='word_1_36' title='bbox 586 902 849 963; x_wconf 87' lang='lat' dir='ltr'><strong>habetur</strong></span> <span class='ocrx_word' id='word_1_37' title='bbox 911 903 1088 963; x_wconf 79' lang='lat' dir='ltr'><strong>nat-fa</strong></span> <span class='ocrx_word' id='word_1_38' title='bbox 1135 921 1254 981; x_wconf 89' lang='lat' dir='ltr'><strong>pro</strong></span> <span class='ocrx_word' id='word_1_39' title='bbox 1301 912 1491 975; x_wconf 84' lang='lat' dir='ltr'><strong>meta,</strong></span> <span class='ocrx_word' id='word_1_40' title='bbox 1535 903 1686 964; x_wconf 90' lang='lat' dir='ltr'><strong>inde</strong></span> <span class='ocrx_word' id='word_1_41' title='bbox 1731 923 1886 964; x_wconf 87' lang='lat' dir='ltr'><strong>uero</strong></span> <span class='ocrx_word' id='word_1_42' title='bbox 1950 923 2165 964; x_wconf 83' lang='lat' dir='ltr'><strong>versus</strong></span> <span class='ocrx_word' id='word_1_43' title='bbox 2227 906 2538 964; x_wconf 88' lang='lat' dir='ltr'><strong>orientem</strong></span> <span class='ocrx_word' id='word_1_44' title='bbox 2586 906 2719 964; x_wconf 88' lang='lat' dir='ltr'><strong>exit</strong></span> <span class='ocrx_word' id='word_1_45' title='bbox 2762 901 3045 964; x_wconf 85' lang='lat' dir='ltr'><strong>eundem</strong></span> 
     </span>
     <span class='ocr_line' id='line_1_6' title="bbox 365 1015 3051 1096; baseline -0 -19"><span class='ocrx_word' id='word_1_46' title='bbox 365 1015 556 1096; x_wconf 87' lang='lat' dir='ltr'><strong>potok</strong></span> <span class='ocrx_word' id='word_1_47' title='bbox 597 1026 655 1075; x_wconf 88' lang='lat' dir='ltr'><strong>et</strong></span> <span class='ocrx_word' id='word_1_48' title='bbox 703 1018 923 1076; x_wconf 85' lang='lat' dir='ltr'><strong>transit</strong></span> <span class='ocrx_word' id='word_1_49' title='bbox 971 1016 1296 1094; x_wconf 88' lang='lat' dir='ltr'><strong>quandam</strong></span> <span class='ocrx_word' id='word_1_50' title='bbox 1361 1018 1548 1090; x_wconf 89' lang='lat' dir='ltr'><strong>viam,</strong></span> <span class='ocrx_word' id='word_1_51' title='bbox 1594 1017 1697 1076; x_wconf 87' lang='lat' dir='ltr'><strong>vbi</strong></span> <span class='ocrx_word' id='word_1_52' title='bbox 1747 1035 1951 1096; x_wconf 87' lang='lat' dir='ltr'><strong>prope</strong></span> <span class='ocrx_word' id='word_1_53' title='bbox 2011 1017 2285 1078; x_wconf 89' lang='lat' dir='ltr'><strong>eandem</strong></span> <span class='ocrx_word' id='word_1_54' title='bbox 2334 1019 2499 1076; x_wconf 85' lang='lat' dir='ltr'><strong>viam</strong></span> <span class='ocrx_word' id='word_1_55' title='bbox 2548 1018 2921 1077; x_wconf 87' lang='lat' dir='ltr'><strong>terminatur</strong></span> <span class='ocrx_word' id='word_1_56' title='bbox 2965 1015 3051 1076; x_wconf 91' lang='lat' dir='ltr'><strong>ad</strong></span> 
     </span>
     <span class='ocr_line' id='line_1_7' title="bbox 367 1128 3050 1208; baseline -0 -18"><span class='ocrx_word' id='word_1_57' title='bbox 367 1139 586 1190; x_wconf 88' lang='lat' dir='ltr'><strong>metam</strong></span> <span class='ocrx_word' id='word_1_58' title='bbox 648 1141 934 1203; x_wconf 88' lang='lat' dir='ltr'><strong>terream,</strong></span> <span class='ocrx_word' id='word_1_59' title='bbox 977 1128 1212 1189; x_wconf 82' lang='lat' dir='ltr'><strong>abhinc</strong></span> <span class='ocrx_word' id='word_1_60' title='bbox 1271 1147 1422 1190; x_wconf 90' lang='lat' dir='ltr'><strong>vero</strong></span> <span class='ocrx_word' id='word_1_61' title='bbox 1483 1141 1654 1191; x_wconf 90' lang='lat' dir='ltr'><strong>recte</strong></span> <span class='ocrx_word' id='word_1_62' title='bbox 1713 1130 2130 1208; x_wconf 87' lang='lat' dir='ltr'><strong>procedendo</strong></span> <span class='ocrx_word' id='word_1_63' title='bbox 2192 1129 2523 1190; x_wconf 87' lang='lat' dir='ltr'><strong>descendit</strong></span> <span class='ocrx_word' id='word_1_64' title='bbox 2570 1130 2653 1190; x_wconf 88' lang='lat' dir='ltr'><strong>ad</strong></span> <span class='ocrx_word' id='word_1_65' title='bbox 2701 1128 2867 1189; x_wconf 89' lang='lat' dir='ltr'><strong>bicsa</strong></span> <span class='ocrx_word' id='word_1_66' title='bbox 2924 1147 3050 1208; x_wconf 89' lang='lat' dir='ltr'><strong>que</strong></span> 
     </span>
     <span class='ocr_line' id='line_1_8' title="bbox 363 1241 3049 1322; baseline -0.001 -18"><span class='ocrx_word' id='word_1_67' title='bbox 363 1243 538 1304; x_wconf 87' lang='lat' dir='ltr'><strong>arbor</strong></span> <span class='ocrx_word' id='word_1_68' title='bbox 577 1244 639 1301; x_wconf 90' lang='lat' dir='ltr'><strong>in</strong></span> <span class='ocrx_word' id='word_1_69' title='bbox 685 1244 916 1302; x_wconf 89' lang='lat' dir='ltr'><strong>siccam</strong></span> <span class='ocrx_word' id='word_1_70' title='bbox 963 1242 1194 1302; x_wconf 85' lang='lat' dir='ltr'><strong>vallem</strong></span> <span class='ocrx_word' id='word_1_71' title='bbox 1243 1242 1512 1303; x_wconf 89' lang='lat' dir='ltr'><strong>habetur</strong></span> <span class='ocrx_word' id='word_1_72' title='bbox 1555 1261 1672 1322; x_wconf 91' lang='lat' dir='ltr'><strong>pro</strong></span> <span class='ocrx_word' id='word_1_73' title='bbox 1721 1255 1893 1304; x_wconf 88' lang='lat' dir='ltr'><strong>meta</strong></span> <span class='ocrx_word' id='word_1_74' title='bbox 1935 1255 1999 1303; x_wconf 89' lang='lat' dir='ltr'><strong>et</strong></span> <span class='ocrx_word' id='word_1_75' title='bbox 2028 1262 2143 1322; x_wconf 87' lang='lat' dir='ltr'><strong>per</strong></span> <span class='ocrx_word' id='word_1_76' title='bbox 2188 1243 2463 1303; x_wconf 85' lang='lat' dir='ltr'><strong>eandem</strong></span> <span class='ocrx_word' id='word_1_77' title='bbox 2510 1241 2741 1303; x_wconf 87' lang='lat' dir='ltr'><strong>vallem</strong></span> <span class='ocrx_word' id='word_1_78' title='bbox 2792 1243 3049 1302; x_wconf 82' lang='lat' dir='ltr'><strong>inferius</strong></span> 
     </span>
     <span class='ocr_line' id='line_1_9' title="bbox 364 1353 3047 1418; baseline 0 -2"><span class='ocrx_word' id='word_1_79' title='bbox 364 1354 798 1416; x_wconf 88' lang='lat' dir='ltr'><strong>descendendo</strong></span> <span class='ocrx_word' id='word_1_80' title='bbox 830 1355 998 1415; x_wconf 88' lang='lat' dir='ltr'><strong>cadit</strong></span> <span class='ocrx_word' id='word_1_81' title='bbox 1033 1357 1093 1415; x_wconf 91' lang='lat' dir='ltr'><strong>in</strong></span> <span class='ocrx_word' id='word_1_82' title='bbox 1127 1357 1332 1416; x_wconf 85' lang='lat' dir='ltr'><strong>riuum</strong></span> <span class='ocrx_word' id='word_1_83' title='bbox 1381 1353 1736 1418; x_wconf 89' lang='lat' dir='ltr'><strong>Cohinnich</strong></span> <span class='ocrx_word' id='word_1_84' title='bbox 1767 1367 1832 1416; x_wconf 88' lang='lat' dir='ltr'><strong>et</strong></span> <span class='ocrx_word' id='word_1_85' title='bbox 1865 1358 2177 1416; x_wconf 86' lang='lat' dir='ltr'><strong>transiens</strong></span> <span class='ocrx_word' id='word_1_86' title='bbox 2207 1355 2487 1416; x_wconf 88' lang='lat' dir='ltr'><strong>eundem</strong></span> <span class='ocrx_word' id='word_1_87' title='bbox 2520 1356 2725 1415; x_wconf 88' lang='lat' dir='ltr'><strong>riuum</strong></span> <span class='ocrx_word' id='word_1_88' title='bbox 2758 1354 3047 1416; x_wconf 87' lang='lat' dir='ltr'><strong>ascendit</strong></span> 
     </span>
     <span class='ocr_line' id='line_1_10' title="bbox 363 1467 3049 1550; baseline -0.001 -20"><span class='ocrx_word' id='word_1_89' title='bbox 363 1468 439 1530; x_wconf 83' lang='lat' dir='ltr'><strong>ad</strong></span> <span class='ocrx_word' id='word_1_90' title='bbox 479 1469 764 1530; x_wconf 87' lang='lat' dir='ltr'><strong>arborem</strong></span> <span class='ocrx_word' id='word_1_91' title='bbox 829 1487 953 1546; x_wconf 91' lang='lat' dir='ltr'><strong>que</strong></span> <span class='ocrx_word' id='word_1_92' title='bbox 1012 1469 1181 1550; x_wconf 82' lang='lat' dir='ltr'><strong>wigo</strong></span> <span class='ocrx_word' id='word_1_93' title='bbox 1243 1469 1518 1529; x_wconf 85' lang='lat' dir='ltr'><strong>harastfa</strong></span> <span class='ocrx_word' id='word_1_94' title='bbox 1563 1479 1847 1544; x_wconf 83' lang='lat' dir='ltr'><strong>uocatur,</strong></span> <span class='ocrx_word' id='word_1_95' title='bbox 1893 1469 2013 1530; x_wconf 89' lang='lat' dir='ltr'><strong>sub</strong></span> <span class='ocrx_word' id='word_1_96' title='bbox 2072 1487 2199 1548; x_wconf 91' lang='lat' dir='ltr'><strong>qua</strong></span> <span class='ocrx_word' id='word_1_97' title='bbox 2246 1478 2342 1529; x_wconf 89' lang='lat' dir='ltr'><strong>est</strong></span> <span class='ocrx_word' id='word_1_98' title='bbox 2388 1477 2560 1529; x_wconf 88' lang='lat' dir='ltr'><strong>meta</strong></span> <span class='ocrx_word' id='word_1_99' title='bbox 2614 1479 2852 1542; x_wconf 79' lang='lat' dir='ltr'><strong>terrea3</strong></span> <span class='ocrx_word' id='word_1_100' title='bbox 2898 1467 3049 1530; x_wconf 84' lang='lat' dir='ltr'><strong>inde</strong></span> 
     </span>
     <span class='ocr_line' id='line_1_11' title="bbox 363 1581 3049 1662; baseline -0.001 -19"><span class='ocrx_word' id='word_1_101' title='bbox 363 1601 502 1643; x_wconf 89' lang='lat' dir='ltr'><strong>uero</strong></span> <span class='ocrx_word' id='word_1_102' title='bbox 546 1585 824 1661; x_wconf 87' lang='lat' dir='ltr'><strong>superius</strong></span> <span class='ocrx_word' id='word_1_103' title='bbox 869 1581 1284 1642; x_wconf 87' lang='lat' dir='ltr'><strong>ascendendo</strong></span> <span class='ocrx_word' id='word_1_104' title='bbox 1330 1584 1642 1642; x_wconf 88' lang='lat' dir='ltr'><strong>transiens</strong></span> <span class='ocrx_word' id='word_1_105' title='bbox 1679 1582 2010 1660; x_wconf 88' lang='lat' dir='ltr'><strong>quoddam</strong></span> <span class='ocrx_word' id='word_1_106' title='bbox 2046 1581 2240 1642; x_wconf 89' lang='lat' dir='ltr'><strong>berch</strong></span> <span class='ocrx_word' id='word_1_107' title='bbox 2273 1581 2605 1642; x_wconf 88' lang='lat' dir='ltr'><strong>descendit</strong></span> <span class='ocrx_word' id='word_1_108' title='bbox 2636 1581 2720 1642; x_wconf 92' lang='lat' dir='ltr'><strong>ad</strong></span> <span class='ocrx_word' id='word_1_109' title='bbox 2752 1581 3049 1662; x_wconf 84' lang='lat' dir='ltr'><strong>gurtanfa</strong></span> 
     </span>
     <span class='ocr_line' id='line_1_12' title="bbox 361 1693 3048 1774; baseline -0.001 -19"><span class='ocrx_word' id='word_1_110' title='bbox 361 1695 467 1756; x_wconf 91' lang='lat' dir='ltr'><strong>sub</strong></span> <span class='ocrx_word' id='word_1_111' title='bbox 509 1714 630 1774; x_wconf 88' lang='lat' dir='ltr'><strong>qua</strong></span> <span class='ocrx_word' id='word_1_112' title='bbox 673 1705 765 1754; x_wconf 87' lang='lat' dir='ltr'><strong>est</strong></span> <span class='ocrx_word' id='word_1_113' title='bbox 815 1705 987 1754; x_wconf 89' lang='lat' dir='ltr'><strong>meta</strong></span> <span class='ocrx_word' id='word_1_114' title='bbox 1033 1704 1253 1767; x_wconf 89' lang='lat' dir='ltr'><strong>terrea,</strong></span> <span class='ocrx_word' id='word_1_115' title='bbox 1299 1694 1448 1756; x_wconf 90' lang='lat' dir='ltr'><strong>inde</strong></span> <span class='ocrx_word' id='word_1_116' title='bbox 1498 1714 1646 1754; x_wconf 88' lang='lat' dir='ltr'><strong>vero</strong></span> <span class='ocrx_word' id='word_1_117' title='bbox 1691 1694 2093 1755; x_wconf 83' lang='lat' dir='ltr'><strong>descendens</strong></span> <span class='ocrx_word' id='word_1_118' title='bbox 2139 1695 2307 1755; x_wconf 89' lang='lat' dir='ltr'><strong>cadit</strong></span> <span class='ocrx_word' id='word_1_119' title='bbox 2343 1697 2405 1754; x_wconf 90' lang='lat' dir='ltr'><strong>in</strong></span> <span class='ocrx_word' id='word_1_120' title='bbox 2437 1693 3048 1773; x_wconf 78' lang='lat' dir='ltr'><strong>Sciuinnecpotok,</strong></span> 
     </span>
     <span class='ocr_line' id='line_1_13' title="bbox 361 1806 3049 1887; baseline 0 -20"><span class='ocrx_word' id='word_1_121' title='bbox 361 1807 578 1868; x_wconf 87' lang='lat' dir='ltr'><strong>abhinc</strong></span> <span class='ocrx_word' id='word_1_122' title='bbox 605 1826 716 1887; x_wconf 92' lang='lat' dir='ltr'><strong>per</strong></span> <span class='ocrx_word' id='word_1_123' title='bbox 744 1807 1021 1868; x_wconf 88' lang='lat' dir='ltr'><strong>eundem</strong></span> <span class='ocrx_word' id='word_1_124' title='bbox 1057 1806 1262 1886; x_wconf 88' lang='lat' dir='ltr'><strong>potok</strong></span> <span class='ocrx_word' id='word_1_125' title='bbox 1308 1810 1593 1886; x_wconf 90' lang='lat' dir='ltr'><strong>superius</strong></span> <span class='ocrx_word' id='word_1_126' title='bbox 1640 1825 1864 1887; x_wconf 89' lang='lat' dir='ltr'><strong>parum</strong></span> <span class='ocrx_word' id='word_1_127' title='bbox 1915 1807 2327 1869; x_wconf 90' lang='lat' dir='ltr'><strong>ascendendo</strong></span> <span class='ocrx_word' id='word_1_128' title='bbox 2358 1809 2492 1868; x_wconf 83' lang='lat' dir='ltr'><strong>exit</strong></span> <span class='ocrx_word' id='word_1_129' title='bbox 2523 1808 2801 1869; x_wconf 90' lang='lat' dir='ltr'><strong>eundem</strong></span> <span class='ocrx_word' id='word_1_130' title='bbox 2842 1806 3049 1887; x_wconf 88' lang='lat' dir='ltr'><strong>potok</strong></span> 
     </span>
     <span class='ocr_line' id='line_1_14' title="bbox 361 1919 3045 2002; baseline 0 -22"><span class='ocrx_word' id='word_1_131' title='bbox 361 1931 418 1980; x_wconf 90' lang='lat' dir='ltr'><strong>et</strong></span> <span class='ocrx_word' id='word_1_132' title='bbox 459 1919 730 2002; x_wconf 84' lang='lat' dir='ltr'><strong>dirigitur</strong></span> <span class='ocrx_word' id='word_1_133' title='bbox 773 1920 858 1981; x_wconf 89' lang='lat' dir='ltr'><strong>ad</strong></span> <span class='ocrx_word' id='word_1_134' title='bbox 903 1938 1204 2002; x_wconf 85' lang='lat' dir='ltr'><strong>magnam</strong></span> <span class='ocrx_word' id='word_1_135' title='bbox 1270 1921 1437 1982; x_wconf 85' lang='lat' dir='ltr'><strong>bicfa</strong></span> <span class='ocrx_word' id='word_1_136' title='bbox 1483 1921 1602 1982; x_wconf 88' lang='lat' dir='ltr'><strong>sub</strong></span> <span class='ocrx_word' id='word_1_137' title='bbox 1651 1939 1778 1998; x_wconf 91' lang='lat' dir='ltr'><strong>qua</strong></span> <span class='ocrx_word' id='word_1_138' title='bbox 1824 1933 1919 1981; x_wconf 86' lang='lat' dir='ltr'><strong>est</strong></span> <span class='ocrx_word' id='word_1_139' title='bbox 1970 1930 2139 1982; x_wconf 88' lang='lat' dir='ltr'><strong>meta</strong></span> <span class='ocrx_word' id='word_1_140' title='bbox 2184 1930 2421 1994; x_wconf 87' lang='lat' dir='ltr'><strong>terrea;</strong></span> <span class='ocrx_word' id='word_1_141' title='bbox 2467 1920 2701 1981; x_wconf 90' lang='lat' dir='ltr'><strong>deinde</strong></span> <span class='ocrx_word' id='word_1_142' title='bbox 2756 1921 3045 1981; x_wconf 89' lang='lat' dir='ltr'><strong>ascendit</strong></span> 
     </span>
     <span class='ocr_line' id='line_1_15' title="bbox 359 2031 3045 2112; baseline -0 -18"><span class='ocrx_word' id='word_1_143' title='bbox 359 2033 434 2094; x_wconf 87' lang='lat' dir='ltr'><strong>ad</strong></span> <span class='ocrx_word' id='word_1_144' title='bbox 475 2031 771 2093; x_wconf 86' lang='lat' dir='ltr'><strong>reketiafa</strong></span> <span class='ocrx_word' id='word_1_145' title='bbox 818 2033 938 2093; x_wconf 89' lang='lat' dir='ltr'><strong>sub</strong></span> <span class='ocrx_word' id='word_1_146' title='bbox 985 2051 1111 2112; x_wconf 88' lang='lat' dir='ltr'><strong>qua</strong></span> <span class='ocrx_word' id='word_1_147' title='bbox 1157 2044 1252 2093; x_wconf 89' lang='lat' dir='ltr'><strong>est</strong></span> <span class='ocrx_word' id='word_1_148' title='bbox 1302 2044 1472 2094; x_wconf 89' lang='lat' dir='ltr'><strong>meta</strong></span> <span class='ocrx_word' id='word_1_149' title='bbox 1518 2044 1740 2108; x_wconf 86' lang='lat' dir='ltr'><strong>terrea,</strong></span> <span class='ocrx_word' id='word_1_150' title='bbox 1788 2033 1938 2094; x_wconf 92' lang='lat' dir='ltr'><strong>inde</strong></span> <span class='ocrx_word' id='word_1_151' title='bbox 1986 2053 2139 2094; x_wconf 90' lang='lat' dir='ltr'><strong>uero</strong></span> <span class='ocrx_word' id='word_1_152' title='bbox 2186 2051 2405 2096; x_wconf 87' lang='lat' dir='ltr'><strong>uersus</strong></span> <span class='ocrx_word' id='word_1_153' title='bbox 2451 2032 2783 2094; x_wconf 87' lang='lat' dir='ltr'><strong>meridiem</strong></span> <span class='ocrx_word' id='word_1_154' title='bbox 2825 2035 3045 2093; x_wconf 86' lang='lat' dir='ltr'><strong>transit</strong></span> 
     </span>
     <span class='ocr_line' id='line_1_16' title="bbox 360 2145 3045 2225; baseline 0 -19"><span class='ocrx_word' id='word_1_155' title='bbox 360 2145 664 2224; x_wconf 88' lang='lat' dir='ltr'><strong>quandam</strong></span> <span class='ocrx_word' id='word_1_156' title='bbox 711 2148 876 2206; x_wconf 86' lang='lat' dir='ltr'><strong>viam</strong></span> <span class='ocrx_word' id='word_1_157' title='bbox 911 2157 973 2206; x_wconf 90' lang='lat' dir='ltr'><strong>et</strong></span> <span class='ocrx_word' id='word_1_158' title='bbox 1015 2164 1218 2225; x_wconf 88' lang='lat' dir='ltr'><strong>prope</strong></span> <span class='ocrx_word' id='word_1_159' title='bbox 1263 2146 1538 2208; x_wconf 87' lang='lat' dir='ltr'><strong>eandem</strong></span> <span class='ocrx_word' id='word_1_160' title='bbox 1587 2149 1752 2206; x_wconf 87' lang='lat' dir='ltr'><strong>viam</strong></span> <span class='ocrx_word' id='word_1_161' title='bbox 1802 2147 1923 2208; x_wconf 91' lang='lat' dir='ltr'><strong>sub</strong></span> <span class='ocrx_word' id='word_1_162' title='bbox 1970 2147 2245 2207; x_wconf 88' lang='lat' dir='ltr'><strong>harastfa</strong></span> <span class='ocrx_word' id='word_1_163' title='bbox 2292 2146 2561 2208; x_wconf 89' lang='lat' dir='ltr'><strong>habetur</strong></span> <span class='ocrx_word' id='word_1_164' title='bbox 2594 2157 2765 2206; x_wconf 89' lang='lat' dir='ltr'><strong>meta</strong></span> <span class='ocrx_word' id='word_1_165' title='bbox 2810 2157 3045 2220; x_wconf 80' lang='lat' dir='ltr'><strong>terrea;</strong></span> 
     </span>
     <span class='ocr_line' id='line_1_17' title="bbox 358 2258 3045 2344; baseline -0 -26"><span class='ocrx_word' id='word_1_166' title='bbox 358 2258 492 2320; x_wconf 89' lang='lat' dir='ltr'><strong>inde</strong></span> <span class='ocrx_word' id='word_1_167' title='bbox 537 2278 684 2319; x_wconf 88' lang='lat' dir='ltr'><strong>uero</strong></span> <span class='ocrx_word' id='word_1_168' title='bbox 729 2258 902 2318; x_wconf 87' lang='lat' dir='ltr'><strong>vadit</strong></span> <span class='ocrx_word' id='word_1_169' title='bbox 949 2258 1034 2319; x_wconf 91' lang='lat' dir='ltr'><strong>ad</strong></span> <span class='ocrx_word' id='word_1_170' title='bbox 1079 2260 1270 2344; x_wconf 88' lang='lat' dir='ltr'><strong>aliam</strong></span> <span class='ocrx_word' id='word_1_171' title='bbox 1316 2259 1592 2321; x_wconf 86' lang='lat' dir='ltr'><strong>harastfa</strong></span> <span class='ocrx_word' id='word_1_172' title='bbox 1639 2260 1759 2320; x_wconf 90' lang='lat' dir='ltr'><strong>sub</strong></span> <span class='ocrx_word' id='word_1_173' title='bbox 1807 2279 1935 2338; x_wconf 89' lang='lat' dir='ltr'><strong>qua</strong></span> <span class='ocrx_word' id='word_1_174' title='bbox 1966 2271 2062 2321; x_wconf 88' lang='lat' dir='ltr'><strong>est</strong></span> <span class='ocrx_word' id='word_1_175' title='bbox 2096 2273 2265 2320; x_wconf 87' lang='lat' dir='ltr'><strong>meta</strong></span> <span class='ocrx_word' id='word_1_176' title='bbox 2317 2271 2535 2332; x_wconf 87' lang='lat' dir='ltr'><strong>terrea,</strong></span> <span class='ocrx_word' id='word_1_177' title='bbox 2568 2259 2652 2319; x_wconf 93' lang='lat' dir='ltr'><strong>ab</strong></span> <span class='ocrx_word' id='word_1_178' title='bbox 2698 2258 2845 2318; x_wconf 89' lang='lat' dir='ltr'><strong>hinc</strong></span> <span class='ocrx_word' id='word_1_179' title='bbox 2889 2278 3045 2319; x_wconf 90' lang='lat' dir='ltr'><strong>uero</strong></span> 
     </span>
     <span class='ocr_line' id='line_1_18' title="bbox 361 2370 3047 2452; baseline -0 -20"><span class='ocrx_word' id='word_1_180' title='bbox 361 2371 734 2433; x_wconf 89' lang='lat' dir='ltr'><strong>descendens</strong></span> <span class='ocrx_word' id='word_1_181' title='bbox 795 2372 966 2432; x_wconf 88' lang='lat' dir='ltr'><strong>cadit</strong></span> <span class='ocrx_word' id='word_1_182' title='bbox 1015 2373 1076 2432; x_wconf 91' lang='lat' dir='ltr'><strong>in</strong></span> <span class='ocrx_word' id='word_1_183' title='bbox 1124 2375 1358 2433; x_wconf 89' lang='lat' dir='ltr'><strong>siccam</strong></span> <span class='ocrx_word' id='word_1_184' title='bbox 1420 2373 1651 2434; x_wconf 86' lang='lat' dir='ltr'><strong>vallem</strong></span> <span class='ocrx_word' id='word_1_185' title='bbox 1697 2385 1760 2434; x_wconf 90' lang='lat' dir='ltr'><strong>et</strong></span> <span class='ocrx_word' id='word_1_186' title='bbox 1808 2393 1922 2452; x_wconf 88' lang='lat' dir='ltr'><strong>per</strong></span> <span class='ocrx_word' id='word_1_187' title='bbox 1968 2374 2243 2434; x_wconf 88' lang='lat' dir='ltr'><strong>eandem</strong></span> <span class='ocrx_word' id='word_1_188' title='bbox 2292 2372 2521 2434; x_wconf 90' lang='lat' dir='ltr'><strong>vallem</strong></span> <span class='ocrx_word' id='word_1_189' title='bbox 2586 2371 2917 2432; x_wconf 88' lang='lat' dir='ltr'><strong>descendit</strong></span> <span class='ocrx_word' id='word_1_190' title='bbox 2960 2370 3047 2431; x_wconf 90' lang='lat' dir='ltr'><strong>ad</strong></span> 
     </span>
     <span class='ocr_line' id='line_1_19' title="bbox 359 2485 3045 2548; baseline 0 -3"><span class='ocrx_word' id='word_1_191' title='bbox 359 2485 565 2546; x_wconf 88' lang='lat' dir='ltr'><strong>siluam</strong></span> <span class='ocrx_word' id='word_1_192' title='bbox 607 2485 772 2546; x_wconf 84' lang='lat' dir='ltr'><strong>Zaua</strong></span> <span class='ocrx_word' id='word_1_193' title='bbox 818 2495 884 2547; x_wconf 89' lang='lat' dir='ltr'><strong>et</strong></span> <span class='ocrx_word' id='word_1_194' title='bbox 929 2486 1206 2546; x_wconf 89' lang='lat' dir='ltr'><strong>eandem</strong></span> <span class='ocrx_word' id='word_1_195' title='bbox 1270 2486 1494 2547; x_wconf 87' lang='lat' dir='ltr'><strong>siluam</strong></span> <span class='ocrx_word' id='word_1_196' title='bbox 1557 2505 1772 2548; x_wconf 86' lang='lat' dir='ltr'><strong>versus</strong></span> <span class='ocrx_word' id='word_1_197' title='bbox 1833 2487 2238 2548; x_wconf 89' lang='lat' dir='ltr'><strong>occidentem</strong></span> <span class='ocrx_word' id='word_1_198' title='bbox 2302 2497 2472 2548; x_wconf 88' lang='lat' dir='ltr'><strong>recte</strong></span> <span class='ocrx_word' id='word_1_199' title='bbox 2518 2487 2829 2546; x_wconf 88' lang='lat' dir='ltr'><strong>transiens</strong></span> <span class='ocrx_word' id='word_1_200' title='bbox 2874 2485 3045 2545; x_wconf 89' lang='lat' dir='ltr'><strong>cadit</strong></span> 
     </span>
     <span class='ocr_line' id='line_1_20' title="bbox 359 2597 3047 2678; baseline 0.001 -22"><span class='ocrx_word' id='word_1_201' title='bbox 359 2600 412 2657; x_wconf 88' lang='lat' dir='ltr'><strong>in</strong></span> <span class='ocrx_word' id='word_1_202' title='bbox 453 2600 650 2659; x_wconf 87' lang='lat' dir='ltr'><strong>riuum</strong></span> <span class='ocrx_word' id='word_1_203' title='bbox 697 2597 1057 2662; x_wconf 88' lang='lat' dir='ltr'><strong>Cohinnich</strong></span> <span class='ocrx_word' id='word_1_204' title='bbox 1088 2609 1153 2660; x_wconf 85' lang='lat' dir='ltr'><strong>et</strong></span> <span class='ocrx_word' id='word_1_205' title='bbox 1187 2619 1301 2678; x_wconf 88' lang='lat' dir='ltr'><strong>per</strong></span> <span class='ocrx_word' id='word_1_206' title='bbox 1347 2599 1628 2660; x_wconf 89' lang='lat' dir='ltr'><strong>eundem</strong></span> <span class='ocrx_word' id='word_1_207' title='bbox 1675 2603 1882 2660; x_wconf 91' lang='lat' dir='ltr'><strong>riuum</strong></span> <span class='ocrx_word' id='word_1_208' title='bbox 1930 2619 2147 2661; x_wconf 88' lang='lat' dir='ltr'><strong>versus</strong></span> <span class='ocrx_word' id='word_1_209' title='bbox 2190 2601 2719 2678; x_wconf 78' lang='lat' dir='ltr'><strong>septemtrionem</strong></span> <span class='ocrx_word' id='word_1_210' title='bbox 2758 2599 3047 2677; x_wconf 87' lang='lat' dir='ltr'><strong>superius</strong></span> 
     </span>
     <span class='ocr_line' id='line_1_21' title="bbox 359 2711 3045 2790; baseline 0.001 -20"><span class='ocrx_word' id='word_1_211' title='bbox 359 2711 746 2772; x_wconf 88' lang='lat' dir='ltr'><strong>ascendendo</strong></span> <span class='ocrx_word' id='word_1_212' title='bbox 779 2712 1018 2773; x_wconf 89' lang='lat' dir='ltr'><strong>cadens</strong></span> <span class='ocrx_word' id='word_1_213' title='bbox 1049 2715 1112 2773; x_wconf 91' lang='lat' dir='ltr'><strong>in</strong></span> <span class='ocrx_word' id='word_1_214' title='bbox 1146 2713 1472 2790; x_wconf 88' lang='lat' dir='ltr'><strong>quandam</strong></span> <span class='ocrx_word' id='word_1_215' title='bbox 1505 2714 1740 2774; x_wconf 87' lang='lat' dir='ltr'><strong>siccam</strong></span> <span class='ocrx_word' id='word_1_216' title='bbox 1773 2713 2003 2774; x_wconf 87' lang='lat' dir='ltr'><strong>vallem</strong></span> <span class='ocrx_word' id='word_1_217' title='bbox 2030 2712 2371 2773; x_wconf 87' lang='lat' dir='ltr'><strong>reflectitur</strong></span> <span class='ocrx_word' id='word_1_218' title='bbox 2392 2731 2609 2773; x_wconf 88' lang='lat' dir='ltr'><strong>versus</strong></span> <span class='ocrx_word' id='word_1_219' title='bbox 2638 2712 3045 2772; x_wconf 89' lang='lat' dir='ltr'><strong>occidentem</strong></span> 
     </span>
     <span class='ocr_line' id='line_1_22' title="bbox 359 2824 3047 2908; baseline 0.001 -26"><span class='ocrx_word' id='word_1_220' title='bbox 359 2833 414 2882; x_wconf 87' lang='lat' dir='ltr'><strong>et</strong></span> <span class='ocrx_word' id='word_1_221' title='bbox 455 2843 566 2903; x_wconf 85' lang='lat' dir='ltr'><strong>per</strong></span> <span class='ocrx_word' id='word_1_222' title='bbox 605 2824 878 2885; x_wconf 88' lang='lat' dir='ltr'><strong>eandem</strong></span> <span class='ocrx_word' id='word_1_223' title='bbox 945 2825 1175 2886; x_wconf 89' lang='lat' dir='ltr'><strong>vallem</strong></span> <span class='ocrx_word' id='word_1_224' title='bbox 1239 2826 1525 2908; x_wconf 81' lang='lat' dir='ltr'><strong>dirigitur</strong></span> <span class='ocrx_word' id='word_1_225' title='bbox 1570 2827 1653 2887; x_wconf 93' lang='lat' dir='ltr'><strong>ad</strong></span> <span class='ocrx_word' id='word_1_226' title='bbox 1701 2826 1878 2887; x_wconf 87' lang='lat' dir='ltr'><strong>narfa</strong></span> <span class='ocrx_word' id='word_1_227' title='bbox 1926 2825 2045 2887; x_wconf 93' lang='lat' dir='ltr'><strong>sub</strong></span> <span class='ocrx_word' id='word_1_228' title='bbox 2092 2845 2217 2907; x_wconf 86' lang='lat' dir='ltr'><strong>qua</strong></span> <span class='ocrx_word' id='word_1_229' title='bbox 2266 2835 2361 2886; x_wconf 88' lang='lat' dir='ltr'><strong>est</strong></span> <span class='ocrx_word' id='word_1_230' title='bbox 2408 2835 2581 2886; x_wconf 89' lang='lat' dir='ltr'><strong>meta</strong></span> <span class='ocrx_word' id='word_1_231' title='bbox 2626 2836 2849 2900; x_wconf 62' lang='lat' dir='ltr'><strong>terrea,</strong></span> <span class='ocrx_word' id='word_1_232' title='bbox 2897 2825 3047 2885; x_wconf 89' lang='lat' dir='ltr'><strong>inde</strong></span> 
     </span>
     <span class='ocr_line' id='line_1_23' title="bbox 359 2937 3046 3019; baseline 0 -22"><span class='ocrx_word' id='word_1_233' title='bbox 359 2955 498 2997; x_wconf 88' lang='lat' dir='ltr'><strong>uero</strong></span> <span class='ocrx_word' id='word_1_234' title='bbox 559 2937 956 2999; x_wconf 90' lang='lat' dir='ltr'><strong>descendens</strong></span> <span class='ocrx_word' id='word_1_235' title='bbox 1000 2942 1064 2999; x_wconf 93' lang='lat' dir='ltr'><strong>in</strong></span> <span class='ocrx_word' id='word_1_236' title='bbox 1110 2938 1337 3002; x_wconf 90' lang='lat' dir='ltr'><strong>Scorin</strong></span> <span class='ocrx_word' id='word_1_237' title='bbox 1397 2938 1604 3019; x_wconf 88' lang='lat' dir='ltr'><strong>potok</strong></span> <span class='ocrx_word' id='word_1_238' title='bbox 1663 2940 2059 3001; x_wconf 88' lang='lat' dir='ltr'><strong>antedictum</strong></span> <span class='ocrx_word' id='word_1_239' title='bbox 2122 2939 2463 3001; x_wconf 86' lang='lat' dir='ltr'><strong>reflectitur</strong></span> <span class='ocrx_word' id='word_1_240' title='bbox 2509 2958 2723 3000; x_wconf 89' lang='lat' dir='ltr'><strong>versus</strong></span> <span class='ocrx_word' id='word_1_241' title='bbox 2768 2948 3046 3018; x_wconf 88' lang='lat' dir='ltr'><strong>septem-</strong></span> 
     </span>
     <span class='ocr_line' id='line_1_24' title="bbox 359 3051 3045 3133; baseline 0 -23"><span class='ocrx_word' id='word_1_242' title='bbox 359 3052 609 3111; x_wconf 87' lang='lat' dir='ltr'><strong>trionem</strong></span> <span class='ocrx_word' id='word_1_243' title='bbox 653 3062 718 3113; x_wconf 91' lang='lat' dir='ltr'><strong>et</strong></span> <span class='ocrx_word' id='word_1_244' title='bbox 766 3061 942 3113; x_wconf 89' lang='lat' dir='ltr'><strong>tenet</strong></span> <span class='ocrx_word' id='word_1_245' title='bbox 986 3053 1264 3113; x_wconf 88' lang='lat' dir='ltr'><strong>eundem</strong></span> <span class='ocrx_word' id='word_1_246' title='bbox 1299 3051 1522 3132; x_wconf 89' lang='lat' dir='ltr'><strong>potok‚</strong></span> <span class='ocrx_word' id='word_1_247' title='bbox 1567 3053 1778 3114; x_wconf 90' lang='lat' dir='ltr'><strong>donec</strong></span> <span class='ocrx_word' id='word_1_248' title='bbox 1823 3055 2115 3133; x_wconf 89' lang='lat' dir='ltr'><strong>peruenit</strong></span> <span class='ocrx_word' id='word_1_249' title='bbox 2161 3054 2244 3115; x_wconf 89' lang='lat' dir='ltr'><strong>ad</strong></span> <span class='ocrx_word' id='word_1_250' title='bbox 2290 3056 2565 3133; x_wconf 89' lang='lat' dir='ltr'><strong>primam</strong></span> <span class='ocrx_word' id='word_1_251' title='bbox 2611 3062 2871 3125; x_wconf 86' lang='lat' dir='ltr'><strong>metam,</strong></span> <span class='ocrx_word' id='word_1_252' title='bbox 2918 3071 3045 3132; x_wconf 91' lang='lat' dir='ltr'><strong>que</strong></span> 
     </span>
     <span class='ocr_line' id='line_1_25' title="bbox 360 3163 3042 3227; baseline 0.001 -5"><span class='ocrx_word' id='word_1_253' title='bbox 360 3163 466 3223; x_wconf 89' lang='lat' dir='ltr'><strong>sub</strong></span> <span class='ocrx_word' id='word_1_254' title='bbox 530 3166 700 3227; x_wconf 86' lang='lat' dir='ltr'><strong>narsa</strong></span> <span class='ocrx_word' id='word_1_255' title='bbox 767 3165 1090 3226; x_wconf 86' lang='lat' dir='ltr'><strong>antedicta</strong></span> <span class='ocrx_word' id='word_1_256' title='bbox 1160 3166 1444 3226; x_wconf 86' lang='lat' dir='ltr'><strong>habetur.</strong></span> <span class='ocrx_word' id='word_1_257' title='bbox 1510 3166 1578 3227; x_wconf 91' lang='lat' dir='ltr'><strong>In</strong></span> <span class='ocrx_word' id='word_1_258' title='bbox 1641 3169 1819 3227; x_wconf 87' lang='lat' dir='ltr'><strong>cuius</strong></span> <span class='ocrx_word' id='word_1_259' title='bbox 1879 3169 1966 3227; x_wconf 90' lang='lat' dir='ltr'><strong>rei</strong></span> <span class='ocrx_word' id='word_1_260' title='bbox 2030 3168 2406 3227; x_wconf 87' lang='lat' dir='ltr'><strong>memoriam</strong></span> <span class='ocrx_word' id='word_1_261' title='bbox 2471 3176 2534 3226; x_wconf 90' lang='lat' dir='ltr'><strong>et</strong></span> <span class='ocrx_word' id='word_1_262' title='bbox 2594 3164 3042 3225; x_wconf 87' lang='lat' dir='ltr'><strong>certitudinem</strong></span> 
     </span>
     <span class='ocr_line' id='line_1_26' title="bbox 358 3274 3048 3361; baseline 0 -25"><span class='ocrx_word' id='word_1_263' title='bbox 358 3274 686 3353; x_wconf 88' lang='lat' dir='ltr'><strong>pleniorem</strong></span> <span class='ocrx_word' id='word_1_264' title='bbox 748 3278 986 3339; x_wconf 84' lang='lat' dir='ltr'><strong>litteras</strong></span> <span class='ocrx_word' id='word_1_265' title='bbox 1045 3290 1375 3357; x_wconf 86' lang='lat' dir='ltr'><strong>presentes</strong></span> <span class='ocrx_word' id='word_1_266' title='bbox 1436 3282 1630 3340; x_wconf 84' lang='lat' dir='ltr'><strong>nostri</strong></span> <span class='ocrx_word' id='word_1_267' title='bbox 1696 3278 1876 3361; x_wconf 88' lang='lat' dir='ltr'><strong>sigilli</strong></span> <span class='ocrx_word' id='word_1_268' title='bbox 1941 3280 2293 3341; x_wconf 90' lang='lat' dir='ltr'><strong>munimine</strong></span> <span class='ocrx_word' id='word_1_269' title='bbox 2340 3279 2423 3339; x_wconf 87' lang='lat' dir='ltr'><strong>ad</strong></span> <span class='ocrx_word' id='word_1_270' title='bbox 2469 3280 2847 3340; x_wconf 89' lang='lat' dir='ltr'><strong>instanciam</strong></span> <span class='ocrx_word' id='word_1_271' title='bbox 2894 3278 3048 3338; x_wconf 90' lang='lat' dir='ltr'><strong>dicti</strong></span> 
     </span>
     <span class='ocr_line' id='line_1_27' title="bbox 361 3386 3043 3473; baseline 0 -24"><span class='ocrx_word' id='word_1_272' title='bbox 361 3386 528 3449; x_wconf 88' lang='lat' dir='ltr'><strong>Mark</strong></span> <span class='ocrx_word' id='word_1_273' title='bbox 570 3392 816 3451; x_wconf 89' lang='lat' dir='ltr'><strong>comitis</strong></span> <span class='ocrx_word' id='word_1_274' title='bbox 859 3392 1226 3470; x_wconf 90' lang='lat' dir='ltr'><strong>supradicto</strong></span> <span class='ocrx_word' id='word_1_275' title='bbox 1274 3389 1452 3455; x_wconf 82' lang='lat' dir='ltr'><strong>Cheh</strong></span> <span class='ocrx_word' id='word_1_276' title='bbox 1499 3392 1885 3454; x_wconf 86' lang='lat' dir='ltr'><strong>contulimus</strong></span> <span class='ocrx_word' id='word_1_277' title='bbox 1933 3394 2282 3452; x_wconf 88' lang='lat' dir='ltr'><strong>roboratas.</strong></span> <span class='ocrx_word' id='word_1_278' title='bbox 2323 3390 2559 3453; x_wconf 89' lang='lat' dir='ltr'><strong>Actum</strong></span> <span class='ocrx_word' id='word_1_279' title='bbox 2608 3410 2781 3451; x_wconf 77' lang='lat' dir='ltr'><strong>anno</strong></span> <span class='ocrx_word' id='word_1_280' title='bbox 2830 3392 3043 3473; x_wconf 88' lang='lat' dir='ltr'><strong>gracie</strong></span> 
     </span>
     <span class='ocr_line' id='line_1_28' title="bbox 363 3500 1364 3585; baseline 0.002 -22"><span class='ocrx_word' id='word_1_281' title='bbox 363 3500 653 3566; x_wconf 87' lang='lat' dir='ltr'><strong>M⁰.CC⁰.</strong></span> <span class='ocrx_word' id='word_1_282' title='bbox 697 3505 1100 3585; x_wconf 87' lang='lat' dir='ltr'><strong>sexagesimo</strong></span> <span class='ocrx_word' id='word_1_283' title='bbox 1145 3507 1364 3565; x_wconf 91' lang='lat' dir='ltr'><strong>terci0.</strong></span> 
     </span>
    </p>
   </div>
   <div class='ocr_carea' id='block_1_3' title="bbox 358 3694 3045 4295">
    <p class='ocr_par' dir='ltr' id='par_1_3' title="bbox 358 3694 3045 4086">
     <span class='ocr_line' id='line_1_29' title="bbox 529 3694 3043 3773; baseline -0 -20"><span class='ocrx_word' id='word_1_284' title='bbox 529 3696 820 3771; x_wconf 59' lang='lat' dir='ltr'><strong>Orzginal</strong></span> <span class='ocrx_word' id='word_1_285' title='bbox 875 3718 914 3754; x_wconf 87' lang='lat' dir='ltr'><em>u</em></span> <span class='ocrx_word' id='word_1_286' title='bbox 976 3696 1065 3755; x_wconf 84' lang='lat' dir='ltr'><strong>kr.</strong></span> <span class='ocrx_word' id='word_1_287' title='bbox 1127 3718 1225 3772; x_wconf 87' lang='lat' dir='ltr'><strong>ug.</strong></span> <span class='ocrx_word' id='word_1_288' title='bbox 1293 3700 1417 3756; x_wconf 76' lang='lat' dir='ltr'><strong>drz&#39;.</strong></span> <span class='ocrx_word' id='word_1_289' title='bbox 1479 3696 1704 3755; x_wconf 81' lang='lat' dir='ltr'><strong>arkivu</strong></span> <span class='ocrx_word' id='word_1_290' title='bbox 1766 3718 1806 3754; x_wconf 84' lang='lat' dir='ltr'><em>u</em></span> <span class='ocrx_word' id='word_1_291' title='bbox 1866 3698 2259 3773; x_wconf 68' lang='lat' dir='ltr'><strong>Budimpes&#39;ti</strong></span> <span class='ocrx_word' id='word_1_292' title='bbox 2301 3698 2389 3753; x_wconf 87' lang='lat' dir='ltr'><strong>M.</strong></span> <span class='ocrx_word' id='word_1_293' title='bbox 2446 3697 2512 3755; x_wconf 88' lang='lat' dir='ltr'><strong>O.</strong></span> <span class='ocrx_word' id='word_1_294' title='bbox 2561 3696 2640 3754; x_wconf 92' lang='lat' dir='ltr'><strong>l).</strong></span> <span class='ocrx_word' id='word_1_295' title='bbox 2686 3694 2756 3753; x_wconf 88' lang='lat' dir='ltr'><strong>L.</strong></span> <span class='ocrx_word' id='word_1_296' title='bbox 2810 3697 3043 3753; x_wconf 82' lang='lat'><strong><em>33.716.</em></strong></span> 
     </span>
     <span class='ocr_line' id='line_1_30' title="bbox 363 3799 3043 3879; baseline -0.001 -23"><span class='ocrx_word' id='word_1_297' title='bbox 363 3799 534 3857; x_wconf 84' lang='lat' dir='ltr'><strong>Stara</strong></span> <span class='ocrx_word' id='word_1_298' title='bbox 591 3802 919 3875; x_wconf 83' lang='lat' dir='ltr'><strong>signatura</strong></span> <span class='ocrx_word' id='word_1_299' title='bbox 963 3802 1047 3859; x_wconf 92' lang='grc' dir='ltr'><strong>Ν.</strong></span> <span class='ocrx_word' id='word_1_300' title='bbox 1093 3803 1168 3860; x_wconf 89' lang='lat' dir='ltr'><strong>R.</strong></span> <span class='ocrx_word' id='word_1_301' title='bbox 1213 3802 1283 3859; x_wconf 90' lang='lat' dir='ltr'><strong>A.</strong></span> <span class='ocrx_word' id='word_1_302' title='bbox 1311 3804 1488 3879; x_wconf 84' lang='lat' dir='ltr'><strong>fase.</strong></span> <span class='ocrx_word' id='word_1_303' title='bbox 1539 3804 1708 3859; x_wconf 79' lang='lat'><strong><em>1502.</em></strong></span> <span class='ocrx_word' id='word_1_304' title='bbox 1755 3821 1848 3859; x_wconf 82' lang='lat' dir='ltr'><strong>no,</strong></span> <span class='ocrx_word' id='word_1_305' title='bbox 1901 3806 1950 3859; x_wconf 93' lang='lat'><strong>5.</strong></span> <span class='ocrx_word' id='word_1_306' title='bbox 2001 3835 2078 3843; x_wconf 92' lang='lat'>—</span> <span class='ocrx_word' id='word_1_307' title='bbox 2128 3801 2237 3858; x_wconf 81' lang='lat' dir='ltr'><strong>Na</strong></span> <span class='ocrx_word' id='word_1_308' title='bbox 2283 3801 2487 3857; x_wconf 79' lang='lat' dir='ltr'><em>listini</em></span> <span class='ocrx_word' id='word_1_309' title='bbox 2543 3801 2670 3857; x_wconf 83' lang='lat' dir='ltr'><strong>visi</strong></span> <span class='ocrx_word' id='word_1_310' title='bbox 2711 3819 2744 3856; x_wconf 86' lang='grc' dir='ltr'><em>ο</em></span> <span class='ocrx_word' id='word_1_311' title='bbox 2791 3818 3043 3856; x_wconf 85' lang='lat' dir='ltr'><strong>crveno-</strong></span> 
     </span>
     <span class='ocr_line' id='line_1_31' title="bbox 358 3902 3045 3981; baseline 0 -23"><span class='ocrx_word' id='word_1_312' title='bbox 358 3905 508 3979; x_wconf 71' lang='lat' dir='ltr'><strong>iz‘utoj</strong></span> <span class='ocrx_word' id='word_1_313' title='bbox 546 3906 572 3960; x_wconf 81' lang='lat' dir='ltr'><strong>i</strong></span> <span class='ocrx_word' id='word_1_314' title='bbox 609 3906 842 3981; x_wconf 84' lang='lat' dir='ltr'><strong>zelenoj</strong></span> <span class='ocrx_word' id='word_1_315' title='bbox 881 3906 1146 3981; x_wconf 82' lang='lat' dir='ltr'><strong>svilenoj</strong></span> <span class='ocrx_word' id='word_1_316' title='bbox 1184 3908 1363 3963; x_wconf 82' lang='lat' dir='ltr'><strong>vrvci</strong></span> <span class='ocrx_word' id='word_1_317' title='bbox 1426 3906 1614 3963; x_wconf 83' lang='lat' dir='ltr'><strong>dobro</strong></span> <span class='ocrx_word' id='word_1_318' title='bbox 1667 3907 1975 3963; x_wconf 73' lang='lat' dir='ltr'><strong>sac‘uvani</strong></span> <span class='ocrx_word' id='word_1_319' title='bbox 2020 3911 2221 3981; x_wconf 61' lang='lat' dir='ltr'><strong>pedat.</strong></span> <span class='ocrx_word' id='word_1_320' title='bbox 2271 3938 2351 3946; x_wconf 89' lang='lat'><em>-</em></span> <span class='ocrx_word' id='word_1_321' title='bbox 2400 3905 2507 3961; x_wconf 87' lang='lat' dir='ltr'><strong>Na</strong></span> <span class='ocrx_word' id='word_1_322' title='bbox 2552 3904 2738 3981; x_wconf 76' lang='lat' dir='ltr'><strong>hrptu</strong></span> <span class='ocrx_word' id='word_1_323' title='bbox 2784 3902 3045 3978; x_wconf 69' lang='lat' dir='ltr'><strong>biljes&#39;ka</strong></span> 
     </span>
     <span class='ocr_line' id='line_1_32' title="bbox 361 4007 1288 4086; baseline 0.004 -23"><span class='ocrx_word' id='word_1_324' title='bbox 361 4007 514 4067; x_wconf 86' lang='lat' dir='ltr'><em>XIV.</em></span> <span class='ocrx_word' id='word_1_325' title='bbox 556 4009 757 4085; x_wconf 61' lang='lat' dir='ltr'><strong>vg&#39;jeka</strong></span> <span class='ocrx_word' id='word_1_326' title='bbox 776 4031 796 4066; x_wconf 93' lang='grc'><strong>.·</strong></span> <span class='ocrx_word' id='word_1_327' title='bbox 846 4010 1051 4086; x_wconf 83' lang='lat' dir='ltr'><strong>Super</strong></span> <span class='ocrx_word' id='word_1_328' title='bbox 1099 4010 1288 4068; x_wconf 86' lang='lat' dir='ltr'><strong>Dras.</strong></span> 
     </span>
    </p>

    <p class='ocr_par' dir='ltr' id='par_1_4' title="bbox 359 4111 3043 4295">
     <span class='ocr_line' id='line_1_33' title="bbox 517 4111 3043 4191; baseline 0 -22"><span class='ocrx_word' id='word_1_329' title='bbox 517 4114 702 4189; x_wconf 73' lang='lat' dir='ltr'><strong>Fejdr</strong></span> <span class='ocrx_word' id='word_1_330' title='bbox 765 4114 905 4174; x_wconf 82' lang='lat' dir='ltr'><strong>cod.</strong></span> <span class='ocrx_word' id='word_1_331' title='bbox 966 4114 1113 4191; x_wconf 85' lang='lat' dir='ltr'><strong>dipl.</strong></span> <span class='ocrx_word' id='word_1_332' title='bbox 1174 4116 1386 4188; x_wconf 82' lang='lat' dir='ltr'><strong>Hung.</strong></span> <span class='ocrx_word' id='word_1_333' title='bbox 1433 4114 1479 4171; x_wconf 86' lang='lat' dir='ltr'><em>l</em></span> <span class='ocrx_word' id='word_1_334' title='bbox 1483 4116 1542 4173; x_wconf 85' lang='lat' dir='ltr'><strong>V.</strong></span> <span class='ocrx_word' id='word_1_335' title='bbox 1587 4115 1700 4173; x_wconf 87' lang='lat' dir='ltr'><strong>vol.</strong></span> <span class='ocrx_word' id='word_1_336' title='bbox 1752 4117 1805 4172; x_wconf 88' lang='lat'><strong>3.</strong></span> <span class='ocrx_word' id='word_1_337' title='bbox 1853 4117 2182 4171; x_wconf 80' lang='grc'><em>180-182,</em></span> <span class='ocrx_word' id='word_1_338' title='bbox 2230 4146 2313 4155; x_wconf 89' lang='lat'><strong>—-</strong></span> <span class='ocrx_word' id='word_1_339' title='bbox 2377 4114 2621 4171; x_wconf 80' lang='lat' dir='ltr'><strong>Wenzel</strong></span> <span class='ocrx_word' id='word_1_340' title='bbox 2685 4114 2823 4171; x_wconf 77' lang='lat' dir='ltr'><strong>cod.</strong></span> <span class='ocrx_word' id='word_1_341' title='bbox 2888 4111 3043 4189; x_wconf 84' lang='lat' dir='ltr'><strong>dipl.</strong></span> 
     </span>
     <span class='ocr_line' id='line_1_34' title="bbox 359 4216 2407 4295; baseline 0.002 -24"><span class='ocrx_word' id='word_1_342' title='bbox 359 4216 574 4293; x_wconf 80' lang='lat' dir='ltr'><strong>Arpad.</strong></span> <span class='ocrx_word' id='word_1_343' title='bbox 620 4227 771 4277; x_wconf 84' lang='lat' dir='ltr'><strong>cont.</strong></span> <span class='ocrx_word' id='word_1_344' title='bbox 821 4220 932 4279; x_wconf 83' lang='lat' dir='ltr'><strong>XI.</strong></span> <span class='ocrx_word' id='word_1_345' title='bbox 983 4222 1326 4275; x_wconf 80' lang='lat'><strong><em>528—530.</em></strong></span> <span class='ocrx_word' id='word_1_346' title='bbox 1378 4250 1462 4261; x_wconf 91' lang='lat'><strong>-—</strong></span> <span class='ocrx_word' id='word_1_347' title='bbox 1508 4218 1885 4295; x_wconf 69' lang='lat' dir='ltr'><strong>Kukuljevic‘</strong></span> <span class='ocrx_word' id='word_1_348' title='bbox 1924 4220 2074 4293; x_wconf 84' lang='lat' dir='ltr'><strong>Reg.</strong></span> <span class='ocrx_word' id='word_1_349' title='bbox 2126 4237 2219 4275; x_wconf 85' lang='lat' dir='ltr'><strong>no.</strong></span> <span class='ocrx_word' id='word_1_350' title='bbox 2276 4222 2407 4275; x_wconf 74' lang='lat'><em>854.</em></span> 
     </span>
    </p>
   </div>
   <div class='ocr_carea' id='block_1_4' title="bbox 360 4509 1787 4700">
    <p class='ocr_par' dir='ltr' id='par_1_5' title="bbox 360 4509 1787 4700">
     <span class='ocr_line' id='line_1_35' title="bbox 1598 4509 1787 4590; baseline -0.037 0"><span class='ocrx_word' id='word_1_351' title='bbox 1598 4509 1787 4590; x_wconf 79' lang='lat'><strong>779.</strong></span> 
     </span>
     <span class='ocr_line' id='line_1_36' title="bbox 360 4630 916 4700; baseline 0.011 -7"><span class='ocrx_word' id='word_1_352' title='bbox 360 4630 542 4697; x_wconf 76' lang='lat'><strong>1263.</strong></span> <span class='ocrx_word' id='word_1_353' title='bbox 594 4634 654 4700; x_wconf 90' lang='lat' dir='ltr'>U</span> <span class='ocrx_word' id='word_1_354' title='bbox 695 4632 916 4700; x_wconf 71' lang='grc' dir='ltr'><strong>Βαᾰιι.</strong></span> 
     </span>
    </p>
   </div>
   <div class='ocr_carea' id='block_1_5' title="bbox 800 4805 2587 4892">
    <p class='ocr_par' dir='ltr' id='par_1_6' title="bbox 800 4805 2587 4892">
     <span class='ocr_line' id='line_1_37' title="bbox 800 4805 2587 4892; baseline -0.001 -23"><span class='ocrx_word' id='word_1_355' title='bbox 800 4806 1067 4891; x_wconf 78' lang='lat' dir='ltr'><strong>Kaplol</strong></span> <span class='ocrx_word' id='word_1_356' title='bbox 1106 4806 1302 4870; x_wconf 64' lang='lat' dir='ltr'><strong>bac‘kz&#39;</strong></span> <span class='ocrx_word' id='word_1_357' title='bbox 1341 4806 1662 4892; x_wconf 81' lang='lat' dir='ltr'><strong>uredjuye</strong></span> <span class='ocrx_word' id='word_1_358' title='bbox 1709 4806 1874 4869; x_wconf 76' lang='lat' dir='ltr'><strong>ncke</strong></span> <span class='ocrx_word' id='word_1_359' title='bbox 1920 4805 2151 4889; x_wconf 62' lang='lat' dir='ltr'><strong>zemh‘e</strong></span> <span class='ocrx_word' id='word_1_360' title='bbox 2196 4806 2333 4869; x_wconf 76' lang='lat' dir='ltr'><strong>kod</strong></span> <span class='ocrx_word' id='word_1_361' title='bbox 2376 4806 2587 4868; x_wconf 79' lang='lat' dir='ltr'><strong>Iloka.</strong></span> 
     </span>
    </p>
   </div>
   <div class='ocr_carea' id='block_1_6' title="bbox 361 4978 3046 5157">
    <p class='ocr_par' dir='ltr' id='par_1_7' title="bbox 361 4978 3046 5157">
     <span class='ocr_line' id='line_1_38' title="bbox 519 4978 3045 5061; baseline -0.001 -18"><span class='ocrx_word' id='word_1_362' title='bbox 519 4978 880 5061; x_wconf 88' lang='lat' dir='ltr'><strong>Capitulum</strong></span> <span class='ocrx_word' id='word_1_363' title='bbox 929 4980 1291 5043; x_wconf 88' lang='lat' dir='ltr'><strong>Bachiensis</strong></span> <span class='ocrx_word' id='word_1_364' title='bbox 1337 4981 1600 5043; x_wconf 88' lang='lat' dir='ltr'><strong>ecclesie</strong></span> <span class='ocrx_word' id='word_1_365' title='bbox 1646 4982 1947 5042; x_wconf 88' lang='lat' dir='ltr'><strong>omnibus</strong></span> <span class='ocrx_word' id='word_1_366' title='bbox 2015 4992 2343 5061; x_wconf 88' lang='lat' dir='ltr'><strong>presentes</strong></span> <span class='ocrx_word' id='word_1_367' title='bbox 2388 4981 2626 5043; x_wconf 88' lang='lat' dir='ltr'><strong>litteras</strong></span> <span class='ocrx_word' id='word_1_368' title='bbox 2672 4982 3045 5059; x_wconf 88' lang='lat' dir='ltr'><strong>inspecturis</strong></span> 
     </span>
     <span class='ocr_line' id='line_1_39' title="bbox 361 5090 3046 5157; baseline 0.001 -6"><span class='ocrx_word' id='word_1_369' title='bbox 361 5090 608 5155; x_wconf 81' lang='lat' dir='ltr'><strong>salutem</strong></span> <span class='ocrx_word' id='word_1_370' title='bbox 642 5096 703 5156; x_wconf 91' lang='lat' dir='ltr'><strong>in</strong></span> <span class='ocrx_word' id='word_1_371' title='bbox 737 5095 956 5156; x_wconf 89' lang='lat' dir='ltr'><strong>salutis</strong></span> <span class='ocrx_word' id='word_1_372' title='bbox 1002 5105 1278 5157; x_wconf 88' lang='lat' dir='ltr'><strong>auctore.</strong></span> <span class='ocrx_word' id='word_1_373' title='bbox 1311 5094 1423 5156; x_wconf 90' lang='lat' dir='ltr'><strong>Ad</strong></span> <span class='ocrx_word' id='word_1_374' title='bbox 1453 5097 1891 5155; x_wconf 86' lang='lat' dir='ltr'><strong>universorum</strong></span> <span class='ocrx_word' id='word_1_375' title='bbox 1940 5095 2240 5155; x_wconf 88' lang='lat' dir='ltr'><strong>noticiam</strong></span> <span class='ocrx_word' id='word_1_376' title='bbox 2289 5094 2515 5156; x_wconf 67' lang='lat' dir='ltr'><strong>‚harum</strong></span> <span class='ocrx_word' id='word_1_377' title='bbox 2561 5095 2720 5154; x_wconf 89' lang='lat' dir='ltr'><strong>serie</strong></span> <span class='ocrx_word' id='word_1_378' title='bbox 2750 5094 3046 5154; x_wconf 86' lang='lat' dir='ltr'><strong>volumus</strong></span> 
     </span>
    </p>
   </div>
  </div>
 </body>
</html>
