3797 5795
1618 415 1667 424 —
1728 381 1853 444 195
1909 417 1992 424 —

426 567 626 628 dixit:
688 577 1001 647 quantum
1046 581 1142 630 est
1188 589 1305 648 pro
1354 590 1458 631 me
1519 570 1600 632 de
1662 572 1785 634 hoc
1832 572 1920 632 do
1969 591 2072 632 me
2120 574 2181 633 in
2230 582 2460 634 terram
2527 571 2880 632 secundum
2951 589 3136 632 usum

430 680 707 761 Ragusii.
760 681 949 743 Unde
980 701 1101 743 nos
1129 685 1556 763 prenominati
1601 703 1823 746 comes
1866 697 1931 745 et
1981 685 2220 746 iudices
2264 685 2684 746 iudicauimus
2727 704 2842 764 per
2887 694 3139 746 senten-

431 795 585 854 tiam
630 793 803 875 legis‚
850 804 918 855 ut
964 813 1242 858 comune
1286 798 1545 879 Ragusii
1588 818 1707 878 pro
1754 800 2218 876 prenominatis
2263 800 2545 879 perperis
2593 799 2810 878 uiginti
2857 801 3140 878 quinque

430 910 619 967 intret
679 910 741 967 in
802 911 1241 986 possesionem
1314 912 1377 970 in
1426 914 1952 989 ,prenominatam
2022 914 2275 972 uincam
2342 910 2424 971 de
2463 909 2738 990 Jonceto
2783 911 3138 972 secundum

430 1039 615 1080 usum
643 1019 933 1102 Ragusii;
962 1033 1027 1082 et
1058 1041 1337 1084 comune
1362 1025 1637 1105 Ragusii,
1667 1024 2022 1085 secundum
2057 1024 2234 1102 quod
2267 1043 2385 1086 nos
2417 1023 2852 1098 iudicauimus,
2883 1025 3137 1084 intrauit

431 1135 493 1192 in
541 1132 779 1194 dictam
826 1136 1099 1195 uineam.
1150 1135 1551 1198 Hec.autem
1599 1147 1771 1198 carta
1818 1136 1994 1198 nullo
2040 1139 2409 1197 testimonio
2440 1139 2648 1215 rumpi
2694 1139 2912 1215 possit,
2959 1138 3136 1214 quod

430 1246 732 1307 iudicium
808 1250 1403 1326 prenominatorum
1473 1249 1719 1310 domini
1788 1252 2042 1312 comitis
2107 1261 2172 1310 et
2247 1251 2596 1310 iuratorum
2663 1248 2940 1310 iudicum
3012 1267 3136 1330 ego

427 1359 758 1437 presbyter
804 1361 1075 1422 Pascalis
1118 1372 1182 1423 et
1226 1365 1519 1424 comunis
1566 1365 1846 1424 notarius
1890 1365 2128 1423 iuratus
2173 1363 2438 1424 audiens
2483 1365 2718 1441 scripsi.

602 1475 895 1548 (Szgnum
944 1473 1223 1552 notarit).

616 1665 913 1740 Ortginal
954 1687 991 1724 u
1039 1667 1484 1726 dubrovac'kom
1530 1668 1772 1726 arkivu.
1817 1689 1978 1726 saec.
2031 1668 2210 1727 XIII.

1690 2046 1879 2126 702.

430 2219 631 2298 126¹,
677 2219 787 2287 28.
828 2220 1009 2304 jula.
1057 2220 1117 2286 U
1163 2219 1660 2286 Dubrovniku.

430 2410 848 2494 AVctdbzkkup
896 2409 1310 2474 dubrovaszi
1349 2409 1611 2494 ry'effava
1654 2411 1948 2495 parnz‘cu
1998 2410 2292 2496 t'zmedju
2341 2410 2720 2495 obadvojice
2763 2419 2964 2495 opafa
3010 2415 3134 2476 du-

1363 2522 1717 2586 brovac'kih
1763 2529 2178 2586 samosfana.

609 2714 841 2800 Diuine
888 2715 1287 2793 providentie
1332 2717 1563 2775 iustitia
1612 2715 1692 2776 dc
1739 2715 1879 2775 celo
1926 2719 2275 2794 prospexit,
2309 2716 2571 2794 quando
2619 2717 2856 2777 iudices
2902 2719 3140 2778 consti-

433 2832 551 2889 tuit
582 2847 769 2907 super
800 2838 1016 2901 terraS‚
1062 2838 1131 2888 ut
1176 2827 1406 2888 collata
1441 2830 1624 2910 igitur
1668 2839 1908 2888 starent
1943 2831 2002 2888 in
2035 2829 2384 2911 priuilegi0‚
2429 2829 2658 2889 iudicia
2705 2830 2802 2890 dei
2838 2830 3138 2890 studeant

439 2945 777 3021 unicuique
824 2942 1098 3002 tribuere
1130 2944 1261 3001 iura
1293 2961 1423 3016 sua,
1456 2961 1536 3003 ne
1567 2943 1754 3023 igitur
1795 2942 2076 3003 officium
2112 2954 2398 3004 nostrum
2447 2943 2766 3024 negligere
2805 2943 3137 3005 uideamur

432 3057 775 3117 conuocati
808 3074 1026 3116 sumus
1056 3058 1118 3115 in
1152 3066 1399 3135 partem
1446 3055 1861 3117 solicitudinis
1892 3068 1956 3117 et
1989 3056 2242 3117 laboris.
2289 3054 2453 3118 Cum
2485 3057 2648 3116 inter
2692 3056 3134 3135 presbyterum

442 3168 877 3250 Pauergenum
906 3179 969 3229 et
992 3168 1297 3229 abbatem
1316 3167 1622 3230 Omnium
1644 3169 2028 3230 Sanctorum
2055 3189 2138 3229 ex
2157 3187 2280 3229 una
2301 3180 2479 3247 parte
2505 3182 2568 3229 et
2594 3171 2753 3229 inter
2777 3169 3136 3247 dompnum

426 3279 789 3361 johannem
852 3284 1125 3360 priorem
1189 3281 1452 3342 ecclesie
1502 3282 1747 3341 Rabiati
1794 3300 1908 3341 seu
1955 3282 2251 3344 clericum
2317 3282 2596 3343 Vitalem
2658 3292 3136 3360 procuratorem

436 3396 574 3454 uice
620 3404 682 3455 et
729 3396 993 3457 nomine
1038 3394 1189 3454 dicti
1234 3395 1458 3472 prioris
1503 3414 1586 3453 ex
1631 3394 1844 3465 altera,
1891 3413 2080 3472 super
2127 3395 2298 3455 facto
2344 3393 2673 3455 cuiusdam
2721 3396 3139 3473 possessionis

433 3509 551 3567 site
605 3509 673 3587 in⁴
700 3506 991 3581 Bulent0‚
1030 3525 1248 3567 coram
1296 3507 1482 3567 nobis
1515 3509 1764 3586 questio
1796 3517 2163 3581 uerteretur,
2195 3525 2389 3587 quam
2424 3507 2630 3569 dictus
2663 3505 3136 3589 Paurogenusfl)

440 3619 693 3702 dicebat
722 3620 841 3680 sibi
876 3622 1105 3681 uirtute
1153 3620 1382 3704 iustitie
1426 3622 1759 3700 pertinere,
1804 3619 2161 3681 secundum
2209 3619 2388 3699 quod
2434 3622 2496 3679 in
2543 3639 2660 3679 suo
2692 3619 2916 3680 libello
2939 3622 3140 3681 conti·

436 3733 721 3805 uebatur,
767 3734 945 3793 cuius
990 3743 1176 3794 tenor
1220 3733 1360 3793 talis
1405 3744 1568 3793 erat:
1644 3732 1846 3795 Uobis
1890 3733 2256 3793 uenerande
2301 3744 2482 3811 pater
2529 3732 2791 3793 domine
2837 3730 3138 3799 Allearde

431 3844 537 3905 dei
583 3848 781 3927 gratia
826 3846 1263 3924 arhiepiscope
1310 3846 1586 3927 Ragusii.
1636 3846 1777 3928 Ego
1822 3846 2158 3925 presbyter
2207 3847 2614 3926 Paurogenus
2659 3846 2740 3907 de
2775 3844 3136 3906 Malamuca

438 3959 640 4019 abbas
684 3970 748 4019 et
792 3970 1101 4037 patronus
1144 3958 1409 4019 ecclesie
1456 3956 1764 4019 Omnium
1814 3958 2196 4021 Sanctorum
2246 3960 2384 4019 uice
2432 3968 2495 4018 et
2541 3960 2803 4019 nomine
2849 3958 3130 4017 eiusdem

437 4088 800 4151 conqueror
846 4071 928 4131 de
974 4070 1203 4131 clerico
1252 4071 1445 4132 Vitali
1494 4071 1770 4132 Bodacie
1816 4070 2062 4131 sindico
2109 4082 2520 4151 procuratore
2558 4069 2867 4150 Johannis
2911 4072 3136 4149 prioris

435 4194 654 4245 sancte
687 4182 886 4245 Marie
918 4183 1001 4245 de
1031 4184 1305 4245 Rabiato
1354 4186 1491 4245 uice
1523 4195 1583 4245 et
1619 4186 1879 4245 nomine
1927 4187 2060 4244 eius
2094 4185 2202 4261 qui
2231 4182 2474 4244 detinet
2502 4170 2942 4262 possessiones
2971 4186 3135 4243 ter're

430 4296 703 4358 ecclesie
745 4297 1069 4359 antedicte
1116 4295 1423 4358 Omnium
1473 4295 1858 4359 Sanctorum
1890 4299 2008 4357 site
2039 4298 2102 4357 in
2139 4296 2428 4365 Bulent0,
2460 4298 2636 4357 cuius
2681 4298 2930 4356 termini
2980 4295 3136 4356 tales

430 4421 579 4471 sunt
611 4420 674 4471 et
706 4410 1007 4471 confines,
1038 4410 1253 4471 Primo
1284 4421 1419 4471 tota
1444 4420 1607 4471 terra
1639 4429 1765 4490 que
1796 4421 1893 4471 est
1914 4430 2104 4489 supra
2131 4412 2382 4471 uineam
2418 4408 2725 4471 Omnium
2750 4408 3133 4471 Sanctorum

434 4542 637 4603 usque
682 4524 766 4585 ad
813 4534 1125 4597 montem,
1190 4523 1543 4585 secundum
1603 4520 2094 4602 amplitudinem
2154 4524 2340 4583 uinee
2401 4522 2569 4583 dicte
2614 4532 2677 4581 et
2725 4532 2930 4582 totum
2980 4521 3133 4581 illud

437 4638 839 4710 territorium,
884 4637 1061 4715 quod
1108 4637 1282 4699 uadit
1344 4655 1563 4699 uersus
1607 4636 1969 4708 Bulentum,
2027 4639 2182 4696 item
2243 4638 2382 4695 'tota
2407 4640 2590 4695 ‘terra
2635 4652 2764 4713 que
2809 4645 2904 4695 est
2949 4619 3134 4695 eictra¹

427 4752 686 4811 uineam
733 4769 817 4809 ex
862 4760 1043 4829 parte
1088 4750 1437 4811 occidentis
1482 4769 1596 4829 per
1638 4751 2129 4839 amplum-citra
2174 4749 2466 4810 arborem
2533 4749 2785 4809 duobus
2845 4748 3136 4827 passibus

436 4881 638 4941 usque
694 4862 778 4922 ad
840 4865 1093 4924 uineam
1141 4863 1493 4942 predictam
1543 4872 1606 4923 et
1652 4863 1715 4923 in
1764 4860 2164 4943 longitudine
2207 4877 2409 4940 usque
2454 4861 2537 4922 ad
2585 4873 2892 4922 montem.
2943 4859 3133 4922 Unde

438 4984 595 5053 peto
644 4975 796 5037 mihi
843 4978 1157 5037 rationem
1202 4974 1355 5055 fieri,
1400 4995 1476 5038 ac
1524 4978 1737 5055 ipsam.
1775 4986 2005 5037 terram
2051 4976 2319 5055 nornine
2351 4974 2649 5067 ,eiusdem
2689 4974 2963 5053 ecclesie
3023 4992 3136 5052 per

434 5108 555 5173 uos
622 5091 881 5164 restitui,
948 5090 1051 5150 uel
1097 5092 1291 5151 etiam
1352 5090 1698 5151 adiudicari
1759 5108 1908 5149 cum
1971 5088 2276 5151 fructibus
2337 5088 2485 5150 inde
2545 5088 3131 5167 perceptiset-qui

2926 5235 2959 5269 *
