3797 5795
1585 399 1989 463 —621—

1719 691 1851 770 68.

436 860 634 939 1272,
680 861 784 924 21.
831 859 1196 927 februare..
1248 862 1307 928 U
1351 862 1692 949 Veneeiji.

431 1066 849 1152 Laurencz‘je
904 1068 1173 1153 Tz'epolo
1221 1071 1405 1134 dudd
1444 1072 1766 1136 mletad‘kz'
1800 1075 1976 1158 §alja
2010 1076 2303 1159 plemic‘a
2349 1078 2759 1166 mletad‘koga
2806 1104 2879 1145 za
2928 1084 3135 1149 ,ἐπεκα

815 1182 1116 1245 Kon‘tcli
1154 1183 1189 1245 ι’
1225 1184 1506 1268 ,Μζίείτῃ
1557 1192 1621 1249 te
1655 1208 1750 1271 ga
1789 1194 2165 1271 preporuc'a
2230 1191 2295 1252 T
2286 1190 2730 1276 rogz'ram'ma.

603 1370 984 1434 Laurentius
1029 1373 1326 1455 Teupulo
1357 1376 1457 1439 dei
1489 1381 1690 1459 gratia
1737 1380 2013 1443 Venetie
2059 1392 2177 1443 ete.
2224 1382 2565 1447 Nobilibus
2595 1388 2738 1448 viris
2781 1390 3132 1451 rectoribus

427 1483 792 1565 Tragurinis
837 1498 902 1547 et
945 1487 1229 1549 eiusdem
1277 1500 1442 1551 terre
1487 1492 1872 1553 universitati
1918 1492 2165 1556 dilectis
2208 1496 2328 1557 sibi
2372 1498 2643 1559 salutem
2678 1509 2742 1560 et
2774 1500 3132 1564 dilectionis

426 1596 746 1658 affectum.
794 1596 958 1662 Cum
1005 1602 1286 1663 nobilem
1337 1614 1624 1665 nostrum
1672 1605 1978 1667 dilectum
2016 1609 2079 1668 in
2115 1612 2417 1671 comitem
2468 1608 2735 1674 Curzule
2780 1625 2843 1675 et
2890 1614 3129 1677 Melete

425 1711 884 1787 presentialiter
928 1712 1288 1797 dirigamuS‚
1332 1716 1737 1795 prudentiam
1785 1730 2061 1781 vestram
2108 1723 2557 1802 requirendam
2590 1724 2896 1789 duximus
2934 1740 2998 1790 et
3030 1748 3129 1789 ro-

425 1810 705 1903 gandam
770 1844 884 1903 per
942 1845 1061 1887 nos
1104 1837 1170 1888 et
1213 1839 1504 1890 nostrum
1573 1832 1927 1906 consilium,
1998 1845 2311 1910 quatenus
2378 1838 2659 1899 eundem
2728 1840 3012 1902 nobilem
3062 1855 3125 1904 et

425 1934 718 1997 homines
764 1936 914 1998 dieti
960 1942 1300 2001 comitatus
1344 1943 1836 2005 recomendatos
1870 1944 2179 2008 habentes
2210 1950 2274 2009 in
2306 1950 2439 2024 hiis,
2485 1970 2610 2031 que
2642 1971 2760 2030 pro
2792 1954 2985 2032 ipsius
3030 1975 3125 2016 re-

424 2050 662 2128 gimine
720 2050 1086 2113 faciendum
1149 2053 1454 2131 habuerit,
1499 2057 1782 2118 savorem
1831 2067 2115 2120 vestrum
2160 2070 2224 2121 et
2269 2064 2577 2124 auxilium
2624 2065 2831 2126 taliter
2877 2068 3125 2146 impen-

423 2160 602 2235 datis
665 2163 841 2240 quod
907 2184 1130 2243 preces
1195 2177 1446 2229 nostras
1513 2188 1711 2249 penes
1779 2190 1897 2232 uos
1965 2173 2079 2233 sibi
2149 2177 2426 2235 sentiant
2486 2176 2840 2239 fructuosas
2886 2191 2951 2241 et
2998 2200 3119 2242 nos

421 2286 790 2353 reputemus
834 2277 918 2338 ad
964 2281 1249 2359 gratiam.
1295 2280 1536 2343 Datum
1569 2285 1632 2343 in
1665 2295 1886 2345 nostro
1936 2285 2144 2347 ducali
2189 2288 2428 2366 palatio
2475 2288 2579 2349 die
2625 2308 2797 2351 nona
2829 2305 3113 2354 exeunte

421 2404 644 2449 mense
688 2388 1000 2463 februarii,
1047 2391 1392 2454 indictione
1440 2394 1584 2456 XV.

592 2589 826 2648 Lucius
887 2594 986 2649 De
1047 2614 1235 2669 regno
1295 2596 1660 2655 Dalmatiae
1704 2598 1744 2655 l.
1794 2598 1906 2658 IV.
1956 2620 2007 2659 c,
2060 2606 2135 2668 8.,
2183 2603 2256 2655 17
2264 2606 2317 2655 4.
2365 2636 2449 2643 —-
2516 2602 2753 2659 Lucius
2820 2604 3119 2661 Memorie

416 2694 488 2749 di
541 2695 704 2752 Traia
753 2701 885 2755 108.
938 2732 1013 2741 -
1081 2700 1325 2757 Wenzel
1373 2697 1517 2760 Cod.
1563 2702 1711 2779 dipl.
1777 2703 2012 2779 Arpad.
2078 2713 2229 2761 cont.
2280 2704 2426 2763 XII.
2478 2709 2569 2761 56.
2629 2738 2697 2747 ·-—
2752 2703 2817 2765 K
2813 2706 3127 2783 ukugjevic'

419 2800 568 2873 Reg.
619 2820 714 2859 no,
766 2805 938 2858 1056.

1705 3185 1834 3264 69.

412 3357 613 3437 1272,
659 3362 772 3424 27.
820 3357 1183 3426 februm-a.
1234 3361 1294 3426 U
1341 3360 1695 3446 Zaqrebu.

417 3545 660 3609 David
699 3547 814 3611 sin
865 3551 1086 3613 Puz‘cv
1141 3551 1427 3636 prodaje
1488 3551 1944 3636 arcz'djakonu
2007 3551 2220 3613 Petru
2269 3550 2422 3634 svoj
2462 3551 2636 3614 mlz'n
2684 3574 2732 3614 u
2778 3553 3110 3638 Zagrebu.

588 3738 954 3820 Capitulum
1016 3744 1450 3825 Zagrabiensis
1524 3744 1789 3805 ecclesie
1815 3822 1824 3832 ι
1851 3745 2153 3806 omnibus
2215 3753 2579 3824 presentem
2640 3746 2941 3825 paginam
3024 3747 3114 3806 in-

408 3855 718 3930 specturis
784 3855 1054 3917 salutem
1121 3858 1186 3918 in
1255 3856 1543 3918 domino.
1611 3855 1718 3919 Ad
1785 3859 2221 3919 universorum
2296 3859 2597 3918 noticiam
2662 3856 2886 3918 harum
2956 3861 3115 3918 serie

407 3965 704 4028 volumus
748 3950 1094 4048 pervenire,
1141 3969 1318 4050 quod
1363 3973 1720 4031 constitutis
1765 3989 1985 4032 coram
2048 3970 2235 4032 nobis
2277 3970 2361 4030 ab
2408 3989 2535 4030 una
2580 3979 2760 4050 parte
2806 3973 3112 4052 magistro

411 4081 596 4141 Petro
657 4082 1105 4144 archidiacono
1165 4081 1517 4144 kathedrali
1583 4093 1647 4144 et
1707 4083 1790 4144 ab
1837 4083 2034 4145 altera
2096 4083 2309 4145 Dauid
2356 4081 2486 4143 filio
2550 4083 2771 4143 Powsa
2834 4082 2915 4144 de
2977 4085 3113 4144 vice

408 4205 645 4270 nostro,
691 4195 862 4257 idem
926 4195 1139 4258 Dauid
1200 4196 1533 4277 quoddam
1596 4195 2041 4258 molendinum
2103 4215 2291 4258 suum
2335 4197 2525 4257 situm
2574 4197 2637 4255 in
2682 4193 2876 4257 fluvio
2922 4215 3113 4275 supra

408 4309 746 4382 civitatem,
807 4311 970 4372 inter
1035 4310 1480 4371 molendinum
1540 4320 1829 4371 nostrum
1874 4330 1914 4370 a
1958 4319 2141 4388 parte
2201 4311 2507 4388 superiori
2554 4319 2618 4369 et
2666 4308 3109 4375 molendinum

409 4420 681 4483 filiorum
745 4420 930 4482 Isaak
975 4443 1011 4483 a
1057 4433 1236 4502 parte
1297 4422 1587 4496 inferiori,
1633 4422 1813 4504 quod
1874 4423 1991 4484 sibi
2040 4425 2104 4483 in
2152 4421 2605 4483 concambium
2666 4420 2912 4482 dimidii
2976 4440 3109 4482 mo-

407 4534 644 4596 lendini
706 4537 800 4597 sui
865 4535 1196 4597 existentis
1254 4536 1372 4597 sub
1433 4534 1700 4597 ecclesia
1757 4536 1950 4596 beate
2008 4536 2263 4618 virginis
2324 4535 2444 4596 sub
2508 4545 2729 4595 monte
2798 4531 3029 4608 Grech,
3074 4555 3113 4595 a

405 4647 696 4726 predicto
760 4651 1064 4730 magistro
1125 4649 1313 4710 Petro
1372 4659 1770 4729 provenerat,
1815 4647 2143 4710 confessus
2187 4658 2315 4709 est:
2362 4667 2431 4709 se
2475 4647 2838 4708 vendidisse
2898 4647 3109 4708 eidem

407 4763 708 4842 magistro
739 4761 928 4823 Petro
960 4771 1273 4842 perpetuo
1317 4761 1777 4842 possidendum
1810 4780 1930 4841 pro
1963 4762 2423 4843 quinquaginta
2457 4763 2671 4840 pensis
2702 4759 3109 4821 denariorum

405 4874 748 4949 banalium‚
792 4877 1062 4955 receptis
1121 4877 1204 4936 ab
1265 4874 1517 4950 eodem,
1579 4884 1647 4937 ut
1691 4875 1873 4949 dixit,
1920 4869 2196 4953 quorum
2259 4874 2506 4956 singule
2567 4875 2851 4954 quinque
2911 4893 3109 4953 pense

406 5005 688 5048 marcam
734 4998 888 5049 tunc
934 4991 1242 5068 temporis
1283 4987 1618 5050 faciebant.
1688 4989 1760 5049 In
1807 4989 1987 5049 cuius
2028 4989 2118 5050 rei
2165 4989 2604 5048 testimonium
2649 4996 2978 5067 presentes
3024 4987 3108 5048 ad

404 5101 778 5162 instanciam
827 5103 1110 5180 parcium
1144 5103 1532 5163 contulimus
1562 5111 1783 5163 nostro
1813 5100 2019 5183 sigillo
2050 5102 2495 5162 communitas.
2545 5099 2789 5162 Datum
2834 5100 3108 5162 sabbato
