3797 5795
1805 424 1875 432 -—-
1946 389 2213 451 226——

657 580 883 661 regalis
915 579 1108 640 iudex
1143 578 1367 651 Baroli‚
1412 575 1703 659 Angelus
1748 580 2041 659 puplicus
2086 579 2373 639 eiusdem
2422 590 2584 639 terre
2617 581 2896 640 notarius
2928 590 2993 639 et
3026 579 3359 657 subscripti

657 704 850 754 testes
913 692 1162 752 litterati
1231 692 1313 752 de
1375 692 1604 752 eadem
1669 705 1834 754 terra
1910 695 1993 754 ad
2058 694 2203 756 hoc.
2259 694 2611 773 specialiter
2679 695 3019 753 conuocati
3086 694 3361 771 presenti

656 808 895 883 scripto
941 809 1229 877 iatemur,
1276 803 1455 883 quod
1506 805 1911 883 Lampridius
1944 806 2025 867 de
2058 806 2370 885 Bayslaue
2416 809 2570 868 ciuis
2604 808 2978 888 RagusinuS,
3011 809 3267 867 nuntius
3298 816 3363 865 et

657 927 1030 996 procurator
1092 918 1400 979 nobilium
1449 920 1724 978 virorum
1790 920 2030 980 domini
2083 920 2347 999 Philippi
2398 918 2743 982 Contareni
2790 921 3042 980 comitis
3090 920 3363 1000 Ragusii,

659 1032 956 1103 iudicum,
1021 1030 1524 1091 consiliariorum
1571 1041 1634 1091 et
1681 1033 1875 1092 totius
1938 1033 2356 1093 vniuersitatis
2416 1033 2703 1093 eiusdem
2768 1043 2931 1093 terre
2978 1032 3230 1113 Ragusii
3276 1032 3363 1092 ad

656 1146 1022 1223 subscripta.
1047 1154 1321 1205 statutus
1353 1163 1467 1223 per
1499 1164 1628 1219 eos,
1659 1147 1819 1205 sicut
1850 1165 1964 1223 per
2013 1140 2251 1206 litteras
2283 1165 2507 1206 eorum
2540 1147 2813 1207 directas
2858 1155 3131 1206 statutus
3174 1164 3367 1223 super

655 1258 789 1319 sale
836 1260 1007 1318 curie
1055 1258 1115 1318 in
1166 1256 1467 1337 Syponto
1514 1277 1703 1337 supra
1768 1256 2007 1321 Cannis
2052 1269 2114 1319 et
2166 1258 2416 1332 ssarolo,
2464 1260 2651 1319 nobis
2696 1260 2979 1319 constitit
3028 1258 3366 1319 manifeste

659 1374 1089 1445 consentienS‚
1151 1374 1504 1449 expressim
1555 1374 1616 1432 in
1666 1390 1784 1431 nos
1845 1382 2179 1449 tamquam
2240 1373 2303 1432 in
2368 1391 2518 1433 suos
2580 1371 2873 1445 iudicem,
2934 1374 3250 1432 notarium
3298 1382 3365 1432 et

657 1496 870 1545 testes.
921 1484 1086 1547 Cum
1119 1488 1324 1558 sciret,
1371 1504 1439 1545 se
1488 1504 1618 1545 non
1665 1503 1802 1545 esse
1849 1484 2292 1545 iurisdictionis
2340 1496 2570 1559 nostre,
2616 1486 2918 1546 conuenit
2964 1495 3030 1545 et
3074 1487 3364 1563 promisit

657 1616 736 1657 ac
783 1618 896 1677 per
928 1598 1330 1676 solempnem
1367 1598 1842 1677 stipulationem
1885 1598 2192 1679 obligauit
2224 1618 2291 1658 se
2324 1600 2585 1659 nomine
2616 1609 2680 1659 et
2711 1618 2829 1677 pro
2861 1609 3042 1678 parte
3074 1600 3363 1658 omnium

655 1710 1093 1789 predictorum
1139 1730 1257 1789 pro
1304 1712 1724 1790 prudentibus
1772 1713 1917 1771 uiris
1964 1714 2086 1771 siro
2135 1710 2426 1790 Philippo
2478 1710 2763 1772 Maresce
2808 1724 2873 1773 et
2920 1711 3209 1773 Barnabe
3240 1713 3364 1772 sire

657 1820 894 1904 Angeli
945 1824 1028 1883 de
1071 1822 1354 1884 Bizantio
1399 1824 1646 1885 ciuibus
1693 1824 1901 1885 Baroli
1949 1825 2197 1885 statutis
2243 1843 2432 1902 super
2476 1824 2721 1885 cabella
2767 1824 2911 1886 salis
2957 1834 3021 1885 et
3074 1824 3366 1884 salinaria

661 1938 838 1997 curia
885 1939 947 1996 in.
996 1935 1312 2015 SypontO,
1361 1935 1616 2011 Cannis,
1662 1937 1870 2017 Salpis
1924 1950 1987 1999 et
2037 1938 2266 1999 Barolo
2335 1957 2453 2016 pro
2524 1948 2703 2016 parte
2773 1957 2885 1998 sua
2932 1947 2996 1997 et
3043 1937 3363 1997 sociorum

658 2068 941 2110 suomm.
994 2048 1188 2127 Quod
1236 2050 1500 2127 predicti
1569 2051 1869 2112 dominus
1916 2070 2151 2126 comes,
2200 2051 2458 2126 iudiceS,
2504 2052 2835 2112 consiliarii
2885 2063 2945 2110 et
2996 2052 3370 2110 vniuersitas

657 2163 917 2244 Ragusii
983 2173 1268 2223 emerent
1314 2175 1378 2223 et
1427 2166 1780 2243 reciperent
1824 2166 1909 2225 ab
1956 2166 2196 2226 eisdem
2260 2168 2393 2226 siris
2456 2165 2749 2243 Philippo
2796 2175 2857 2225 et
2908 2164 3199 2224 Barnaba
3263 2162 3367 2224 uel

657 2294 883 2336 eorum
935 2279 1157 2336 nuntio
1206 2296 1321 2356 pro
1354 2288 1534 2356 parte
1567 2296 1679 2338 sua
1711 2290 1773 2338 et
1805 2282 2123 2340 sociorum
2172 2299 2431 2341 suorum
2464 2279 2635 2358 apud
2670 2278 3038 2361 Ragusium,
3068 2277 3368 2338 uidelicet

658 2391 724 2448 in
774 2390 950 2449 molo
998 2389 1284 2450 eiusdem
1332 2401 1495 2451 terre
1542 2390 1624 2451 de
1671 2392 1802 2452 sale
1848 2395 2045 2453 ueteri
2095 2391 2435 2453 salinarum
2484 2391 2758 2471 Syponti
2810 2391 3173 2451 modiorum
3207 2390 3371 2451 duo-

661 2501 870 2563 decim
923 2502 1116 2563 millia
1163 2502 1245 2562 ad
1295 2504 1582 2564 modium
1631 2504 2023 2586 Ragusinum
2076 2516 2139 2565 et
2186 2505 2437 2566 soluent
2484 2508 2575 2566 eis
2622 2506 2724 2565 uel
2770 2524 2993 2565 eorum
3029 2503 3371 2565 heredibus

662 2633 781 2693 pro
850 2618 1056 2694 pretio
1124 2617 1408 2677 eiusdem
1479 2618 1625 2677 salis
1693 2618 1775 2678 ad
1842 2620 2153 2679 rationem
2224 2618 2306 2679 de
2376 2618 2592 2679 solidis
2662 2618 2889 2679 decem
2958 2618 3365 2678 denariorum

661 2746 1026 2807 grossorum
1075 2748 1192 2807 pro
1239 2731 1496 2811 singulis
1564 2745 1826 2791 eentum
1897 2731 2145 2805 modiiS,
2215 2750 2409 2809 quam
2481 2734 2819 2810 pecuniam
2879 2742 3217 2791 teneantur
3278 2732 3370 2789 eis

663 2841 912 2903 soluere
959 2844 1189 2915 statim,
1239 2843 1415 2922 quod
1463 2843 1784 2922 predictus
1828 2844 1919 2905 sal
1968 2844 2157 2905 uendi
2221 2846 2477 2923 incipiet
2526 2864 2639 2924 per
2685 2843 2967 2905 eosdem.
3032 2842 3112 2904 Et
3161 2851 3368 2903 totam

664 2956 1002 3031 pecuniam
1039 2974 1232 3034 quam
1266 2958 1565 3035 incipient
1611 2959 1846 3036 percipi
1880 2978 1994 3036 per
2025 2977 2136 3018 eos
2183 2959 2265 3019 de
2311 2959 2680 3019 uenditione
2735 2957 3018 3018 eiusdem
3069 2956 3231 3030 saliS‚
3275 2959 3367 3017 eis

663 3069 908 3148 integre
973 3069 1384 3150 assignabunt
1432 3081 1494 3130 et
1543 3069 1730 3130 nichil
1793 3071 1948 3132 alias
2009 3071 2245 3132 exinde
2307 3070 2721 3144 exhibebunt,
2768 3070 2979 3131 donec
3025 3073 3102 3130 sit
3149 3072 3239 3130 eis
3286 3069 3367 3129 de

666 3189 806 3240 toto
838 3183 1043 3260 pretio
1074 3182 1338 3259 predicti
1371 3183 1516 3242 salis
1549 3185 1788 3264 integre
1820 3183 2231 3245 satisfactum.
2301 3183 2515 3262 Quem
2550 3183 2809 3261 quidem
2844 3185 3041 3244 salem
3090 3183 3371 3244 debeant

665 3294 943 3372 incipere
989 3293 1269 3355 uendere
1316 3297 1547 3368 statim,
1596 3297 1769 3373 quod
1815 3316 1933 3357 sex
1981 3298 2172 3359 millia
2220 3297 2583 3358 modiorum
2630 3298 2791 3370 salis
2841 3316 2965 3374 que
3019 3297 3187 3356 dicta
3236 3299 3369 3356 vni-

665 3409 929 3467 uersitas
977 3407 1168 3468 habet
1217 3410 1276 3467 in
1311 3409 1608 3489 RagusiO,
1655 3409 1917 3469 uendita
1963 3410 2195 3471 fuerint
2240 3421 2303 3470 et
2350 3407 2853 3492 exem(p)ticata.
2909 3409 3094 3472 Unde
3146 3408 3371 3468 uolun—

667 3520 822 3578 tarie
855 3519 1177 3598 predictus
1226 3520 1633 3598 Lampridius
1679 3525 1940 3582 nomine
1986 3535 2047 3583 et
2096 3541 2211 3602 pro
2258 3537 2438 3602 parte
2488 3523 2919 3602 predictorum
2970 3522 3213 3583 domini
3261 3539 3369 3581 co-

667 3633 852 3692 mitis.
887 3633 1185 3705 iudicum‚
1211 3633 1709 3695 consiliariorum
1758 3648 1821 3695 ct
1853 3637 2275 3696 uniuersitatis
2324 3637 2576 3717 Ragusii
2626 3637 2913 3714 suposuit
2961 3635 3205 3695 eisdem
3244 3637 3369 3694 siro

666 3742 961 3824 Philippo
993 3756 1054 3805 et
1088 3745 1378 3806 Barnabe
1425 3749 1871 3824 recipientibus
1921 3797 2294 3808 .......
2346 3746 2488 3831 (pro
2535 3759 2715 3827 parte
2761 3744 2900 3828 sua)
2950 3760 3013 3808 et
3047 3751 3369 3808 sociorum

665 3875 928 3918 suorum
963 3861 1178 3918 omnia
1212 3859 1383 3919 bona
1415 3861 1766 3921 eorundem
1817 3861 2060 3922 domini
2110 3863 2379 3935 comitis,
2424 3863 2726 3936 iudicum,
2769 3861 3271 3921 consiliariorum
3306 3873 3371 3922 et

667 3972 1089 4032 vniuersitatis
1136 3985 1269 4032 tam
1317 3972 1590 4034 stabilita
1639 3993 1832 4052 quam
1868 3976 2198 4056 (mobilia),
2246 3976 2634 4054 ubicumque
2679 3974 2895 4035 habita
2942 3985 3005 4034 et
3056 3973 3371 4040 habenda,

666 4101 816 4143 cum
879 4095 1196 4163 potestate
1257 4086 1547 4165 capiendi
1610 4100 1673 4147 et
1719 4086 2044 4148 uendendi
2092 4099 2153 4148 et
2202 4107 2269 4148 se
2315 4088 2464 4148 inde
2512 4087 2931 4148 conseruandi
2985 4087 3371 4165 indempnes

666 4197 816 4273 ipsis
865 4246 875 4257 .
925 4246 936 4257 .
985 4247 996 4256 .
1046 4246 1056 4256 .
1107 4245 1122 4259 .
1173 4198 1664 4260 defendentibus
1727 4203 2230 4279 suppositionem
2298 4204 2499 4280 ipsam
2562 4199 2858 4279 predictis
2904 4203 3030 4260 siro
3084 4199 3371 4278 Philippo

667 4320 732 4367 et
780 4309 1070 4372 Barnabe
1114 4331 1232 4390 pro
1280 4323 1458 4390 parte
1506 4332 1619 4373 sua
1666 4322 1728 4373 et
1774 4315 2095 4374 sociorum
2142 4332 2401 4374 suorum
2450 4324 2513 4374 et
2563 4313 2793 4393 quibus
2840 4332 2983 4374 eam
3033 4313 3133 4373 uel
3182 4312 3263 4372 de
3294 4332 3373 4372 ea

670 4423 1073 4485 uendiderint
1117 4426 1201 4485 ab
1248 4426 1547 4485 omnibus
1592 4424 1974 4486 hominibus,
2023 4425 2265 4489 Contra
2312 4445 2437 4506 que
2482 4429 2531 4486 si
2580 4427 2843 4486 fecerint
2890 4445 3055 4505 pene
3106 4428 3370 4486 nomine

669 4549 1066 4614 componant
1097 4539 1362 4617 duplum
1410 4540 1778 4618 quantitatis
1823 4543 2093 4617 pecunie
2138 4543 2338 4618 pretii,
2386 4542 2577 4600 totius
2622 4539 2911 4600 eiusdem
2950 4540 3097 4600 salis
3130 4538 3375 4599 medie-

670 4658 871 4710 tatem
917 4651 1151 4712 scilicet
1183 4653 1344 4730 parti
1377 4655 1545 4732 regie
1577 4654 1746 4712 curie
1778 4663 1839 4712 et
1873 4653 2139 4713 alteram
2187 4653 2601 4714 medietatem
2650 4653 2891 4714 eisdem
2922 4655 3047 4712 siro
3076 4651 3370 4730 Philippo

671 4773 734 4819 et
781 4761 1072 4824 Barnabe
1131 4785 1250 4844 pro
1313 4775 1492 4842 parte
1551 4784 1665 4827 sua
1711 4776 1775 4826 et
1822 4785 2080 4826 suorum
2130 4770 2449 4826 sociorum
2501 4767 2599 4827 uel
2647 4767 2955 4827 heredum
3002 4764 3377 4836 eorundem,

673 4874 860 4936 nichil
909 4879 1052 4938 huic
1097 4880 1334 4957 scripto
1383 4881 1684 4956 oposituri
1735 4890 1796 4940 et
1844 4879 2084 4940 damna
2130 4880 2299 4940 curie
2347 4889 2411 4938 et
2459 4898 2775 4958 expensas
2821 4879 2969 4940 inde
3020 4878 3277 4950 futuraS,
3324 4879 3376 4937 si

673 4986 843 5048 idem
891 4993 1047 5051 sirus
1095 4991 1418 5070 Philippus
1474 5000 1538 5052 et
1570 4990 1895 5053 Barnabas
1942 4991 2375 5065 clamauerint,
2419 4995 2509 5052 eis
2554 4992 2635 5052 de
2682 5011 2799 5052 suo
2846 4992 2997 5053 dare
3038 5001 3380 5052 teneantur

677 5100 822 5162 Hoc
867 5106 1102 5182 scripto
1150 5104 1593 5165 nichilominus
1639 5107 1701 5165 in
1747 5124 1863 5166 suo
1910 5105 2142 5165 robore
2189 5105 2493 5165 duraturo
2540 5105 2852 5183 liceatque
2898 5107 2987 5165 eis
3030 5105 3167 5165 sine
3198 5122 3375 5164 com-
