3797 5795
1662 379 1922 442 —461
1991 415 2071 423 —

511 570 689 628 mino
735 580 956 628 nostro
1003 569 1149 650 regi,
1198 570 1381 630 nobis
1412 579 1476 630 et
1510 569 1659 630 Bele
1691 569 1831 630 duci
1866 572 2071 631 tocius
2104 569 2444 632 Sclauonie
2475 582 2539 632 et
2573 571 2853 645 Croacie,
2885 571 3217 634 karissimo

514 680 643 740 filio
690 691 927 750 nostr0,
973 679 1243 741 fideliter
1286 692 1349 742 et
1396 683 2034 761 inreprehensibiliter
2092 685 2468 756 seruiuisset‚
2516 703 2764 762 nosque
2826 687 3218 768 singulorum

515 796 735 854 merita
780 794 1138 872 ponderare
1182 807 1247 854 et
1291 793 1498 876 dignis
1528 796 1839 857 extollere
1886 796 2341 857 munificenciis
2388 797 2698 870 volumu5‚
2759 810 2826 858 ut
2875 798 3207 869 debemus

514 915 645 964 tarn
678 906 765 965 ob
799 909 1148 968 meritorias
1178 919 1241 968 et
1273 909 1653 987 multiplices
1698 908 2036 970 fidelitates
2077 911 2270 988 ipsius
2313 911 2566 970 comitis
2608 910 2896 992 Gregorii.
2951 912 3218 972 domino

514 1031 733 1079 nostro
779 1021 925 1099 regi,
971 1019 1114 1080 duci
1165 1020 1313 1082 Bele
1358 1020 1689 1082 karissimo
1736 1021 1864 1083 filio
1914 1033 2134 1083 nostro
2179 1041 2256 1082 ac
2303 1023 2486 1082 nobis
2536 1068 3039 1084 .........
3103 1026 3219 1084 im-

510 1149 744 1208 pensas
774 1143 838 1192 et
870 1132 1187 1194 exhibitas
1217 1153 1329 1212 per
1368 1134 1664 1208 eundem,
1711 1145 1845 1195 tum
1896 1135 2043 1213 quia
2091 1135 2377 1195 volentes
2423 1139 2748 1197 vniuersos
2795 1139 2971 1218 regni
3019 1138 3217 1197 nostri

514 1243 761 1304 nobiles
792 1245 873 1305 ad
905 1246 1317 1325 inpendenda
1363 1246 1682 1308 fidelitatis
1728 1266 1923 1326 opera
1971 1248 2157 1308 nobis
2205 1247 2473 1308 reddere
2519 1251 2972 1327 prompciores‚
3022 1262 3218 1310 terras

512 1369 574 1415 et
622 1360 1057 1434 possessiones
1118 1363 1419 1438 ipsorum,
1464 1379 1591 1440 que
1636 1361 1721 1420 ab
1765 1361 1916 1438 ipsis
1961 1360 2245 1421 indebite
2292 1376 2400 1421 aut
2449 1364 2672 1422 iniuste
2720 1365 3064 1423 extiterant
3111 1382 3216 1422 oc-

512 1480 759 1547 cupate,
804 1470 1047 1532 eisdem
1116 1471 1293 1532 reddi
1342 1482 1406 1531 et
1452 1473 1692 1533 restitui
1758 1473 2025 1534 fecimus
2072 1473 2154 1534 de
2199 1476 2409 1555 gracia
2478 1474 2759 1552 pleniori,
2821 1475 3214 1554 sepedictam

515 1629 893 1643 .......
942 1595 1007 1646 vt
1053 1587 1503 1664 premissimuS,
1563 1585 1685 1646 litis
1746 1589 2010 1647 materia
2071 1587 2274 1647 fuerat
2321 1589 2636 1660 suscitata,
2685 1607 2810 1666 que
2855 1591 3058 1648 eciam
3105 1609 3214 1668 per

513 1695 788 1757 sormam
835 1701 1327 1778 composicionis
1371 1701 1656 1778 predicte
1702 1709 1922 1760 nostro
1969 1701 2082 1760 iuri
2129 1711 2420 1772 cesserat,
2468 1721 2552 1761 ex
2598 1701 3019 1779 beneplacit0‚
3066 1721 3218 1762 con-

514 1811 843 1885 niuiencia,
888 1812 1217 1872 voluntate
1262 1823 1325 1872 et
1371 1832 1685 1874 consensu
1749 1813 1992 1874 domini
2065 1815 2260 1876 nostri
2307 1815 2488 1894 regiS,
2533 1832 2608 1873 ac
2655 1814 2834 1874 ducis
2882 1814 3032 1874 Bele
3076 1834 3218 1893 pre—

515 1921 849 1996 dictorum,
874 1935 1235 1985 memorato
1259 1926 1476 1986 comiti
1503 1923 1814 2007 Gregorio
1838 1936 1903 1986 et
1921 1945 2035 2005 per
2065 1944 2212 1986 eum
2245 1928 2372 1986 suis
2404 1926 2745 1987 heredibus
2777 1927 3216 2006 heredumque

514 2038 980 2097 successoribus
1050 2041 1311 2099 nomine
1374 2059 1486 2100 sue
1545 2050 1710 2100 terre
1778 2039 2172 2112 hereditarie,
2233 2039 2645 2113 reddidimuS,
2705 2041 3092 2100 restituimus
3153 2051 3216 2099 et

512 2151 807 2230 resignari
878 2149 1142 2211 fecimus
1208 2171 1321 2230 per
1389 2152 1577 2230 Ipoth
1651 2154 1954 2212 comitem
2026 2150 2542 2233 Seguestiensem
2606 2151 2860 2213 fidelem
2927 2165 3215 2212 nostrum

510 2262 703 2339 pleno
764 2264 912 2336 iure,
956 2264 1221 2342 pacifice
1265 2275 1330 2325 et
1375 2275 1687 2344 perpetuo
1747 2264 2228 2343 possidendam,
2290 2265 2612 2343 predictas
2675 2267 2891 2345 viginti
2955 2283 3216 2340 marcaS,

513 2393 671 2452 quas
718 2377 851 2454 ipse
896 2395 1117 2437 comes
1162 2375 1505 2459 Gregorius
1550 2399 1587 2438 a
1633 2377 1891 2456 prefatis
1953 2377 2205 2456 populis
2270 2380 2502 2438 nostris
2547 2379 2611 2436 in
2659 2377 2864 2438 forma
2913 2379 3216 2457 premisse

511 2491 1004 2566 composicionis
1049 2503 1391 2570 receperat,
1436 2491 1645 2553 eidem
1677 2510 1796 2569 pro
1828 2491 2106 2551 seruiciis
2151 2492 2278 2551 suis
2325 2493 2721 2551 remittentes
2753 2501 2816 2550 et
2850 2490 3212 2551 relaxantes

512 2601 594 2660 de
638 2605 848 2683 gracia
893 2603 1167 2682 speciali,
1211 2622 1291 2663 eo
1339 2607 1593 2682 insuper
1652 2603 1925 2676 adiect0,
1973 2602 2147 2680 quod
2197 2622 2315 2663 nec
2360 2603 2626 2682 predicti
2676 2605 2892 2683 populi
2943 2604 3024 2664 de
3070 2603 3214 2663 villa

517 2714 699 2775 Berin
748 2727 969 2776 contra
1030 2717 1425 2795 sepefactum
1487 2717 1793 2777 comitem
1853 2714 2236 2796 Gregorium
2284 2727 2393 2776 aut
2439 2734 2837 2777 successores
2884 2736 3049 2788 suOS,
3099 2735 3217 2776 nec

511 2828 733 2908 aliquis
778 2829 1162 2890 alteracione
1208 2841 1370 2891 terre
1417 2830 1515 2890 vel
1560 2831 1829 2909 pecunie
1875 2839 2232 2909 prenotate,
2277 2848 2562 2908 vnquam
2624 2829 2904 2909 aliquam
2953 2847 3213 2888 mouere

512 2942 755 3019 possint
814 2944 911 3003 vel
976 2944 1255 3004 debcant
1316 2946 1735 3023 questionem.
1800 2939 1993 3006 Cuius
2044 2954 2207 3002 terre
2255 2945 2460 3021 prima
2525 2953 2711 3015 meta,
2759 2944 2919 3003 sicut
2979 2941 3212 3002 eodem

514 3054 697 3131 lpoth
758 3058 995 3117 comite
1056 3058 1242 3118 nobis
1302 3058 1645 3117 nunciante
1705 3055 2002 3129 constitit,
2049 3057 2266 3134 incipit
2311 3076 2348 3115 a
2397 3066 2568 3116 meta
2615 3075 2777 3116 terre
2838 3056 3212 3116 hereditarie

511 3168 703 3244 ipsius
770 3171 1023 3230 comitis
1091 3168 1379 3251 Gregorii
1441 3168 1711 3249 Juharus
1776 3179 2003 3229 vocate
2049 3188 2086 3228 a
2131 3178 2309 3246 parte
2379 3168 2773 3229 meridionali
2821 3169 2939 3228 sub
2985 3169 3212 3228 arbore

511 3280 619 3352 tul,
666 3280 767 3339 vbi
817 3281 943 3341 due
992 3294 1161 3343 mete
1207 3294 1407 3343 terree
1454 3294 1601 3343 sunt
1646 3293 1873 3355 erecte,
1921 3301 2046 3362 que
2095 3293 2265 3342 mete
2310 3282 2728 3361 procedendo
2777 3300 2992 3342 versus
3037 3285 3213 3360 aqui-

510 3392 724 3454 lonem
786 3406 1083 3473 separant
1146 3397 1348 3474 ipsam
1412 3407 1645 3457 terram
1687 3416 1726 3474 a
1774 3410 1939 3455 terra
1985 3394 2230 3473 Zyman
2278 3407 2341 3455 et
2389 3394 2737 3476 Osscenag,
2790 3395 3024 3455 deinde
3068 3416 3212 3475 pro-

513 3506 680 3566 cedit
728 3526 943 3568 versus
989 3511 1298 3568 orientem
1331 3528 1447 3587 per
1477 3526 1671 3569 vnum
1706 3508 2126 3569 monticulum
2161 3518 2222 3567 et
2253 3510 2545 3587 peruenit
2591 3507 2673 3567 ad
2721 3527 2914 3567 unam
2964 3508 3212 3579 vallem,

518 3638 641 3695 que
685 3631 949 3681 vocatur
1016 3620 1069 3682 F
1071 3632 1236 3682 ertes
1280 3622 1365 3682 ad
1412 3632 1615 3681 metas
1662 3632 1895 3682 terreas
1942 3623 2109 3694 sitaS,
2155 3621 2276 3681 sub
2336 3620 2566 3683 eadem
2635 3622 2861 3680 arbore
2910 3620 3018 3687 tul.
3063 3622 3212 3681 inde

513 3732 802 3794 discurrit
846 3752 1064 3794 uersus
1110 3736 1420 3795 orientem
1466 3744 1530 3794 et
1574 3736 1865 3813 peruenit
1909 3734 1993 3794 ad
2042 3752 2236 3794 unam
2297 3734 2594 3793 arborem
2642 3734 2775 3811 piri,
2821 3734 3211 3793 transeundo

514 3864 706 3905 unam
775 3849 963 3920 uiam,
1009 3867 1123 3927 per
1190 3866 1384 3922 quam
1452 3849 1575 3908 itur
1618 3847 1701 3909 ad
1747 3846 1994 3925 Zyman
2063 3846 2148 3907 ad
2217 3859 2421 3906 metas
2483 3858 2714 3906 terreas
2775 3846 2896 3907 sub
2965 3845 3212 3919 eadem,

512 3960 746 4020 deinde
812 3979 1040 4039 parum
1106 3959 1378 4021 flectitur
1442 3979 1661 4021 uersus
1730 3960 2061 4021 meridiem
2109 3959 2192 4020 ad
2240 3970 2443 4020 metas
2510 3971 2745 4020 terreas
2805 3960 2868 4017 in
2931 3959 3208 4037 quadam

512 4073 689 4145 valle,
736 4074 885 4134 inde
931 4074 1134 4134 tendit
1180 4092 1399 4134 uersus
1444 4076 1755 4134 orientem
1805 4075 1867 4133 in
1914 4092 2045 4133 uno
2093 4073 2366 4154 uirgulto
2416 4072 2592 4149 quod
2639 4072 2866 4132 dicitur
2911 4090 3115 4152 mega,
3148 4073 3210 4131 in

512 4187 686 4246 cuius
755 4186 881 4247 fine
950 4189 1127 4247 iuxta
1197 4206 1389 4247 unam
1458 4188 1629 4247 uiam
1698 4190 1988 4265 peruenit
2034 4186 2116 4246 ad
2164 4196 2367 4246 metas
2433 4194 2686 4257 terreaS,
2731 4202 2856 4263 que
2917 4183 3210 4243 dicuntur

511 4299 842 4379 sceghatar
885 4310 949 4359 et
994 4299 1228 4360 deinde
1293 4318 1638 4379 parumper
1703 4298 2122 4376 procedendo
2189 4299 2364 4357 iuxta
2433 4297 2709 4357 eandem
2779 4298 2946 4357 uiam
2995 4314 3210 4356 uersus

512 4413 820 4473 orientem
888 4415 1179 4490 peruenit
1238 4413 1321 4473 ad
1381 4422 1587 4473 metas
1652 4424 1906 4485 terreaS,
1975 4410 2210 4471 abinde
2276 4420 2493 4470 autem
2563 4408 2956 4469 transeundo
3003 4410 3208 4487 ipsam

511 4527 679 4585 uiam
726 4544 944 4586 uersus
988 4525 1321 4586 meridiem
1366 4527 1656 4604 peruenit
1704 4524 1787 4585 ad
1832 4534 2039 4584 metas
2084 4524 2202 4584 sub
2249 4523 2450 4583 dumo
2512 4521 2903 4603 gumulchyn
2951 4530 3210 4592 erectas

511 4637 744 4698 deinde
774 4649 992 4700 autem
1022 4639 1439 4719 procedendo
1470 4638 1553 4698 ad
1586 4656 1786 4698 unum
1818 4636 2240 4698 monticulum
2288 4637 2575 4715 peruenit
2607 4634 2692 4695 ad
2723 4644 2928 4695 metas
2957 4643 3210 4709 terreaS,

512 4749 745 4812 deinde
791 4751 1122 4813 descendit
1168 4752 1250 4812 ad
1297 4769 1494 4812 unam
1541 4750 1771 4811 uallem
1821 4760 1883 4810 et
1932 4750 2106 4809 uenit
2153 4748 2236 4808 ad
2283 4759 2488 4809 metas
2535 4758 2768 4808 terreas
2815 4767 3031 4809 uersus
3079 4766 3210 4808 me-

512 4863 753 4938 ridiem,
798 4865 1031 4925 abhinc
1090 4864 1506 4944 procedendo
1552 4864 1636 4923 ad
1684 4872 1886 4923 metas
1949 4872 2202 4936 terreas,
2245 4862 2355 4922 ubi
2401 4861 2827 4942 distinguntur
2888 4872 3059 4921 mete
3103 4861 3210 4922 he-

512 4977 803 5039 reditarie
863 4989 1028 5038 terre
1088 4980 1339 5038 comitis
1406 4975 1695 5058 Gregorii
1744 4977 2081 5037 memorati
2122 4973 2392 5054 Juharus
2437 4984 2803 5052 nuncupate
2848 4985 2912 5034 et
2957 4975 3041 5033 ibi
3087 4983 3208 5034 ter-

510 5094 851 5151 minantur.
902 5091 993 5152 Vt
1038 5093 1241 5172 igitur,
1270 5090 1390 5151 hec
1418 5090 1743 5151 restitucio
1774 5098 1940 5149 terre
1972 5087 2296 5166 sepedicte
2341 5087 2536 5147 robur
2581 5088 2868 5165 optineat
2899 5096 3206 5166 perpetue
