3797 5795
1871 446 1948 457 -
2007 415 2136 478 510
2203 452 2281 459 -m

724 610 787 661 et
833 599 1038 661 fidelis
1100 604 1313 664 nostri.
1368 602 1565 664 Anno
1630 605 1954 667 dominice
2017 606 2471 667 incarnacionis
2533 601 2852 668 MCCLX.
2915 622 3110 675 non0‚
3157 601 3272 663 XI.
3319 600 3418 661 ka-

725 712 947 774 lendas
992 716 1271 776 ianuarii.
1318 716 1521 797 Regni
1569 728 1786 779 autem
1834 720 2032 779 nostri
2079 737 2251 779 anno
2299 718 2592 780 XXXIII.
2613 716 2676 798 (ἔ)

895 932 1087 989 Liber
1118 935 1407 1010 privileg.
1456 936 1709 1012 episcop.
1756 936 2024 1010 Zagrab.
2073 938 2182 995 list
2225 942 2323 995 40.

894 1034 1156 1095 'Tkalc‘ic'
1196 1039 1469 1096 Monam.
1520 1048 1773 1116 eptscop.
1824 1038 2104 1115 Zagrab.
2154 1042 2206 1099 I.
2257 1046 2588 1099 144—145.
2637 1074 2714 1083 —
2781 1040 3023 1097 lVenzel
3072 1038 3220 1098 cod.
3271 1038 3417 1109 dipl.

720 1140 951 1216 Arpad.
998 1151 1151 1199 cont.
1202 1144 1311 1202 XI.
1364 1148 1500 1202 484.
1550 1145 1771 1202 donosz'
1814 1155 2029 1219 regest.
2083 1180 2160 1189 --
2209 1144 2584 1220 Kukuljevic'
2623 1146 2771 1219 Reg.
2820 1165 2913 1202 na.
2966 1148 3104 1200 987.

1982 1454 2172 1535 975.

722 1570 924 1637 1269.

720 1760 925 1823 szod
970 1760 1025 1824 i:
1074 1761 1309 1826 lz'stz'ne
1357 1765 1521 1827 Bele
1566 1766 1794 1850 kmgja
1840 1768 2224 1852 ugarskoga
2271 1766 2305 1830 ι’
2341 1767 2746 1851 hrvatskoga
2801 1787 2837 1828 0
2877 1764 3164 1849 posy‘edu
3217 1760 3255 1825 z·
3299 1784 3422 1824 me-

1754 1878 1988 1963 djama
2036 1879 2394 1943 dubz'd'kz'm.

893 2065 1077 2128 Ordo
1146 2067 1489 2129 litterarum
1560 2071 2038 2153 privilegialium
2105 2073 2351 2134 domini
2420 2072 2568 2133 Bele
2635 2074 2798 2153 regis
2845 2072 3068 2149 quarti,
3113 2070 3421 2151 genitoris

717 2181 883 2260 regis
928 2180 1253 2259 Stephani,
1290 2200 1465 2242 anno
1495 2186 1703 2263 gracie
1735 2184 2077 2247 millesimo
2110 2187 2553 2247 ducentesimo
2599 2187 3000 2266 sexagesimo
3049 2202 3234 2244 nono
3281 2183 3422 2243 sub—

719 2302 999 2353 ortarum
1050 2291 1489 2375 (continebat),
1550 2298 1885 2375 quomodo
1947 2302 2166 2359 civitas
2211 2298 2471 2377 Zennye
2517 2308 2580 2359 et
2626 2300 2966 2359 comitatus
3011 2297 3094 2357 de
3143 2294 3422 2358 thhke

718 2403 936 2465 domui
990 2406 1217 2468 milicie
1262 2409 1479 2487 templi
1508 2408 2042 2490 Jehrosolimitani
2090 2415 2462 2491 paruissent,
2509 2430 2669 2491 quas
2712 2413 2828 2491 ipsi
2875 2428 3055 2491 reges
3103 2412 3168 2469 in
3219 2410 3420 2471 forma

716 2521 1201 2597 compositionis
1268 2520 1485 2595 mod0‚
1531 2521 1749 2584 litteris
1810 2527 1871 2584 in
1935 2524 2178 2585 eisdem
2246 2526 2522 2585 seriatim
2591 2523 2928 2603 explicam,
2973 2542 3091 2603 pro
3139 2542 3212 2583 se
3257 2540 3420 2583 rece-

716 2633 976 2710 pissent,
1034 2632 1254 2693 dando
1300 2635 1435 2694 vice
1494 2655 1673 2696 versa
1732 2635 1944 2697 eidem
2013 2637 2234 2697 domui
2283 2638 2504 2716 templi
2551 2639 2929 2699 comitatum
2976 2637 3060 2698 de
3105 2634 3418 2697 owicha

716 2762 863 2805 cum
926 2747 1101 2805 omni
1166 2745 1467 2819 districtu,
1513 2749 1942 2811 iurisdictione
2006 2751 2252 2811 honore
2297 2770 2374 2811 ac
2418 2754 2546 2812 suis
2589 2752 3000 2830 pertinentiis
3045 2748 3246 2828 pleno
3297 2750 3420 2807 iure

715 2868 780 2918 et
812 2860 1191 2921 nominatim
1239 2879 1387 2922 cum
1434 2862 1809 2924 mardurinis
1841 2874 1904 2924 et
1937 2862 2250 2925 descensu
2281 2865 2429 2927 bani
2463 2864 2799 2946 vulgariter
2845 2862 3142 2925 Zulusina
3175 2872 3416 2928 vocata.

716 2991 793 3032 ac
839 2974 1138 3034 omnibus
1206 2974 1555 3036 redditibus
1620 2987 1809 3054 prout
1870 2979 2320 3056 percepissent,
2384 2989 2699 3038 reservata
2765 2977 3036 3038 collecta
3105 2994 3238 3054 que
3305 2992 3414 3052 per

717 3093 923 3145 totam
956 3085 1361 3148 Sclavoniam
1408 3090 1653 3149 ratione
1698 3088 1849 3149 lucri
1897 3107 2150 3150 camere
2196 3092 2364 3172 exigi
2397 3093 2892 3162 consueuissent‚
2922 3091 3420 3168 promississent·

716 3216 842 3273 que
875 3201 1179 3280 magistro
1211 3211 1275 3260 et
1308 3200 1601 3262 fratribus
1632 3200 1901 3262 militum
1936 3201 2175 3280 templi,
2211 3205 2382 3282 ipsos
2405 3213 2469 3264 et
2495 3203 2765 3263 domum
2791 3201 3012 3281 templi
3045 3218 3421 3262 conservare

713 3312 779 3370 in
826 3311 1091 3388 pacifica
1158 3316 1560 3391 possessione
1626 3315 1779 3376 dicti
1847 3317 2190 3377 comitatus
2235 3316 2318 3377 de
2361 3315 2681 3395 Dubycha
2739 3334 2855 3395 per
2915 3314 3087 3375 hunc
3133 3313 3420 3384 modum,

716 3435 782 3484 ut
832 3424 949 3485 hec
1010 3444 1129 3485 nec
1190 3427 1305 3505 ipsi
1366 3445 1548 3508 reges
1606 3446 1728 3488 nec
1787 3447 2010 3490 eorum
2071 3430 2340 3490 heredes
2399 3429 2680 3490 valerent
2741 3439 3099 3501 retractare,
3147 3425 3326 3506 quod
3371 3425 3416 3486 si

716 3537 1014 3608 facerent,
1062 3557 1296 3617 penam
1365 3542 1583 3621 viginti
1650 3559 2006 3602 marcarum
2080 3542 2270 3603 millia
2317 3545 2426 3603 fini
2473 3544 2715 3625 argenti
2788 3545 3198 3614 incurrerent,
3261 3557 3416 3618 quas

716 3650 945 3711 milicie
1012 3651 1235 3731 templi
1303 3652 1548 3714 solvere
1614 3664 1997 3729 tenerentur,
2042 3659 2353 3717 comitatu
2423 3655 2504 3717 de
2567 3656 2884 3734 Dubycha
2947 3653 3416 3732 nychilominus

716 3763 891 3841 apud
951 3764 1221 3824 domum
1283 3776 1599 3826 manente.
1670 3766 1843 3827 Mete
1888 3779 2104 3828 autem
2156 3781 2464 3830 terrarum
2511 3768 2594 3829 ad
2641 3771 2847 3847 ipsum
2911 3770 3292 3828 comitatum
3339 3763 3414 3824 de

713 3874 1049 3954 owycha
1107 3879 1559 3956 pertinentium
1604 3879 1762 3939 tales
1807 3879 2220 3941 haberentur:
2278 3882 2488 3942 Prima
2533 3893 2704 3942 meta
2751 3881 3054 3959 inciperet
3101 3898 3188 3939 ex
3241 3889 3412 3957 parte

714 3985 1185 4068 Gwersenycha
1253 3993 1555 4052 exeundo
1615 3992 1698 4053 de
1756 3993 1943 4066 Zaua,
2004 3995 2108 4054 ubi
2171 4013 2338 4075 aqua
2407 3992 2634 4055 Pwkur
2700 3993 2960 4054 caderet
3027 3995 3090 4052 in
3161 3991 3411 4060 Zauam‚

713 4100 865 4160 inde
923 4119 1037 4180 per
1097 4103 1304 4180 ipsum
1369 4102 1598 4164 Pwkur
1642 4107 1755 4166 iret
1804 4125 1992 4185 supra
2039 4125 2254 4166 versus
2315 4107 2626 4168 orientem
2673 4115 2736 4166 et
2782 4107 3026 4166 veniret
3073 4107 3136 4164 in
3185 4105 3410 4168 locum.

713 4213 820 4273 ubi
870 4211 1359 4296 Ozywpwker(!)
1407 4215 1662 4277 caderet
1695 4219 1757 4277 in
1791 4237 2100 4300 magnum
2149 4218 2392 4292 Pwkur‚
2441 4220 2547 4280 ubi
2596 4230 2808 4279 essent
2854 4218 2982 4278 due
3029 4229 3220 4290 mete,
3270 4215 3408 4276 inde

712 4328 776 4386 in
822 4326 1056 4387 eodem
1126 4327 1553 4407 Ozywpwkur
1612 4333 1902 4391 transiret
1970 4335 2259 4410 superius
2319 4343 2382 4392 et
2444 4332 2700 4393 caderet
2763 4333 2824 4391 in
2873 4331 3154 4392 eundem
3205 4329 3410 4391 Pukur

713 4457 1019 4519 magnum
1066 4451 1129 4500 et
1174 4441 1258 4500 ibi
1306 4453 1517 4502 essent
1584 4442 1709 4503 due
1778 4455 1948 4504 mete
2011 4456 2073 4504 et
2135 4464 2248 4523 per
2313 4446 2593 4506 eundem
2663 4443 2878 4506 Pukur
2945 4447 3061 4504 iret
3129 4444 3405 4523 superius

711 4569 927 4611 versus
972 4563 1279 4628 montem,
1326 4553 1615 4615 dividens
1660 4565 1891 4616 terram
1941 4575 2088 4618 cum
2135 4557 2272 4618 filiis
2320 4558 2550 4630 PetreS‚
2597 4559 2750 4618 item
2797 4561 2861 4618 in
2910 4575 3150 4638 magno
3197 4556 3402 4635 spacio

710 4665 913 4723 exiret
962 4664 1379 4744 Kossachyna
1424 4678 1721 4728 vocatum
1772 4668 2049 4744 fluvium,
2095 4670 2202 4730 ubi
2249 4682 2460 4731 essent
2506 4670 2632 4732 due
2681 4681 2850 4730 mete
2883 4682 2948 4731 et
2977 4689 3092 4749 per
3131 4669 3401 4730 eundem

710 4773 969 4836 fluvium
1017 4777 1308 4838 tenderet
1355 4799 1571 4840 versus
1616 4780 1945 4842 meridiem
2010 4794 2231 4842 contra
2300 4801 2553 4844 cursum
2601 4801 2768 4862 aque
2813 4792 2877 4842 et
2923 4785 3282 4861 perveniret
3325 4779 3399 4840 ad

711 4888 1005 4948 arborem
1058 4888 1210 4964 ibor,
1257 4891 1363 4951 ubi
1410 4911 1647 4972 aquam
1692 4892 1863 4953 illam
1912 4896 2132 4968 exiret,
2175 4895 2283 4956 ubi
2331 4906 2543 4956 essent
2589 4894 2716 4955 due
2760 4907 2950 4967 mete,
2999 4894 3149 4954 inde
3195 4892 3398 4953 eundo

710 5019 824 5079 per
870 5002 1217 5080 quemdam
1264 5001 1525 5064 fluvium
1571 5006 1686 5065 iret
1718 5009 2002 5085 superius
2049 5025 2263 5068 versus
2309 5007 2641 5068 meridiem
2674 5007 2760 5068 ad
2789 5007 3086 5068 arborem
3137 5005 3396 5074 baruth,

711 5113 817 5174 ubi
865 5124 1076 5174 essent
1136 5116 1263 5177 due
1324 5128 1495 5177 mete
1539 5128 1603 5177 et
1650 5118 1797 5177 inde
1856 5118 2274 5180 descenderet
2321 5121 2404 5180 ad
2451 5131 2642 5199 caput
2703 5119 2991 5181 eiusdem
3061 5121 3258 5190 rivuli,
3302 5117 3392 5178 ubi
