3797 5795
1504 443 1587 451 —-
1649 408 1916 471 239—

354 608 717 670 uenturum‚
762 599 1033 676 septima
1080 597 1445 658 indictione.
1488 599 1551 660 Si
1588 609 1803 660 autem
1852 600 2094 660 dictum
2129 620 2405 662 comune
2439 603 2758 684 Ragusine
2802 605 3074 665 ciuitatis

354 710 519 770 ultra
566 710 809 770 dictum
870 713 1215 772 terminum
1261 714 1533 773 tenuerit
1596 711 1803 772 dictos
1846 712 2105 788 solidos,
2149 735 2188 774 a
2234 714 2408 774 dicto
2457 718 2727 777 termino
2775 719 2836 777 in
2883 728 3073 778 antea

352 822 510 882 dicti
555 823 737 883 solidi
785 825 908 884 sint
956 826 1017 883 in
1067 843 1233 902 pena
1280 825 1361 885 de
1410 826 1692 903 quinque
1739 829 1801 886 in
1850 846 1968 886 sex
2014 847 2128 905 per
2173 846 2436 902 annum,
2487 830 2838 890 secundum
2890 830 3068 909 quod

353 935 713 1014 predictum
762 955 1039 998 comune
1085 938 1341 1017 Ragusii
1404 941 1671 998 tenuerit
1718 939 1874 999 illos
1937 939 2079 1000 Hec
2139 950 2354 1002 autem
2416 953 2588 1002 carta
2653 942 2828 1002 nullo
2889 945 3060 1004 testi-

357 1050 579 1108 monio
624 1053 830 1128 rumpi
878 1053 1095 1128 possit.
1143 1051 1249 1112 Hii
1299 1062 1445 1114 sunt
1494 1063 1714 1112 testes:
1764 1052 2068 1114 Dabrana
2103 1053 2472 1132 Lampridii,
2504 1055 2774 1116 Michael
2813 1057 3052 1116 Pezane

346 1160 677 1240 johannes
746 1164 1027 1236 Ranane,
1095 1163 1425 1226 Dimitrius
1492 1166 1573 1225 de
1646 1165 1869 1226 Menze
1931 1176 1995 1227 et
2057 1165 2354 1228 Andreas
2400 1168 2482 1229 de
2541 1169 2816 1229 Benessa
2887 1171 3063 1230 iurati

354 1275 597 1336 iudices
660 1277 977 1357 Ragusini.
1040 1277 1123 1338 Et
1169 1296 1293 1358 ego
1338 1279 1671 1356 presbyter
1717 1279 1992 1340 Pascalis
2038 1291 2100 1340 et
2148 1283 2440 1342 comunis
2488 1283 2742 1363 Ragusii
2791 1284 3070 1343 notarius

352 1390 593 1448 iuratus
640 1392 911 1468 scriptor
953 1409 1095 1450 sum
1143 1401 1205 1450 et
1253 1393 1446 1451 testis.

532 1559 721 1631 (Sejqn
728 1579 765 1614 n
770 1579 827 1614 m
876 1579 951 1615 no
958 1561 1129 1624 tari.)

542 1749 841 1818 original
881 1771 921 1807 u
967 1751 1413 1808 dubrovalkom
1461 1751 1705 1808 arkivu.
1756 1753 1986 1810 Zbirka
2033 1773 2191 1810 saec.
2243 1755 2422 1812 Xlll.

1616 2057 1808 2156 744.

350 2251 554 2316 1262ο
603 2250 662 2314 U
706 2248 1068 2334 Zaqrebu.

358 2441 541 2502 Pred
584 2441 916 2524 kaplolom
974 2439 1426 2524 :agrebac‘kc'm
1477 2443 1960 2528 usfanovljuja
1992 2467 2064 2507 se
2093 2443 2339 2528 zcmlje,
2378 2445 2527 2528 koje
2556 2445 2639 2527 je
2687 2443 2892 2530 kupt'o
2923 2447 3052 2507 ban

1572 2556 1868 2619 Roland.

532 2745 897 2825 Capitulum
948 2747 1384 2827 Zagrabiensis
1428 2747 1693 2807 ecclesie
1725 2749 2026 2809 omnibus
2055 2767 2316 2827 presens
2350 2750 2657 2828 scriptum
2693 2749 3062 2827 inspecturis

344 2860 620 2921 salutem
671 2863 731 2921 in
782 2861 1064 2921 domino.
1115 2858 1221 2921 Ad
1272 2863 1705 2921 universorum
1758 2862 2059 2923 noticiam
2108 2861 2328 2923 harum
2378 2864 2536 2923 serie
2585 2862 2880 2923 volumus
2917 2881 3056 2941 per-

352 2976 585 3047 venire,
610 2973 787 3053 quod
819 2974 1131 3033 accedens
1155 2974 1235 3033 ad
1264 2984 1547 3034 nostram
1580 2977 1978 3052 presenciam
2013 2974 2344 3035 Ladislaus
2376 2994 2598 3035 comes
2623 2974 3057 3055 Zagrabiensis

346 3090 482 3147 vice
515 3102 577 3146 et
611 3090 872 3147 nomine
903 3088 1143 3147 domini
1179 3090 1267 3147 sui
1304 3089 1411 3147 viri
1448 3086 1693 3154 nobilis',
1724 3086 1959 3147 scilicet
1993 3088 2268 3149 Rolandi
2299 3088 2446 3148 bani
2481 3090 2686 3148 tocius
2717 3086 3056 3149 Sclavonie

350 3203 570 3278 petivit
618 3220 699 3260 ex
746 3212 926 3278 parte
974 3214 1187 3260 nostra
1234 3202 1349 3260 sibi
1399 3200 1530 3259 dari
1583 3202 2035 3273 testimonium,
2099 3219 2316 3261 coram
2364 3219 2495 3280 quo
2545 3212 2708 3261 terra
2755 3199 3058 3282 Guergeu

353 3313 531 3373 dicto
577 3314 747 3373 bano
780 3332 897 3391 pro
936 3314 1186 3373 lindree
1220 3311 1349 3374 filio
1386 3312 1577 3373 Marci
1616 3312 1869 3372 vendita
1904 3316 2063 3373 sicut
2095 3312 2213 3373 alie
2245 3313 2422 3373 litere
2469 3326 2684 3375 nostre
2733 3324 3058 3385 testantur,

342 3426 705 3485 secundum
769 3444 1021 3485 cursum
1090 3440 1403 3485 metarum
1450 3429 1511 3485 in
1560 3426 1885 3506 privilegio
1951 3424 2216 3487 Dionisii
2265 3426 2551 3487 condam
2599 3427 2747 3487 bani
2795 3437 3058 3487 conten-

346 3549 558 3599 tarum
605 3552 839 3617 posset.
871 3542 1236 3599 convocatis
1282 3540 1497 3599 vicinis
1529 3550 1590 3599 et
1624 3540 2101 3609 commetanei5‚
2135 3539 2401 3600 limitari.
2443 3540 2579 3600 Nos
2624 3542 2842 3618 itaque
2883 3542 3057 3600 iustis

350 3654 410 3710 in
448 3651 567 3711 bac
598 3663 779 3729 parte
824 3652 1245 3729 peticionibus
1293 3664 1760 3723 concurrentes·‚
1808 3671 2002 3712 unum
2040 3671 2122 3711 ex
2166 3653 2370 3723 nobiS‚
2402 3652 2638 3713 scilicet
2685 3656 3054 3733 magistrum

358 3764 615 3823 Petrum
664 3765 905 3825 dictum
952 3765 1283 3843 pulchium
1332 3767 1839 3825 concanonicum
1910 3775 2198 3826 nostrum
2247 3767 2726 3839 transmisimus
2773 3768 2878 3844 qui
2929 3785 3055 3825 una

350 3896 503 3937 cum
554 3877 850 3938 Ladislao
898 3879 1133 3937 comite
1180 3890 1241 3937 et
1288 3880 1680 3937 cometaneis
1725 3879 2010 3956 predicte
2056 3890 2237 3948 terre,
2268 3897 2540 3957 quorum
2590 3880 2851 3939 nomina
2899 3878 3056 3939 infra

349 3993 777 4055 continentur.
822 3991 905 4050 ad
953 4009 1069 4050 nos
1116 3990 1454 4051 redeuntes
1500 4002 1919 4064 asseruerunt,
1958 3992 2136 4071 quod
2183 4010 2409 4051 omnes
2455 3991 2624 4051 dicte
2669 4002 2832 4051 terre
2879 4010 3055 4051 com-

354 4104 633 4163 metanei
679 4106 1131 4163 convenientes
1163 4122 1351 4181 super
1381 4106 1583 4181 ipsam
1618 4118 1848 4164 terram
1882 4107 1946 4164 in
1977 4105 2330 4182 subscripta
2381 4114 2568 4177 meta,
2614 4106 2776 4165 inter
2809 4104 3055 4183 aliquas

354 4229 562 4277 metas
622 4218 681 4275 in
746 4216 1069 4296 privilegio
1134 4226 1491 4277 memorato
1554 4216 1841 4294 Dyonisii
1892 4218 2037 4278 bani
2087 4226 2438 4289 contentam,
2503 4219 2888 4295 interpositis
2933 4236 3052 4295 pro

355 4330 578 4389 maiori
640 4329 887 4389 cautela
948 4333 1126 4389 novis
1188 4332 1372 4389 metis
1433 4331 1812 4390 unanimiter
1880 4332 2368 4391 concordarunt.
2421 4332 2626 4390 Prima
2676 4342 2846 4390 meta
2893 4332 3052 4389 sicut

352 4451 569 4521 partes
630 4442 814 4501 nobis
878 4444 1225 4503 retulerunt
1258 4444 1503 4520 *incipit
1563 4464 1599 4502 a
1662 4456 1841 4521 parte
1901 4443 2189 4503 orientali
2235 4464 2274 4503 a
2321 4443 2578 4503 fructicc
2645 4442 2946 4515 avellane,
2993 4444 3054 4502 in

350 4574 481 4632 qua
528 4566 625 4615 est
674 4566 843 4616 meta
889 4568 1090 4615 terrea
1136 4566 1197 4616 et
1246 4556 1327 4614 ibi
1377 4566 1471 4615 est
1518 4554 1801 4634 Olprech
1864 4569 2366 4626 commetaneu5‚
2415 4555 2564 4615 inde
2611 4555 2941 4616 descendit
2991 4558 3050 4615 in

350 4668 584 4728 vallem
632 4686 825 4729 unam
872 4668 955 4729 ad
1001 4669 1294 4729 arborem
1344 4678 1565 4748 gertan
1600 4669 1719 4728 sub
1752 4688 1879 4747 qua
1911 4679 2005 4729 est
2039 4680 2210 4729 meta
2257 4679 2461 4729 terrea
2509 4681 2573 4727 et
2618 4687 2732 4746 per
2778 4668 3052 4728 eandem

356 4783 585 4843 vallem
657 4782 985 4842 descendit
1045 4781 1129 4841 ad
1197 4782 1491 4841 arborem
1563 4780 1699 4859 byk
1766 4800 1952 4841 cruce
2022 4784 2356 4862 signatam,
2405 4782 2525 4841 sub
2571 4800 2697 4860 qua
2743 4792 2838 4841 est
2885 4792 3054 4839 meta

354 4907 555 4955 terrea
604 4908 665 4954 et
713 4914 823 4973 per
870 4894 1145 4955 frontem
1193 4894 1407 4955 eundo
1454 4894 1738 4954 eiusdem
1789 4894 1965 4955 vallis
2011 4894 2214 4954 tendit
2261 4894 2345 4954 ad
2395 4893 2619 4965 ilicem,
2659 4893 2894 4953 deinde
2943 4912 3056 4972 per

358 5027 549 5068 unam
612 5008 831 5068 silvam
878 5008 965 5069 ad
1011 5007 1168 5067 duas
1229 5007 1399 5067 ilices
1462 5007 1582 5067 sub
1642 5007 1873 5086 quibus
1921 5018 2015 5067 est
2063 5018 2233 5067 meta
2282 5020 2514 5079 terrea;
2572 5006 2806 5066 deinde
2850 5006 3053 5066 tendit

350 5122 593 5182 directe
664 5140 877 5182 versus
945 5122 1345 5182 occidentem
1418 5120 1501 5181 ad
1569 5121 1817 5181 fontem
1886 5120 2176 5198 Dobryn‚
2239 5124 2414 5181 iuxta
2493 5139 2684 5197 quern
2755 5130 2900 5181 sunt
2969 5140 3054 5181 ex
