3797 5795
1574 363 1841 424 —465
1905 396 1988 403 —

438 569 618 628 super
660 551 782 610 hoc
828 561 1021 612 testes
1054 555 1160 630 qui
1195 571 1385 631 super
1429 554 1740 630 petitione
1786 570 1900 612 sua
1945 549 2143 613 fidem
2174 551 2435 630 plenam
2486 551 2772 612 facerent
2806 552 2866 610 in
2901 550 3140 612 iudicio

436 681 639 724 coram
700 663 902 724 nobis.
963 663 1101 724 Nos
1163 683 1316 725 uero
1379 676 1771 745 memoratus
1830 663 2348 743 archiepiscopus
2410 663 2556 724 hinc
2605 663 2752 725 inde
2797 665 3132 742 proposita

434 775 753 837 audientes
798 787 861 838 et
908 777 1141 839 iuribus
1201 781 1488 856 parcium
1548 778 1920 860 diligencius
1966 777 2297 858 indagatis,
2343 796 2420 838 ac
2465 777 2732 837 testibus
2779 776 3131 850 intellectiS,

438 890 577 966 quia
621 891 995 964 inuenimuS,
1042 891 1221 970 quod
1252 901 1449 952 testes
1478 893 1671 970 ipsius
1704 892 1869 952 Petri
1901 892 2316 951 assertionem
2351 890 2637 951 eiusdem
2685 908 2816 950 non
2863 889 3136 951 affirma-

433 1011 667 1075 uerunt,
712 1013 780 1062 ut
828 1004 959 1082 ipse
1022 1002 1276 1064 dicebat
1339 1013 1403 1064 et
1466 1014 1882 1082 proposuerat
1934 1003 2166 1064 iudicio
2215 1021 2434 1064 coram
2495 1003 2697 1078 nobis,
2759 1003 2872 1065 sed
2919 1007 3133 1081 potius

428 1132 548 1191 que
591 1133 705 1192 per
751 1115 991 1177 dictum
1036 1117 1339 1177 abbatem
1386 1116 1559 1178 fuere
1604 1119 1934 1196 proposita
1979 1115 2454 1188 confirmarunt,
2486 1115 2768 1176 diximus
2798 1125 2861 1175 et
2896 1115 3131 1178 diffini-

426 1228 549 1286 tiue
606 1231 1147 1304 sententiauimus,
1207 1228 1385 1307 quod
1446 1229 1649 1289 abbas
1710 1231 1843 1308 ipse
1889 1241 1954 1289 et
1999 1227 2220 1289 fratres
2264 1231 2357 1289 sui
2406 1228 2692 1290 eiusdem
2759 1230 3125 1290 monasterii

424 1341 678 1401 nomine
724 1341 925 1402 dictas
971 1353 1169 1403 terras
1212 1353 1474 1402 teneant
1518 1352 1582 1402 et
1628 1342 1999 1422 possideant
2044 1340 2307 1419 pacifice
2354 1351 2418 1402 et
2463 1343 2694 1422 quiete,
2725 1353 2914 1421 prout
2962 1345 3124 1403 anti-

424 1454 628 1531 quitus
671 1454 1091 1532 possederunt
1124 1457 1283 1515 etin
1316 1457 1443 1516 suis
1475 1453 1813 1536 priuilegiis
1857 1454 2106 1534 plenius
2152 1457 2531 1527 continetur,
2577 1473 2768 1534 super
2812 1457 3128 1534 petitione

424 1585 534 1626 seu
577 1567 636 1626 in
681 1569 991 1646 petitione
1039 1567 1190 1628 dicti
1236 1568 1403 1629 Petri
1451 1568 1782 1628 silencium
1827 1579 2208 1647 perpetuum
2257 1569 2663 1647 imponentes
2707 1578 2772 1629 et
2817 1570 2908 1629 sic
2939 1587 3130 1647 super

424 1679 601 1740 huius
642 1691 858 1742 nostre
902 1683 1215 1742 sententie
1261 1680 1642 1742 diffinitione
1688 1680 1986 1741 dedimus
2031 1691 2095 1740 et
2141 1681 2587 1756 constituimus
2633 1681 2692 1740 in
2744 1680 3124 1760 pristaldum

432 1791 899 1854 Brathoslauum
943 1805 1160 1855 sancte
1208 1793 1411 1856 Marie
1455 1795 1709 1854 maioris
1754 1794 2055 1855 clericum
2086 1792 2170 1854 ad
2201 1793 2320 1854 hec
2351 1796 2568 1855 omnia
2600 1793 3121 1872 percomplenda.

429 1904 510 1964 Et
538 1923 651 1988 ego
682 1906 887 1968 dictus
918 1907 1366 1968 Brathoslauus
1396 1907 1773 1967 auctoritate
1819 1907 2143 1986 pristaldie
2194 1906 2382 1967 michi
2432 1908 2792 1981 commisse,
2837 1906 3126 1985 predicta

424 2020 635 2079 omnia
676 2029 735 2080 et
780 2020 1029 2102 singula
1072 2024 1157 2082 ita
1205 2040 1343 2081 esse
1390 2020 1692 2082 testificor
1752 2038 1972 2080 coram
2019 2019 2114 2080 his
2159 2022 2399 2080 vocatis
2443 2031 2507 2080 et
2553 2021 2792 2100 rogatis
2837 2020 3127 2093 testibuS,

422 2131 651 2192 seilicet
690 2131 1098 2195 Martinuscio
1145 2134 1226 2194 de
1274 2133 1660 2216 (jancauata,
1708 2131 1932 2194 Marco
1981 2131 2354 2194 Lambardo
2405 2141 2468 2192 et
2515 2133 2667 2192 aliis.

594 2244 722 2326 Ego
784 2245 1173 2307 Laurencius
1234 2246 1337 2307 dei
1400 2247 1601 2327 gratia
1654 2245 1976 2324 Jadrensis
2036 2245 2547 2324 archiepiscopus
2607 2264 2711 2306 me
2757 2245 3114 2324 subscripsi.

596 2357 722 2440 Ego
770 2359 959 2420 Vitus
1001 2371 1220 2420 sancte
1292 2359 1491 2421 Marie
1555 2359 1806 2418 maioris
1870 2357 2135 2418 clericus
2195 2368 2258 2418 et
2312 2356 2635 2438 Jadrensis
2697 2359 2978 2418 notarius
3030 2359 3124 2417 in-

422 2470 610 2530 terfui
651 2481 921 2553 rogatuS,
968 2483 1032 2532 ut
1081 2472 1291 2533 audiui
1342 2472 1506 2532 hanc
1552 2481 1792 2532 cartam
1841 2473 2077 2549 scripsi,
2129 2471 2424 2531 roboraui
2472 2482 2535 2531 et
2581 2473 2763 2552 signo
2810 2481 3122 2531 consueto

437 2585 694 2664 signaui.

610 2700 887 2772 (Signum
935 2701 1215 2759 notarii).

614 2889 895 2963 Ortht‘nal
920 2910 959 2947 u
982 2889 1482 2965 guberngyalnom
1531 2889 1756 2947 arkivu
1796 2910 1838 2947 u
1868 2890 2082 2947 Zadru
2129 2890 2334 2965 meab'u
2380 2889 2638 2965 spisima
2671 2909 2757 2947 sv.
2790 2888 3120 2947 Kn‘evana

440 2994 709 3051 Cassa-tta
756 2995 839 3053 II.
890 3015 985 3051 no.
1036 2996 1123 3051 13.

1668 3286 1863 3367 931.

436 3435 625 3513 1268,
670 3436 777 3499 25.
825 3435 969 3518 maj
979 3454 1041 3500 a.

429 3624 602 3687 Pred
648 3624 979 3709 kaptolom
1021 3623 1729 3710 stolno-bz'ogmdskim
1770 3624 2060 3709 prodaje
2111 3622 2489 3704 Andronik
2540 3622 2654 3686 sin
2718 3622 2966 3687 Petrov
3011 3631 3118 3687 iu-

429 3745 609 3819 panu
654 3737 835 3801 Aba·
875 3740 965 3801 od
1007 3738 1338 3801 Moravc‘a
1398 3738 1596 3822 svoju
1658 3738 1907 3823 zemlju
1951 3739 2043 3801 od
2081 3736 2282 3801 deliri
2315 3736 2527 3821 jul-‘ra
2574 3758 2618 3799 u
2677 3719 3000 3822 Cegvama
3047 3760 3122 3800 za

1518 3856 1632 3935 pet
1672 3852 1977 3915 maraka.

582 4038 994 4127 [CJapitulum
1064 4044 1328 4105 ecclesie
1390 4043 1690 4105 Albensis
1752 4045 2053 4105 omnibus
2125 4042 2353 4106 Christi
2423 4040 2715 4103 fidelibus
2783 4054 3114 4120 presentes

418 4154 635 4217 litteras
700 4159 1073 4235 inspecturis
1140 4158 1410 4218 salutem
1479 4160 1541 4218 in
1602 4158 1871 4217 domino
1940 4158 2412 4235 sempiternam.
2483 4154 2591 4216 Ad
2661 4155 3104 4217 uniuersorum

418 4270 699 4331 noticiam
766 4280 991 4330 tenore
1058 4272 1461 4348 presencium
1524 4270 1820 4333 uolumus
1881 4272 2230 4348 peruenire,
2291 4268 2468 4348 quod
2535 4264 2912 4328 Andronico
2977 4267 3106 4329 filio

414 4380 565 4443 Petri
611 4382 694 4444 de
743 4381 1005 4464 Chegue
1066 4384 1149 4443 ab
1212 4402 1338 4444 una
1398 4394 1577 4463 parte
1624 4395 1686 4445 et
1736 4382 2072 4447 Clemente
2133 4380 2383 4443 officiali
2449 4379 2669 4442 Abrae
2729 4382 2980 4440 comitis
3028 4381 3110 4441 de

414 4493 747 4557 Moroucha
808 4516 926 4575 pro
994 4496 1227 4557 eodem
1290 4497 1557 4557 domino
1618 4515 1735 4557 suo
1798 4515 1881 4557 ex
1942 4496 2138 4557 altera
2196 4512 2413 4554 coram
2477 4495 2662 4554 nobis
2725 4494 3108 4569 constitutiS,

406 4608 567 4669 idem
611 4607 1025 4671 Andronicus
1070 4609 1400 4690 quandam
1462 4620 1693 4670 terram
1757 4628 1942 4669 suam
2003 4606 2417 4669 sessionalem
2479 4617 2754 4685 quatuor
2819 4608 3112 4687 iugerum

400 4723 461 4781 in
494 4720 767 4805 Chegue,
800 4726 979 4783 iuxta
1011 4723 1280 4784 fundum
1329 4724 1497 4783 curie
1543 4722 1826 4784 eiusdem
1862 4723 2112 4783 comitis
2145 4719 2360 4782 Abrae
2391 4742 2429 4781 a
2461 4720 2647 4801 plaga
2697 4719 3094 4781 meridionali

398 4837 791 4910 existentem,
858 4856 977 4915 pro
1042 4838 1325 4915 quinque
1395 4837 1621 4897 marcis
1684 4835 2092 4896 denariorum
2159 4834 2546 4895 stateralium
2614 4833 2824 4894 eidem
2887 4824 3110 4893 comiti

396 4946 607 5010 Abrae
654 4964 749 5011 est
812 4950 1141 5010 confessus
1188 4951 1251 5009 in
1296 4958 1679 5027 perpetuum
1741 4946 2105 5009 uendidisse
2152 4958 2213 5008 et
2263 4948 2468 5024 ipsam
2532 4947 2846 5024 recepisse
2906 4963 3102 5023 pecu-

395 5066 559 5125 niam
614 5064 697 5124 ab
744 5063 999 5124 eodem.
1046 5063 1145 5124 Eo
1192 5072 1540 5140 assumpt0‚
1589 5061 1766 5140 quod
1814 5063 2203 5141 quicumque
2251 5058 2488 5120 dictam
2535 5068 2769 5119 terram
2834 5057 2918 5117 ab
2969 5060 3109 5139 ipso

478 5194 619 5238 con.
670 5195 831 5237 mm„
881 5196 943 5237 v.
2931 5168 3014 5233 30
