3797 5795
1455 292 1853 353 —127—

1559 584 1752 666 636.

328 814 506 892 1259,
552 814 615 876 4.
664 810 929 893 aprila.
978 811 1037 875 U
1082 810 1586 877 Dubrovniku.

325 1018 713 1101 Nadbz'skup
746 1018 1113 1101 dmmzssqje
1141 1024 1537 1079 samostanu
1583 1016 1936 1079 koludrz‘ca
1953 1017 2186 1101 jedna
2221 1020 2398 1081 kuc‘u
2435 1040 2479 1080 u
2513 1021 2995 1084 Dubrovnzku.

477 1230 544 1289 ln
592 1232 853 1289 nomine
920 1227 1159 1288 domini
1229 1245 1434 1287 amen.
1484 1226 1679 1287 Anno
1749 1228 1993 1287 domini
2041 1226 2414 1303 MCCLIX„
2483 1241 2709 1309 quarto
2757 1230 2861 1291 die
2907 1234 2995 1291 in-

321 1353 509 1430 trante
554 1345 788 1403 mensis
833 1341 1057 1420 aprilis,
1088 1344 1149 1400 in
1184 1340 1697 1418 archiepiscopali
1732 1341 1969 1418 palatio
2018 1352 2254 1409 nostrO,
2287 1343 2682 1420 presentibus
2729 1344 2995 1404 domino

320 1455 587 1516 Mattheo
609 1452 672 1536 (1)
718 1454 1053 1533 Theophili
1104 1466 1167 1513 et
1220 1452 1472 1514 Ursatio
1522 1452 1797 1528 Bodacie
1842 1466 1906 1513 et
1943 1454 2151 1515 vitale
2199 1451 2527 1532 Ga(i‘)slavi
2561 1468 2622 1515 et
2659 1456 2993 1537 Mengacia

314 1569 536 1629 clericis
580 1568 913 1649 Ragusinis
980 1576 1043 1626 et
1111 1566 1243 1626 aliis
1309 1566 1708 1645 presentibus
1744 1569 2011 1647 .rogatis
2066 1568 2346 1639 testibus,
2401 1587 2616 1627 coram
2669 1569 2850 1629 nobis
2899 1569 2991 1629 fra

315 1678 579 1741 Aleardo
624 1680 705 1740 de
752 1679 976 1739 ordine
1022 1680 1283 1739 fratrum
1333 1680 1649 1738 minorum
1688 1679 1789 1738 dei
1822 1689 1884 1738 et
1922 1679 2089 1739 sedis
2119 1681 2469 1758 apostolice
2513 1683 2712 1762 gratia
2759 1681 2993 1741 archie-

312 1796 560 1872 piscopo
622 1794 963 1873 RagusinO.
1026 1792 1299 1852 Mathias
1344 1791 1427 1851 de
1475 1790 1723 1851 Balacia
1790 1794 2018 1851 citatus
2063 1804 2125 1851 et
2174 1795 2594 1882 interrogatus
2639 1814 2677 1854 a
2723 1795 2990 1855 domino

317 1906 367 1967 V
374 1906 509 1966 itale
553 1906 633 1965 de
681 1905 959 1965 Bodacia
1021 1907 1333 1965 canonico
1384 1904 1706 1985 Ragusino
1756 1917 2165 1981 procuratore
2212 1917 2272 1965 et
2321 1916 2580 1966 auctore
2627 1910 2990 1968 monasterii

311 2029 511 2094 sancte
554 2018 755 2094 Marie
800 2018 883 2078 de
931 2016 1217 2080 Castelli:
1268 2028 1479 2078 utrum
1528 2019 1661 2095 ipse
1710 2016 1983 2077 Mathias
2030 2030 2192 2077 esset
2241 2021 2566 2097 epitropus
2611 2020 2665 2080 F
2669 2019 2837 2097 ilarie
2870 2018 2991 2097 filie

314 2132 625 2208 quondam
697 2130 1041 2209 Lampridii
1116 2131 1197 2190 de
1265 2130 1607 2203 Stemlozo,
1653 2133 1812 2190 sicut
1881 2132 2328 2192 continebatur
2375 2134 2436 2192 in
2484 2134 2762 2211 quadam
2812 2147 2983 2193 carta

311 2247 651 2303 testamenti
724 2243 887 2304 facta
958 2264 1069 2321 per
1138 2263 1401 2303 manum
1473 2244 1820 2321 presbyteri
1874 2244 2187 2305 Paschalis
2233 2247 2520 2305 canonici
2571 2246 2868 2327 Ragusini
2917 2259 2978 2306 et

310 2358 476 2416 iurati
521 2359 743 2417 notarii
792 2368 1046 2417 ostensa
1092 2368 1155 2416 et
1201 2359 1496 2434 exposita
1541 2358 1689 2429 sibi;
1731 2367 1793 2416 et
1828 2358 2174 2435 respondit,
2219 2358 2394 2437 quod
2442 2361 2544 2418 sie.
2597 2358 2752 2418 Item
2803 2362 2988 2419 inter-

310 2482 551 2551 rogatus
616 2480 829 2529 utrum
899 2469 1131 2529 dumus
1153 2466 1215 2547 (!)
1286 2468 1615 2547 quondam
1687 2470 1879 2547 ipsius
1946 2470 2172 2545 Filarie
2241 2472 2357 2530 sita
2405 2472 2466 2531 in
2516 2470 2748 2550 palude
2808 2472 2986 2532 iuxta

308 2582 620 2642 ecclesiam
655 2584 961 2641 maiorem
996 2595 1214 2657 sancte
1248 2580 1445 2657 Marie
1480 2601 1693 2642 versus
1726 2593 2014 2642 montem
2047 2594 2107 2643 et
2137 2585 2308 2642 iuxta
2344 2584 2612 2644 domum
2661 2584 2987 2644 Michaelis

307 2693 611 2754 Mauresse
657 2713 801 2754 cum
852 2694 1150 2754 omnibus
1196 2697 1323 2754 suis
1369 2696 1763 2772 pertinentiis
1809 2698 2148 2773 pertineret
2182 2697 2264 2755 ad
2299 2699 2391 2756 ius
2423 2697 2572 2757 dicti
2622 2700 2984 2757 monasterii

303 2818 359 2865 et
404 2825 511 2866 sua
556 2820 736 2879 esset,
782 2806 1135 2867 secundum
1169 2808 1343 2884 quod
1378 2808 1438 2865 in
1474 2806 1639 2867 dicta
1676 2820 1846 2867 carta
1878 2809 2340 2868 continebatur.
2389 2809 2762 2887 Respondit,
2810 2810 2983 2888 quod

300 2921 398 2979 sic.
446 2917 603 2982 Cum
675 2923 887 3000 itaque
956 2919 1282 2981 confessus
1330 2923 1389 2980 in
1440 2923 1568 2980 iure
1632 2921 1940 2981 habeatur
2006 2940 2122 2999 pro
2193 2925 2486 2982 convicto
2533 2936 2595 2983 et
2645 2925 2984 3005 unicuique

299 3032 695 3092 tribuendum
742 3034 820 3094 sit
865 3051 1051 3092 suum
1100 3035 1210 3107 iuS‚
1256 3033 1475 3093 habito
1522 3033 1646 3093 deo
1694 3053 1803 3111 pre
1844 3034 2042 3094 oculis
2088 3045 2148 3094 et
2198 3035 2420 3095 ordine
2467 3039 2679 3114 precio
2727 3037 2984 3097 rationis

300 3165 411 3204 nos
456 3146 641 3206 frater
685 3144 1003 3207 Aleardus
1048 3145 1559 3224 archiepiscopus
1607 3147 1958 3227 Ragusinus
2007 3159 2068 3206 et
2115 3147 2468 3208 ordinarius
2514 3149 2708 3208 iudex
2739 3148 2980 3209 dictum

298 3258 597 3319 Mathiam
667 3259 751 3319 ad
820 3258 1290 3346 dicte-domus
1356 3279 1503 3319 curn
1568 3260 1692 3319 suis
1760 3262 2153 3336 pertinentiis
2201 3261 2498 3321 omnibus
2545 3261 2980 3322 dimissionem

300 3372 757 3432 sentencialiter
801 3373 1329 3445 condemnamus
1375 3372 1809 3432 adiudicantes
1841 3392 1985 3432 eam
2020 3376 2079 3433 in
2113 3386 2492 3451 perpetuum
2540 3373 2713 3434 dicto
2763 3393 2983 3434 mona-

291 3487 496 3557 steri0‚
540 3486 713 3563 quod
764 3488 965 3564 ipsam
1012 3486 1242 3545 habeat
1288 3496 1352 3544 et
1398 3485 1717 3562 possideat
1766 3487 1927 3545 sicut
1973 3505 2169 3554 suam,
2201 3489 2676 3546 committentes
2723 3507 2982 3566 quoque

292 3597 553 3657 domino
602 3597 893 3658 Mattheo
940 3598 1273 3676 Theophili
1323 3599 1633 3657 canonico
1684 3599 2023 3678 RagusinO,
2069 3609 2137 3658 ut
2183 3601 2318 3658 vice
2366 3602 2558 3659 nostri
2594 3601 2980 3660 abbatissam

290 3712 547 3770 nomine
591 3730 709 3771 suo
756 3721 819 3771 et
866 3714 956 3771 sui
1006 3700 1370 3770 monasterii
1419 3713 1678 3788 recipiat
1726 3721 1787 3769 et
1834 3722 2050 3788 ponat.
2101 3711 2548 3772 Mandavimus
2595 3731 2855 3791 quoque
2901 3714 2981 3772 de

289 3821 406 3882 hac
474 3827 793 3884 sentencia
862 3837 1073 3884 nostra
1144 3823 1273 3884 fieri
1341 3823 1665 3903 publicum
1735 3825 2244 3898 instrumentum,
2309 3825 2480 3902 quod
2543 3825 2624 3885 ad
2675 3828 2980 3886 maiorem

288 3937 596 3996 cautelam
632 3949 694 3996 et
728 3935 969 3997 firmius
1012 3948 1460 4017 argumentum
1494 3935 1677 4016 sigilli
1709 3939 1903 3995 nostri
1952 3937 2289 4014 pendentis
2335 3938 2566 3998 robore
2615 3940 2978 3999 muniretur.

287 4047 363 4108 Et
410 4067 533 4130 ego
580 4049 845 4110 Bubana
892 4052 1237 4110 canonicus
1286 4051 1640 4130 Ragusinus
1685 4061 1747 4108 et
1780 4053 2200 4127 prenominati
2237 4050 2481 4110 domini
2520 4051 2980 4130 archiepiscopi

296 4163 529 4222 iuratus
572 4164 855 4223 notarius
888 4161 1055 4242 (mii-s
1100 4162 1399 4222 omnibus
1429 4163 1677 4223 interfui
1712 4175 1773 4222 et
1808 4164 1867 4221 in
1903 4163 2134 4222 eodem
2170 4163 2311 4222 loco
2344 4173 2406 4222 et
2439 4163 2666 4223 eadem
2700 4162 2805 4223 die
2843 4184 2982 4242 pre-

287 4275 569 4335 sentibus
613 4275 799 4336 dictis
842 4276 1109 4336 testibus
1152 4288 1412 4356 rogatus
1458 4278 1723 4353 scriptor
1770 4276 1952 4336 extiti
1999 4285 2191 4354 atque
2239 4278 2429 4335 testis.

458 4495 679 4551 zlffattei
720 4495 1021 4551 fllemorz'e
1064 4493 1325 4550 storiclte
1369 4513 1441 4550 su
1494 4495 1765 4566 lt'agusa.
1834 4493 2106 4569 Rukopis
2153 4514 2191 4550 u
2237 4493 2534 4568 knjisim'ci
2576 4493 2750 4549 Male
2797 4494 2982 4550 brac'e

282 4597 663 4654 dubroz‘adke
707 4597 797 4655 br.
851 4603 979 4654 416.
1029 4597 1130 4676 (st.
1181 4597 1270 4656 br.
1322 4600 1488 4659 26²1)
1548 4598 1703 4654 Tam.
1754 4599 1869 4656 Ill.
1929 4605 2111 4656 :3—(5,
