3797 5795
1747 390 2013 455 —260
2074 423 2162 433 —

1851 684 2042 765 760.

595 879 804 955 1263,
851 877 1043 961 prije
1090 878 1196 943 13.
1249 875 1581 943 oktobra.

599 1068 774 1130 Bela
821 1067 1011 1151 kralj
1051 1064 1342 1151 ugarski
1366 1064 1401 1127 ι’
1424 1064 1741 1129 hrvatskz'
1771 1065 2171 1150 potvrdjuje
2192 1066 2437 1150 posy'ed
2464 1066 2949 1151 Kamenskoga
2989 1070 3316 1151 prepoklu

1419 1180 1638 1243 Petra
1685 1178 1720 1241 i
1759 1178 1957 1241 bratu
2005 1200 2121 1241 mu
2170 1176 2485 1263 Andnjz'.

780 1372 928 1433 Bela
961 1373 1062 1434 dei
1095 1374 1304 1453 gracia
1353 1372 1698 1453 Hungarie,
1743 1372 2093 1446 Dalmacie‚
2148 1368 2431 1446 Croacie,
2476 1372 2699 1447 Rame,
2746 1371 2983 1447 Seruie,
3034 1370 3323 1447 Gallicie‚

607 1486 1012 1559 Lodomerie‚
1061 1484 1464 1565 Cumanique
1523 1505 1637 1546 rex
1705 1486 2005 1546 omnibus
2068 1483 2297 1548 Christi
2366 1484 2662 1546 fidelibus
2720 1494 2856 1546 tam
2916 1487 3320 1564 presentibus

606 1618 803 1679 quam
851 1599 1072 1660 futuris
1103 1599 1372 1659 salutem
1405 1600 1469 1659 in
1499 1598 1718 1659 salutis
1764 1599 2077 1679 largitore.
2109 1597 2219 1660 Ad
2251 1600 2691 1660 vniuersorum
2740 1600 3041 1659 noticiam
3090 1599 3318 1660 harum

607 1711 765 1773 serie
796 1712 1091 1773 volumus
1121 1714 1470 1791 peruenire,
1493 1712 1669 1790 quod
1701 1730 1846 1771 cum
1883 1722 2116 1772 terram
2144 1710 2391 1772 Hualus
2424 1710 2507 1771 de
2524 1709 2886 1794 Guerche(l)
2917 1714 3053 1773 sine
3084 1713 3320 1774 herede

607 1825 980 1887 decedentis
1013 1824 1435 1887 Kemenchke
1465 1835 1762 1885 vocatam
1807 1826 1996 1884 sitam
2027 1824 2092 1883 in
2124 1823 2424 1897 confinio,
2472 1841 2668 1902 quam
2700 1822 3063 1903 Stephanus
3106 1825 3319 1886 banus

607 1940 779 1999 bone
849 1939 1157 1998 memorie
1218 1934 1400 2000 Chak
1466 1948 1745 2019 cognato
1812 1956 1931 1997 suo
1999 1937 2351 1998 contulerat
2415 1946 2479 1997 et
2540 1939 2679 2017 ipso
2742 1938 3012 1999 eandem
3085 1948 3321 1999 terram

609 2052 1025 2130 relinquente.
1102 2051 1364 2129 quidam
1443 2050 1781 2129 Myrizlaus
1850 2051 2111 2111 nomine
2181 2050 2427 2127 absque
2501 2062 2719 2111 nostra
2787 2050 3140 2112 collacione
3208 2070 3323 2113 seu

609 2165 972 2226 donacione
1035 2174 1482 2244 occupauerat,
1526 2163 1819 2225 fidelibus
1881 2164 2112 2223 nostris
2161 2164 2465 2245 magistro
2514 2164 2703 2224 Petro
2749 2167 3077 2243 preposito
3124 2162 3324 2227 Chas-

612 2281 814 2340 mensi
862 2290 926 2339 et
974 2281 1276 2359 magistro
1334 2276 1598 2338 Andree
1665 2276 1834 2337 fratri
1906 2277 2194 2338 eiusdem
2263 2276 2675 2350 conferendO,
2737 2296 2851 2356 per
2896 2276 3201 2339 dilectum
3256 2288 3323 2339 et

611 2389 867 2451 fidelem
923 2401 1212 2451 nostrum
1277 2390 1640 2451 Rolandum
1701 2392 1946 2451 banum
2014 2391 2219 2450 tocius
2280 2388 2622 2451 Sclauonie
2690 2391 3181 2451 mandassemus
3224 2410 3319 2452 as·

613 2504 864 2583 signari.
915 2502 1093 2583 Idem
1166 2503 1494 2564 Rolandus
1553 2502 1758 2564 banus
1806 2504 1991 2563 nobis
2036 2504 2098 2562 in
2146 2505 2274 2563 suis
2320 2503 2537 2563 litteris
2583 2504 2916 2579 intimauit,
2961 2504 3137 2584 quod
3184 2506 3322 2584 ipse

612 2617 1032 2694 personaliter
1088 2616 1170 2677 ad
1233 2618 1436 2696 ipsam
1504 2629 1735 2677 terram
1809 2616 2040 2676 nostris
2108 2615 2341 2695 quibus
2400 2616 2535 2676 aliis
2602 2617 2971 2695 prepeditus
3040 2620 3323 2698 negociis

613 2730 922 2790 accedere
955 2732 1292 2808 nequisset,
1324 2730 1642 2790 mittendo
1675 2728 2032 2789 Fabianum
2067 2731 2371 2789 comitem
2405 2728 2896 2810 Zagrabiensem
2928 2729 3014 2790 ad
3046 2729 3323 2791 eandem

617 2844 726 2920 qui
774 2846 975 2923 ipsam
1023 2853 1254 2904 terram
1303 2843 1764 2905 habitatoribus
1809 2842 2180 2904 destitutam
2228 2843 2572 2916 inveniens,
2604 2843 2977 2904 conuocatis
3024 2844 3326 2906 omnibus

617 2959 1079 3018 commetaneis
1111 2967 1174 3018 et
1204 2958 1440 3031 viciniS,
1470 2975 1548 3017 ac
1579 2957 1754 3018 nullo
1787 2956 2285 3030 contradicente,
2316 2955 2594 3017 eandem
2642 2967 2872 3017 terram
2908 2957 3083 3018 dicto
3113 2957 3324 3018 eidem

616 3073 942 3148 preposito
1010 3082 1072 3129 et
1135 3071 1438 3152 magistro
1507 3068 1768 3132 Andree
1829 3067 1995 3129 fratri
2059 3087 2175 3129 suo
2236 3069 2572 3130 statuisset.
2638 3069 2773 3131 Nos
2834 3071 3053 3149 itaque
3098 3073 3326 3132 merita

617 3183 1024 3244 seruiciorum
1075 3185 1268 3261 ipsius
1312 3184 1615 3262 prepositi
1662 3191 1726 3242 et
1775 3183 2057 3262 magistri
2124 3181 2388 3244 Andree
2451 3182 2657 3243 fratris
2701 3185 2793 3243 sui
2842 3184 3031 3244 nobis
3076 3187 3140 3244 in
3186 3186 3329 3262 ipso

620 3296 902 3357 confinio
949 3296 1218 3356 fideliter
1262 3305 1326 3356 et
1372 3297 1760 3356 incessanter
1829 3295 2262 3356 exhibitorum
2323 3294 2748 3370 attendenteS,
2806 3295 3047 3356 dictam
3093 3306 3327 3358 terram
3400 3316 3409 3322 ·

619 3407 831 3469 eidem
894 3411 1219 3488 preposito
1287 3417 1348 3468 et
1411 3407 1582 3468 fratri
1641 3426 1758 3468 suo
1829 3411 2205 3469 auctoritate
2265 3409 2665 3486 presencium
2731 3407 3204 3484 confirmamuS,
3264 3412 3329 3469 in

621 3521 817 3598 ipsius
861 3523 1163 3601 prepositi
1195 3532 1259 3581 et
1293 3522 1573 3602 magistri
1619 3517 1884 3582 Andree
1931 3519 2135 3581 fratris
2180 3522 2271 3581 sui
2306 3539 2381 3581 ac
2428 3520 2738 3581 heredum
2785 3522 3072 3583 eiusdem
3118 3532 3331 3601 potes-

623 3641 756 3692 tate
801 3644 1110 3712 perpctuo
1159 3633 1542 3694 duraturam.
1608 3631 1782 3695 Mete
1827 3643 2045 3694 autem
2092 3635 2285 3712 ipsius
2330 3644 2512 3704 terre,
2558 3644 2749 3712 prout
2794 3634 2857 3694 in
2906 3635 3123 3695 litteris
3166 3635 3330 3696 eius-

623 3745 774 3807 dem
826 3747 1096 3808 Rolandi
1145 3745 1293 3808 bani
1335 3757 1398 3807 et
1451 3746 1601 3807 dicti
1657 3748 1910 3807 comitis
1956 3745 2222 3807 Fabiani
2268 3748 2575 3807 contineri
2622 3746 2918 3820 vidimuS‚
2950 3747 3075 3808 hoc
3106 3748 3331 3808 ordine

623 3860 1066 3942 distinguntur.
1151 3860 1377 3938 Incipit
1436 3863 1608 3921 enim
1678 3862 1882 3939 prima
1947 3869 2117 3920 meta
2164 3879 2201 3919 a
2251 3857 2455 3938 Culpa
2505 3879 2543 3919 a
2587 3869 2769 3938 parte
2839 3860 3220 3922 occidentali
3264 3873 3333 3921 et

625 3973 796 4033 vadit
841 3991 958 4052 per
1003 3991 1192 4033 vnam
1240 3973 1510 4033 mlacam
1559 3972 1757 4033 latam
1807 3991 2024 4032 versus
2069 3971 2475 4033 occidentem
2524 3990 2723 4050 usque
2754 3973 2839 4033 ad
2872 3972 3135 4034 fluuium
3182 3973 3330 4034 Brin

625 4087 806 4146 iuxta
851 4099 1083 4147 terram
1131 4088 1315 4146 castri
1362 4083 1726 4147 Goricensis
1792 4086 1903 4146 ubi
1966 4095 2061 4146 est
2108 4096 2279 4146 meta
2340 4097 2545 4146 terrea
2589 4097 2652 4146 et
2697 4085 2850 4146 inde
2894 4105 3008 4164 per
3052 4087 3333 4147 eundem

625 4196 889 4260 fluuium
939 4198 1082 4258 Brin
1129 4200 1286 4259 etin
1333 4199 1562 4260 eodem
1612 4200 1786 4260 vadit
1832 4201 2035 4260 eciam
2081 4218 2298 4259 versus
2344 4198 2744 4260 occidentem
2793 4218 2994 4278 usque
3040 4199 3125 4259 ad
3170 4199 3332 4260 duas

627 4324 832 4374 metas
892 4323 1141 4386 terreaS,
1203 4314 1264 4372 in
1327 4312 1555 4390 quibus
1614 4323 1762 4372 sunt
1823 4311 1949 4372 due
2014 4312 2275 4372 arbores
2344 4331 2469 4391 que
2532 4312 2863 4394 gertyanfa
2910 4323 3221 4373 uocantur
3265 4314 3331 4373 in

627 4425 782 4486 silua
829 4422 1140 4504 paludosa
1185 4429 1248 4485 in
1297 4445 1421 4503 qua
1467 4425 1638 4484 vadit
1684 4427 1971 4503 superius
2012 4445 2126 4503 per
2172 4435 2375 4486 metas
2419 4437 2655 4486 terreas
2700 4437 2763 4486 et
2810 4429 2988 4508 signa
3036 4428 3099 4486 in
3144 4425 3334 4486 arbo-

629 4538 802 4599 ribus
848 4541 910 4598 in
956 4539 1403 4599 conuicinitate
1463 4549 1626 4598 terre
1672 4540 1858 4597 castri
1928 4555 2131 4615 usque
2177 4537 2261 4597 ad
2307 4541 2550 4599 exitum
2618 4538 2902 4600 eiusdem
2950 4538 3108 4599 silue
3152 4539 3332 4617 palu-

631 4648 805 4724 dose‚
876 4650 976 4710 vbi
1045 4662 1191 4711 sunt
1259 4649 1385 4711 due
1447 4661 1616 4710 mete
1678 4661 1880 4711 terree
1943 4660 2006 4710 et
2073 4650 2223 4711 inde
2292 4651 2465 4712 vadit
2520 4672 2633 4731 per
2677 4653 2905 4713 siluam
2966 4670 3093 4730 que
3138 4651 3338 4734 lignet

633 4775 895 4824 vocatur
939 4782 1134 4838 vsque
1179 4763 1265 4824 ad
1311 4773 1571 4824 stratam
1633 4764 1975 4843 publicam,
2022 4783 2147 4842 que
2193 4765 2368 4825 vadit
2414 4764 2499 4825 de
2544 4765 2808 4826 ecclesia
2870 4769 3069 4825 sancti
3119 4764 3337 4842 Jacobi

637 4894 851 4936 uersus
908 4876 1120 4936 locum
1187 4879 1359 4938 curie
1419 4875 1782 4938 Goricensis
1849 4879 2011 4937 inter
2073 4875 2474 4937 occidentem
2523 4889 2585 4938 et
2632 4878 2961 4938 meridiem
3009 4889 3073 4937 et
3121 4879 3185 4938 in
3232 4876 3337 4937 illa

633 5001 828 5049 strata
871 4989 1123 5067 publica
1169 4990 1341 5050 vadit
1373 5009 1518 5050 cum
1569 4991 1754 5051 metis
1799 4991 2016 5049 terreis
2061 5001 2125 5050 et
2172 4991 2234 5049 in
2282 4990 2475 5072 signis
2523 4991 2585 5050 in
2630 4992 2959 5052 arboribus
3005 5009 3206 5070 usque
3252 4991 3339 5052 ad

637 5103 982 5179 quemdam
1032 5103 1448 5163 monticulum
1485 5105 1660 5164 iuxta
1705 5117 1943 5163 terram
1984 5105 2167 5162 castri
2208 5105 2542 5162 memorati
2591 5114 2653 5164 et
2698 5105 2784 5165 ibi
2832 5104 3045 5165 relicta
3090 5105 3194 5166 illa
3239 5107 3341 5165 via
