3797 5795
1821 415 2235 478 —570—

668 606 897 680 oculis;
942 609 1027 667 ita
1073 617 1139 666 vt
1183 624 1298 686 per
1342 608 1477 667 eius
1522 617 1585 667 et
1630 606 1896 667 aliorum
1961 606 2244 667 fidelium
2307 615 2674 667 nostrorum
2737 606 3124 684 probitatem
3169 608 3380 667 victor

666 719 1011 793 extitimuS,
1054 730 1501 799 recuperantes
1547 720 1734 780 nobis
1778 719 2007 781 clausis
2050 738 2166 798 per
2209 717 2333 780 hoc
2377 720 2788 798 apercionem
2833 718 3098 779 domine
3159 722 3380 801 regine

672 833 985 894 consortis
1046 844 1261 894 nostre
1322 832 1669 907 karissime,
1714 844 1866 893 tunc
1925 850 2050 893 vna
2096 850 2244 893 cum
2290 831 2420 893 filio
2467 842 2690 893 nostro
2751 831 2914 893 duce
2957 830 3266 893 Ladizlao
3313 834 3378 892 in

664 946 1033 1024 captiuitate
1078 948 1479 1025 permanenti
1525 945 2008 1007 absolucionem
2053 956 2118 1007 et
2162 945 2299 1006 aliis
2343 945 2532 1005 nobis
2577 943 3030 1006 adherentibus
3069 944 3374 1006 fiduciam

664 1058 837 1137 apud
883 1077 1005 1119 nos
1048 1058 1486 1137 permanendi.
1537 1059 1731 1120 Porro
1776 1077 1921 1120 cum
1974 1058 2320 1121 Zuetislaus
2387 1058 2808 1139 Bulgarorum
2853 1060 3218 1136 imperator,
3261 1056 3374 1119 ka-

672 1172 951 1233 rissimus
1009 1190 1205 1253 gener
1265 1183 1499 1245 noster,
1544 1181 1697 1232 tunc
1759 1181 1978 1232 nostre
2027 1174 2338 1233 maiestati
2385 1174 2738 1251 opposituS,
2799 1183 3032 1231 terram
3081 1180 3366 1235 nostram

666 1283 748 1345 de
796 1283 1102 1345 Zeuerino
1166 1284 1602 1345 miserabiliter
1665 1284 2077 1359 deuastasset,
2139 1304 2260 1346 nos
2317 1286 2609 1345 iniuriam
2671 1296 2954 1345 nostram
3006 1282 3370 1344 huiusmodi

660 1396 1123 1475 propulsantes,
1169 1416 1319 1458 cum
1364 1398 1449 1457 ad
1495 1396 1856 1479 Bulgariam
1917 1408 2310 1480 congregato
2377 1399 2664 1460 exercitu
2709 1398 3118 1469 venissemuS,
3165 1396 3376 1457 dictus

660 1509 924 1589 Ponych
986 1510 1190 1572 banus
1248 1510 1489 1571 ibidem
1548 1498 1803 1589 incepte
1864 1508 2183 1572 fidelitatis
2250 1510 2479 1573 ardore
2525 1510 2800 1593 flagrans
2846 1522 3122 1572 castrum
3171 1508 3370 1571 Pleun

660 1622 1077 1704 Bulgarorum
1141 1625 1415 1702 optinuit
1474 1623 1932 1704 expugnando
1995 1624 2178 1685 Licet
2241 1628 2456 1703 itaque
2514 1644 2634 1704 pro
2696 1635 2794 1685 tot
2855 1634 2920 1685 et
2979 1624 3174 1685 tantis
3242 1642 3372 1684 ser-

660 1737 967 1797 uiciorum
1031 1737 1269 1797 meritis
1328 1737 1503 1816 apud
1564 1755 1683 1797 nos
1746 1739 1974 1797 merito
2034 1736 2250 1798 fuisset
2313 1739 2907 1799 remuneracionum
2971 1738 3230 1816 premiis
3275 1748 3372 1798 at-

657 1848 973 1922 tolendus,
1004 1850 1088 1910 ad
1120 1851 1290 1931 regie
1322 1860 1537 1910 tamen
1586 1850 1910 1931 dignitatis
1954 1850 2384 1931 gubernacula
2431 1862 2578 1929 post
2625 1861 2885 1911 sanctos
2921 1850 3370 1930 progenitores

657 1974 911 2022 nostros
955 1961 1225 2023 illustres
1253 1981 1437 2044 reges
1472 1964 1797 2044 Hungarie
1826 1982 1911 2023 ex
1944 1962 2158 2023 diuina
2204 1966 2414 2044 gracia
2460 1963 2803 2035 sublimati,
2835 1961 3044 2023 eidem
3094 1962 3362 2040 Ponych

654 2074 825 2135 bano
902 2075 1289 2136 contulimus
1362 2094 1590 2136 omnes
1671 2078 2108 2154 possessiones
2181 2085 2245 2136 et
2321 2086 2524 2137 castra
2601 2076 2849 2137 Nicolai
2923 2076 3030 2137 filii
3106 2077 3364 2136 comitis

652 2184 927 2249 Arnoldi
1004 2189 1266 2249 senioris
1340 2188 1600 2249 inferius
1672 2190 2030 2268 expressim
2103 2200 2462 2263 annotataS,
2537 2208 2664 2268 que
2735 2202 2999 2270 propter
3073 2188 3364 2250 eiusdem
3459 2182 3464 2187 ’

654 2298 926 2379 Nicolay
991 2298 1431 2362 infidelitatem
1479 2312 1543 2363 et
1588 2313 1767 2363 actus
1832 2302 2122 2364 infideles
2187 2302 2271 2363 ad
2340 2321 2569 2363 manus
2636 2312 2886 2363 nostras
2950 2302 3204 2363 fuerant
3249 2301 3364 2362 de-

653 2412 890 2487 uolute,
934 2432 1083 2474 cum
1130 2417 1332 2475 eciam
1380 2417 1514 2475 iure
1543 2417 1620 2476 sit
1653 2415 1999 2494 proditum,
2044 2414 2221 2496 quod
2269 2414 2434 2476 male
2480 2417 2686 2476 meriti
2733 2425 3019 2496 egestate
3065 2413 3364 2475 laborent

652 2535 717 2586 et
763 2526 1015 2587 labores
1060 2529 1376 2607 inpiorum
1426 2530 1565 2588 iusti
1613 2528 1827 2589 edant.
1876 2529 2046 2590 Nam
2092 2548 2238 2590 cum
2284 2538 2434 2608 post
2480 2528 2730 2589 obitum
2798 2528 3066 2608 predicti
3113 2527 3362 2588 domini

650 2642 813 2721 regis
881 2639 1190 2702 karissimi
1261 2644 1457 2720 patris
1524 2643 1719 2701 nostri
1786 2640 2024 2703 Albam
2089 2643 2482 2702 venissemus
2545 2641 2734 2723 regali
2807 2640 3198 2720 dyademate
3267 2642 3359 2699 in-

646 2752 877 2833 signiri,
925 2752 1131 2815 dictus
1192 2752 1497 2815 Nicolaus
1556 2754 1640 2815 ad
1700 2754 2220 2833 solempnitatem
2287 2756 2731 2815 coronacionis
2793 2763 3010 2815 nostre
3073 2773 3207 2815 non
3255 2772 3361 2813 ac-

649 2868 853 2940 cessit,
914 2885 1070 2945 ymo
1130 2868 1351 2946 pocius
1396 2867 1480 2929 ad
1525 2878 1802 2930 castrum
1864 2886 2052 2929 suum
2115 2866 2322 2929 Pliske
2365 2867 2763 2930 Teutonicos
2811 2866 2995 2929 nobis
3041 2877 3106 2929 et
3152 2884 3358 2949 regno

652 2978 980 3061 Hungarie
1026 2981 1108 3040 ab
1154 2981 1420 3060 antiquo
1466 2981 1769 3059 capitales
1814 2982 2105 3042 inimicos
2148 2981 2524 3057 introduxit,
2566 2980 2920 3043 detinendo
2965 2991 3192 3042 contra
3237 2999 3360 3041 nos

644 3093 854 3170 ipsum
904 3104 1180 3155 castrum
1213 3103 1276 3153 et
1308 3092 1602 3154 faciendo
1648 3113 1761 3173 per
1806 3113 1920 3155 eos
1951 3093 2034 3155 de
2064 3107 2273 3156 castro
2304 3095 2540 3156 eodem
2587 3095 2938 3155 occisiones
2979 3111 3360 3172 pauperum,

645 3206 1070 3282 spoliaciones
1135 3224 1396 3285 quoque
1462 3206 1769 3285 plurimas
1828 3221 1893 3268 et
1955 3208 2443 3269 deuastaciones
2509 3225 2642 3267 non
2704 3206 2993 3267 modicas
3053 3208 3356 3268 exerceri.

646 3315 787 3379 Nos
830 3338 999 3390 ver0‚
1046 3321 1153 3396 qui
1186 3337 1271 3380 ex
1300 3320 1577 3398 suscepti
1623 3323 1945 3402 regiminis
1992 3321 2204 3382 officio
2248 3320 2692 3399 indempnitati
2725 3339 2840 3381 seu
2869 3321 3355 3381 conseruacioni

644 3430 997 3491 incolarum
1044 3434 1221 3513 regni
1269 3433 1465 3492 nostri
1513 3445 1807 3494 tenemur
1851 3433 2194 3514 inuigilare,
2240 3452 2387 3494 cum
2435 3431 2798 3510 huiusmodi
2847 3433 3166 3493 maliciam
3197 3432 3348 3493 dicti

648 3540 919 3622 Nicolay
965 3543 1385 3605 voluissemus
1430 3548 1873 3624 comprimere,
1923 3545 2304 3607 Michaelem
2347 3544 2546 3607 filium
2579 3544 2823 3607 Aladar
2851 3554 3008 3606 tunc
3037 3548 3346 3606 comitem

647 3653 1087 3717 Zaladiensem
1150 3670 1412 3736 propter
1472 3658 1759 3719 eiusdem
1818 3660 2144 3738 provincie
2204 3661 2548 3720 tuicionem
2597 3659 2681 3719 ad
2727 3661 3105 3720 comitatum
3175 3659 3354 3720 Zala-

646 3767 936 3831 diensem
996 3771 1349 3852 dirigendO,
1395 3773 1567 3833 idem
1630 3773 1936 3834 Nicolaus
1995 3773 2160 3834 filius
2221 3771 2492 3834 Arnoldi
2557 3783 2620 3833 et
2683 3773 2818 3832 eius
2878 3771 3227 3850 complices
3273 3772 3356 3833 de

646 3891 855 3942 castro
900 3883 1135 3945 eodem
1181 3902 1372 3963 super
1417 3905 1565 3947 eum
1611 3889 1936 3961 irruenteS,
1983 3888 2191 3966 ipsum
2236 3899 2300 3948 et
2346 3885 2617 3964 Mykem
2661 3885 2923 3946 fratrem
2969 3903 3174 3958 suum,
3223 3903 3356 3944 non

644 3997 779 4056 sine
846 4009 1064 4058 nostre
1134 4000 1480 4060 maiestatis
1547 4001 1769 4060 iniuria
1837 3999 2278 4060 miserabiliter
2347 3999 2735 4059 occiderunt.
2804 3997 2890 4058 Et
2959 3998 3104 4058 licet
3178 3997 3350 4058 idem

646 4107 949 4170 Nicolaus
991 4123 1255 4189 propter
1298 4121 1432 4172 tam
1480 4113 1884 4173 manifestam
1947 4111 2384 4173 infidelitatem
2445 4130 2628 4173 suam
2673 4121 2740 4172 et
2783 4113 3106 4172 notorium
3153 4130 3352 4172 nocu-

644 4231 933 4284 mentum
966 4242 1097 4283 non
1131 4234 1261 4284 tam
1294 4225 1803 4303 possessionibus
1834 4244 2028 4305 quam
2061 4227 2194 4285 uita
2222 4227 2453 4303 privari
2485 4224 2825 4298 debuisset,
2855 4223 2940 4284 ad
2969 4226 3348 4286 instanciam

643 4344 859 4396 tamen
907 4337 1284 4399 venerabilis
1328 4340 1523 4417 patris
1565 4335 1839 4419 Ph(ilipi)
1886 4341 2305 4399 miseracione
2357 4336 2572 4398 divina
2623 4347 2843 4398 sancte
2894 4336 3348 4418 Strigoniensis

641 4447 904 4510 ecclesie
966 4450 1438 4530 archiepiscopi,
1484 4455 1545 4512 in
1594 4455 1771 4513 cuius
1832 4450 2220 4512 defensionis
2279 4451 2722 4512 vmbraculum
2785 4469 2854 4511 se
2922 4449 3342 4530 postmodum

640 4563 1061 4636 transtulerat,
1120 4568 1316 4626 vitam
1362 4565 1479 4625 sibi
1526 4584 1611 4626 ex
1659 4565 2089 4626 misericordia
2148 4573 2564 4638 reseruante8‚
2623 4583 2853 4624 omnes
2911 4565 3352 4642 possessiones

640 4686 705 4734 et
749 4687 953 4738 eastra
1000 4695 1114 4738 sua
1159 4678 1243 4739 ab
1289 4680 1428 4756 ipso
1474 4679 1850 4752 auferenteS,
1911 4679 2025 4757 ipsi
2074 4676 2337 4755 Ponych
2383 4676 2558 4737 bano
2605 4687 2670 4738 et
2712 4695 2828 4756 per
2873 4695 3021 4737 eum
3067 4678 3194 4738 suis
3241 4677 3348 4738 he-

638 4787 893 4852 redibus
923 4789 1364 4870 heredumque
1394 4810 1654 4852 suorum
1688 4793 2108 4870 imposterum
2153 4790 2629 4851 successoribus
2673 4768 3078 4863 contulimus
3126 4809 3347 4868 quem-

638 4900 993 4964 admodum
1056 4915 1151 4965 est
1213 4907 1613 4984 premissum,
1658 4905 1790 4964 iure
1849 4915 2162 4982 perpetuo
2223 4912 2287 4963 et
2347 4902 2843 4964 irreuocabiliter
2900 4903 3342 4983 possidendas,

640 5013 955 5078 Videlicet
1002 5028 1279 5079 castrum
1328 5015 1576 5096 Plyske‚
1622 5016 1805 5078 simul
1852 5035 2001 5077 cum
2048 5015 2194 5078 villa
2237 5016 2526 5077 subiecta
2572 5018 2689 5095 ipsi
2735 5027 2964 5090 castr0,
3008 5019 3164 5078 item
3211 5027 3340 5080 tres

638 5127 811 5188 villas
874 5129 1138 5192 Burnuk
1200 5141 1475 5204 vocataS,
1520 5133 1675 5191 item
1737 5128 1950 5190 villam
2009 5129 2286 5209 Terpen‚
2331 5129 2546 5190 villam
2593 5129 2648 5190 F
2651 5130 3078 5209 orcosyulese‚
3122 5131 3341 5192 villam
