3797 5795
1841 391 1909 400 -
1982 357 2259 420 290—

681 548 838 608 dum
916 547 1151 608 carnali
1229 549 1460 626 copula
1537 547 1894 620 subsecuta,
1972 547 2227 608 duxerit
2316 549 2797 608 matrimonium
2878 547 3391 608 contrahendum

680 672 942 740 propter
1004 661 1180 738 quod
1249 663 1516 722 civitatis
1569 659 1890 741 jadrensis
1959 681 2091 740 pax
2151 673 2216 722 et
2276 661 2693 742 tranquillitas
2753 671 3131 740 procuratur
3196 673 3262 722 et
3324 681 3411 721 ex

681 776 859 835 cuius
903 776 1303 853 separatione
1365 784 1582 853 posset
1644 777 1706 834 in
1767 774 1997 836 eadem
2060 776 2329 848 civitate,
2391 785 2581 854 prout
2642 775 2871 836 eadem
2936 774 3142 835 littere
3203 777 3411 836 conti..

683 887 940 960 nebant,
1003 886 1374 948 scandalum
1445 888 1728 960 suboriri,
1796 887 2115 966 provideri
2184 907 2375 966 super
2440 887 2563 948 hoc
2624 887 2708 949 de
2768 887 3162 970 benignitate
3232 888 3405 948 sedis

681 999 1034 1079 apostolice
1109 1019 1492 1061 curaremus,
1565 999 1700 1060 Nos
1775 1002 1963 1082 igitur
2031 1000 2113 1061 de
2188 1003 2760 1079 circumspectione
2827 1012 2935 1062 tua
3006 1001 3266 1079 plenam
3340 1004 3407 1062 in

681 1113 950 1174 domino
995 1113 1295 1174 fiduciam
1361 1113 1742 1180 obtinentes.
1804 1113 2176 1174 fraternitati
2224 1124 2331 1175 tue
2380 1113 2780 1188 mandamus
2825 1126 3161 1194 quatenus,
3206 1117 3257 1174 si
3307 1127 3404 1174 est

685 1229 790 1300 ita,
851 1240 916 1286 et
977 1227 1392 1287 consideratis
1461 1227 1796 1308 diligenter
1840 1228 2329 1288 circumstantiis
2391 1229 2711 1301 universis
2780 1228 3009 1288 videris
3088 1227 3411 1306 expedire,

681 1357 828 1400 cum
880 1340 1232 1400 Prestantio
1264 1351 1326 1400 et
1361 1339 1558 1402 Stana
1607 1339 1909 1418 predictis
1956 1342 2333 1401 auctoritate
2382 1351 2597 1401 nostra
2631 1341 2979 1420 dispenseS,
3026 1351 3097 1400 ut
3138 1340 3407 1419 impedi-

683 1464 904 1512 mento
950 1453 1313 1514 huiusmodi
1364 1473 1493 1515 non
1547 1455 1846 1514 obstante
1879 1455 1940 1514 in
1966 1456 2064 1514 ‘sic
2104 1465 2439 1514 contracto
2490 1455 2898 1514 matrimonio
2940 1455 3190 1532 possint
3235 1453 3405 1514 licite

683 1584 1030 1626 remanere.
1103 1565 1343 1628 Datum
1413 1567 1587 1646 apud
1652 1567 1898 1629 Urbem
1946 1580 2225 1627 veterem
2275 1567 2415 1628 XII.
2463 1566 2773 1628 kalendas
2817 1566 3133 1635 februarii,
3194 1569 3407 1644 ponti-

685 1678 910 1740 ficatus
957 1682 1150 1740 nostri
1200 1699 1372 1740 anno
1421 1681 1524 1741 III.

866 1871 1130 1928 Yltee'ner
1173 1873 1336 1930 silon.
1387 1873 1554 1930 Slaz·.
1604 1873 1756 1930 Aser.
1807 1875 1854 1930 l.
1903 1894 1996 1931 κο.
2049 1875 2164 1930 121.
2210 1881 2315 1930 Str.
2371 1877 2462 1930 89.
2511 1873 2575 1930 lz
2624 1893 2743 1945 reg.
2786 1891 2891 1930 an.
2946 1870 3065 1929 Ill.
3112 1881 3200 1947 ep.
3248 1873 3396 1928 226.

665 1976 796 2052 sol.
845 1980 976 2034 106.
1043 2009 1126 2017 ——
1191 1977 1434 2034 ll'enze’l
1483 1978 1622 2035 Cod.
1669 1978 1900 2054 Arpad.
1964 1977 2130 2035 I’lll.
2179 1981 2310 2035 100.
2368 2011 2451 2018 —
2506 1977 2788 2034 Posthast
2830 1977 2985 2048 Reg.
3030 1977 3263 2052 pontif.
3315 1975 3401 2032 ll.

687 2101 782 2136 ne.
835 2084 1070 2138 18.786.

1946 2452 2137 2531 785.

688 2659 891 2739 1264,
938 2661 1045 2724 23.
1085 2660 1426 2743 januam.
1474 2660 1533 2727 U
1579 2659 2036 2728 Cittaveehii.

709 2849 944 2913 Urbem
998 2849 1038 2911 Ι
1055 2849 1124 2912 V.
1169 2857 1346 2935 papa
1393 2851 1673 2936 predaje
1719 2850 2121 2935 Gualterz'ju
2184 2850 2739 2915 ›nalobrac‘anz'nu
2800 2850 2997 2936 brzgru
3063 2872 3137 2913 za
3202 2851 3415 2914 crkvu

1837 2967 2261 3051 zagrebacfku.

865 3156 1160 3218 Urbanus
1219 3160 1558 3236 episcopus
1605 3178 1819 3219 servus
1865 3178 2193 3219 servorum
2243 3158 2342 3218 dei
2395 3158 2631 3219 dilecto
2679 3156 2809 3218 filio
2856 3158 3027 3218 fratri
3078 3155 3411 3219 Gualterio

684 3267 769 3327 de
829 3269 1054 3329 ordine
1117 3269 1378 3329 fratrum
1447 3270 1764 3332 Minorum
1829 3273 2292 3351 penitentiari0‚
2354 3270 2688 3351 capellano
2759 3283 2820 3331 et
2896 3272 3120 3331 nuntio
3186 3283 3409 3331 nostro

698 3382 970 3442 salutem
1039 3393 1101 3442 et
1165 3384 1580 3461 apostolicam
1653 3385 2187 3445 benedictionem.
2267 3385 2435 3444 Inter
2481 3383 2634 3445 alias
2678 3382 3133 3445 sollicitudines
3178 3383 3413 3463 quibus

677 3494 932 3555 assidue
979 3498 1327 3574 premimur
1368 3498 1648 3579 cogitare
1697 3516 1812 3557 nos
1857 3500 2172 3569 convenit,
2220 3510 2289 3557 ut
2336 3498 2599 3557 ecclesie
2646 3515 2720 3557 ac
2768 3496 2871 3556 ille
2916 3495 3222 3574 precipue
3271 3514 3400 3573 que

679 3618 832 3666 sunt
877 3610 1221 3687 episcopali
1285 3610 1592 3691 dignitate
1655 3610 1901 3689 predite
1947 3613 2010 3669 in
2057 3622 2226 3671 statu
2286 3610 2630 3688 tranquillo
2678 3622 2737 3670 et
2785 3628 3097 3688 prospero
3144 3626 3405 3667 conser-

681 3730 924 3779 ventur.
962 3720 1131 3783 Sane
1163 3723 1428 3785 ecclesia
1447 3724 1882 3804 Zagrabiensis
1914 3726 2183 3803 pastoris
2214 3724 2442 3784 solatio
2476 3723 2795 3795 destituta,
2820 3742 2941 3782 nos
2971 3720 3401 3781 venerabilem

677 3829 939 3894 fratrem
975 3848 1259 3896 nostrum
1293 3836 1708 3898 Timotheum
1742 3836 2234 3918 Zagrabiensem
2266 3840 2659 3916 episcopum,
2689 3845 2843 3896 tunc
2875 3834 3401 3895 archidiaconum

680 3942 766 4004 de
821 3945 969 4007 Zala
1015 3950 1076 4007 in
1124 3949 1388 4010 ecclesia
1452 3950 1931 4027 Vesprimiensi‚
1990 3951 2457 4012 subdiaconum
2506 3964 2569 4010 et
2616 3948 3019 4028 capellanum
3084 3957 3398 4019 nostrum,

679 4075 757 4117 ac
809 4064 1188 4123 canonicum
1259 4062 1693 4144 Zagrabiensis
1759 4066 2043 4136 ecclesie,
2105 4064 2186 4125 de
2252 4064 2511 4125 fratrum
2577 4073 2941 4123 nostrorum
3004 4059 3270 4121 consilio
3336 4072 3400 4119 et

679 4174 1032 4249 apostolice
1099 4176 1492 4254 plenitudine
1553 4180 1884 4255 potestatis
1946 4178 2329 4257 prefecimus
2376 4180 2486 4257 ipsi
2538 4175 2943 4258 Zagrabiensi
3004 4172 3271 4233 ecclesie
3332 4174 3393 4231 in

680 4286 1054 4365 episcopum
1123 4299 1185 4349 et
1254 4302 1594 4367 pastorem,
1655 4310 1730 4351 ac
1791 4294 1842 4351 ei
1917 4292 2413 4352 consecrationis
2482 4308 2711 4351 munus
2780 4287 3085 4348 duximus
3153 4289 3403 4363 impen-

683 4396 988 4473 dendum,
1049 4403 1332 4463 iniuncto
1394 4404 1672 4482 capitulo
1733 4406 1927 4483 ipsius
1988 4406 2253 4466 ecclesie
2316 4415 2378 4465 et
2440 4404 2609 4463 clero
2673 4403 2942 4462 civitatis
3003 4410 3066 4460 et
3128 4398 3403 4459 diocesis

683 4508 1116 4594 Zagrabiensis
1175 4536 1288 4594 per
1336 4516 1571 4577 litteras
1633 4529 1895 4589 nostraS,
1959 4530 2026 4577 ut
2074 4520 2187 4597 ipsi
2252 4518 2540 4597 predicto
2600 4517 2908 4595 episcopo
2976 4524 3126 4573 tunc
3190 4511 3400 4572 electo

681 4632 1014 4704 tamquam
1061 4632 1219 4706 patri
1254 4643 1316 4689 et
1349 4632 1584 4707 pastori
1630 4633 1983 4692 animarum
2034 4650 2291 4691 suarum
2324 4632 2557 4691 devote
2590 4628 2921 4690 intendere
2968 4636 3400 4707 procurarent.

681 4734 764 4795 Et
808 4738 952 4800 licet
1001 4742 1320 4820 predictus
1365 4746 1718 4821 episcopus.
1761 4745 1923 4804 sicut
1970 4747 2351 4823 accepimus,
2396 4742 2713 4823 quosdam
2748 4744 3006 4803 nuntios
3054 4750 3117 4800 et
3164 4756 3397 4818 procu-

683 4863 926 4914 ratores
984 4874 1134 4915 suos
1188 4856 1272 4915 ad
1327 4856 1601 4917 eandem
1662 4858 1999 4918 ecclesiam
2062 4858 2408 4931 destinarit,
2471 4858 2576 4934 qui
2636 4874 2841 4935 usque
2901 4854 2986 4916 ad
3046 4853 3399 4915 adventum

684 4962 878 5039 ipsius
922 4971 1200 5048 episcopi
1264 4968 1548 5031 eiusdem
1612 4972 1878 5032 ecclesie
1946 4989 2163 5031 curam
2224 4982 2518 5051 gererent
2586 4969 2938 5051 diligenter,
3000 4979 3218 5029 tamen
3266 4968 3397 5045 ipsi

683 5094 816 5138 non
867 5082 1116 5145 fuerunt
1162 5085 1438 5145 admissi.
1503 5086 1638 5147 Nos
1685 5090 1898 5161 itaque
1960 5087 2305 5164 cupientes,
2362 5096 2429 5145 ut
2476 5083 2705 5145 eadem
2752 5083 2983 5144 eclesia
3040 5081 3401 5143 salubribus
