3797 5795
690 601 1054 681 aquilonem
1125 606 1432 676 metatim,
1500 603 1774 664 tendens
1846 605 1930 665 ad
1999 606 2262 678 sontem,
2339 607 2446 684 qui
2514 604 2738 664 dicitur
2805 603 3136 671 kubulkut,
3207 605 3392 663 iuxta

693 733 881 792 quem
952 726 1046 775 est
1116 727 1285 776 meta
1356 727 1579 790 terrea,
1624 738 1661 777 a
1708 737 1839 797 quo
1886 720 2173 796 superius
2234 737 2346 796 per
2410 717 2676 777 rivulum
2748 715 3110 794 Cyrkenieh
3169 735 3397 775 versus

690 829 1056 906 aquilonem
1118 831 1403 907 pervenit
1464 830 1548 890 ad
1609 830 1895 904 rivulum,
1941 831 2050 910 qui
2114 840 2374 890 vocatur
2433 829 2801 908 Zapotnika‚
2861 829 3007 888 hinc
3068 829 3388 888 transiens

691 942 1111 1002 monticulum
1158 942 1327 1002 cadit
1376 945 1435 1002 in
1484 943 1810 1018 quandam
1858 942 2106 1016 vallem,
2153 962 2266 1022 per
2313 962 2506 1020 quam
2567 945 2783 1003 transit
2829 945 2890 1001 in
2937 941 3224 1009 rivulum,
3273 943 3386 1018 qui

692 1053 919 1114 dicitur
978 1053 1273 1134 Lomzky
1335 1055 1558 1134 potok,
1604 1055 1837 1116 deinde
1883 1056 2168 1117 ascendit
2216 1056 2300 1116 ad
2346 1066 2584 1116 metam
2631 1055 2884 1134 capituli
2943 1053 3386 1135 Zagrabiensis

692 1177 757 1227 et
822 1167 906 1226 ibi
974 1178 1119 1228 sunt
1188 1179 1357 1228 mete
1426 1179 1567 1242 tres,
1613 1187 1739 1229 una
1813 1169 2066 1247 capituli
2139 1169 2589 1250 ZagrabiensiS,
2655 1169 2851 1228 altera
2919 1169 3244 1246 hospitum
3310 1166 3394 1225 de

694 1278 925 1352 Greeh‚
992 1283 1183 1339 tercia
1230 1280 1501 1342 filiorum
1548 1281 1821 1342 Dobeha
1869 1281 1952 1342 de
1997 1299 2230 1362 genere
2293 1280 2453 1364 Aga,
2497 1281 2730 1341 deinde
2795 1281 3081 1360 procedit
3128 1299 3242 1358 per
3291 1299 3394 1340 ca-

694 1412 925 1453 cumen
1002 1394 1284 1455 eiusdem
1332 1397 1569 1455 montis
1614 1395 1930 1455 vocabulo
1979 1395 2500 1469 Medueffllnicha
2567 1413 2779 1455 versus
2854 1393 3256 1454 occidentem
3331 1406 3393 1451 et

693 1508 976 1585 pervenit
1023 1506 1105 1567 ad
1156 1519 1395 1567 metam
1442 1507 1712 1567 filiorum
1764 1508 2016 1580 Mieola,
2063 1527 2189 1587 que
2235 1507 2621 1585 Plesywicha
2681 1507 2921 1580 dicitur,
2969 1509 3144 1566 iuxta
3192 1525 3390 1583 quarn

694 1633 790 1683 est
838 1635 1005 1680 meta
1074 1631 1293 1691 terrea,
1339 1620 1572 1680 deinde
1634 1641 1671 1680 a
1732 1623 2066 1680 cacumine
2134 1619 2418 1680 eiusdem
2485 1622 2720 1680 montis
2787 1619 3115 1680 descendit
3175 1638 3396 1678 versus

692 1745 938 1814 partem
1010 1733 1489 1792 meridionalem
1562 1735 1850 1793 metatim
1919 1733 2002 1793 ad
2070 1734 2365 1793 arborem
2433 1743 2814 1804 castaneam,
2873 1752 3062 1812 super
3121 1752 3248 1806 qua
3297 1743 3394 1791 est

694 1866 850 1908 crux
896 1857 959 1907 et
1005 1847 1183 1906 iuxta
1251 1865 1394 1907 eam
1464 1857 1556 1906 est
1628 1856 1798 1907 meta
1866 1857 2086 1920 terrea,
2132 1847 2364 1907 deinde
2426 1845 2753 1907 descendit
2798 1846 2880 1906 ad
2927 1858 3117 1923 caput
3181 1845 3396 1911 fontis.

696 1963 799 2037 qui
850 1957 1177 2022 Chicheria
1240 1958 1480 2032 dicitur,
1528 1961 1633 2034 qui
1696 1960 1840 2020 fons
1901 1960 2120 2020 dividit
2183 1970 2416 2020 terram
2479 1959 2694 2019 Endre
2740 1959 2821 2018 de
2866 1968 3028 2017 terra
3097 1957 3384 2036 predicta

696 2084 759 2132 et
804 2074 892 2133 sic
938 2072 1392 2132 descendendo
1440 2092 1553 2150 per
1593 2073 1873 2132 eundem
1922 2073 2170 2133 divertit
2217 2071 2677 2151 aliquantulum
2723 2090 2936 2131 versus
2981 2071 3388 2131 occidentem

694 2186 777 2246 ad
827 2196 1113 2246 montem
1146 2195 1209 2245 et
1242 2185 1323 2245 ibi
1358 2197 1452 2245 est
1492 2187 1681 2245 arbor
1728 2197 2025 2246 castanea
2072 2205 2256 2247 cruce
2304 2188 2564 2267 signata,
2611 2188 2788 2245 iuxta
2835 2203 3026 2262 quam
3077 2198 3171 2244 θεῖ
3221 2197 3394 2244 meta

690 2310 910 2372 terrea,
971 2297 1205 2358 deinde
1252 2299 1334 2359 ad
1382 2317 1691 2359 cacumen
1758 2301 1993 2359 montis
2063 2300 2348 2360 eiusdem
2417 2299 2706 2378 procedit
2773 2317 2987 2358 versus
3057 2297 3388 2357 meridiem

701 2410 1044 2470 dividendo
1093 2421 1322 2471 terram
1371 2410 1633 2471 ecclesie
1682 2411 2132 2492 ZagrabiensiS,
2179 2413 2413 2472 deinde
2443 2431 2556 2490 per
2585 2430 2813 2492 gyrum
2861 2411 2943 2470 ad
2992 2410 3393 2470 occidentem

696 2523 1157 2602 aliquantulum
1206 2523 1531 2583 divertitur
1564 2533 1624 2584 et
1659 2525 1741 2583 ibi
1777 2525 1999 2584 transit
2047 2524 2332 2597 rivulum,
2379 2527 2482 2603 qui
2531 2539 2792 2585 vocatur
2841 2522 3116 2583 Neznich
3151 2522 3394 2600 potoka

697 2646 759 2695 et
807 2635 955 2695 inde
1023 2636 1433 2697 ascendendo
1504 2639 1788 2715 superius
1857 2637 1938 2697 de
2007 2649 2170 2697 terra
2242 2637 2454 2698 Endre
2515 2656 2628 2716 per
2687 2636 2916 2697 vallem
2963 2636 3046 2696 ad
3092 2638 3392 2696 verticem

699 2751 880 2809 unius
948 2753 1199 2822 montis
1245 2751 1329 2809 ibi
1378 2760 1470 2810 est
1542 2761 1729 2819 meta,
1777 2751 1922 2810 hinc
1990 2750 2346 2828 separando
2421 2770 2532 2828 per
2597 2761 2841 2809 veteres
2914 2759 3118 2808 metas
3164 2760 3392 2808 terram

699 2861 975 2937 Gremle,
1022 2862 1353 2923 descendit
1398 2863 1481 2923 ad
1528 2864 1839 2937 arborem,
1889 2883 2014 2943 que
2062 2873 2323 2925 vocatur
2370 2863 2506 2923 ihor
2536 2874 2596 2923 et
2633 2863 2712 2922 ibi
2762 2875 2858 2923 est
2905 2873 3076 2922 meta
3123 2877 3186 2921 et
3227 2861 3394 2921 cadit

700 2980 760 3036 in
808 2978 991 3049 viam,
1040 2996 1164 3053 que
1212 2979 1345 3037 exit
1394 2977 1475 3036 de
1523 2978 1665 3037 villa
1712 2975 1991 3052 Gremle‚
2039 2976 2272 3037 deinde
2320 2997 2433 3055 per
2478 2976 2750 3036 eandem
2797 2994 3011 3035 versus
3057 2973 3392 3035 meridiem

698 3089 986 3167 procedit
1047 3090 1129 3148 ad
1191 3109 1491 3167 campum
1554 3092 1635 3150 ad
1704 3102 1943 3150 metam
2007 3104 2293 3163 terream,
2339 3090 2572 3150 deinde
2632 3088 3094 3167 aliquantulum
3145 3088 3395 3147 divertit

698 3202 781 3262 ad
826 3204 1139 3262 sinistram
1202 3222 1317 3281 per
1380 3204 1540 3263 viam
1591 3216 1654 3263 et
1701 3205 1987 3281 pervenit
2035 3204 2116 3263 ad
2164 3203 2446 3281 paludeS‚
2493 3222 2616 3282 que
2661 3200 2875 3262 mlaka
2944 3200 3259 3269 dicuntur,
3307 3200 3395 3259 ibi

699 3327 793 3374 est
839 3327 1011 3375 meta
1058 3318 1234 3375 iuxta
1281 3316 1555 3376 eandem
1604 3316 1904 3389 mlakam,
1939 3337 1973 3375 a
2006 3318 2252 3376 sinistra
2297 3326 2477 3394 parte
2525 3314 2694 3375 vadit
2744 3315 2826 3374 ad
2871 3314 3167 3374 arborem
3203 3316 3395 3380 nucis,

702 3428 783 3487 ibi
832 3439 925 3487 est
974 3440 1161 3502 meta,
1207 3428 1441 3488 deinde
1508 3428 1592 3488 ad
1660 3430 2054 3501 sambucum,
2101 3430 2219 3488 sul)
2283 3447 2406 3507 qua
2467 3442 2560 3487 est
2625 3438 2795 3487 meta
2859 3438 3078 3499 terrea,
3124 3426 3208 3485 de
3255 3426 3400 3485 hinc

703 3544 985 3601 metatim
1052 3541 1338 3619 procedit
1387 3551 1448 3601 et
1497 3542 1667 3602 cadit
1730 3544 1787 3601 in
1856 3540 2113 3601 fluvium
2179 3542 2378 3613 Zawe,
2425 3540 2656 3601 deinde
2701 3541 2784 3601 ad
2833 3552 3072 3601 metam
3121 3542 3396 3618 priorem

702 3654 1030 3714 descendit
1092 3664 1154 3714 et
1217 3657 1307 3714 sic
1368 3657 1755 3715 terminatur.
1805 3652 2124 3725 Ceterum,
2171 3654 2317 3729 quia
2377 3654 2568 3713 iidem
2640 3656 2808 3713 cives
2876 3672 3063 3730 super
3110 3654 3288 3711 terris
3337 3662 3398 3711 et

704 3768 1207 3845 possessionibus
1276 3770 1403 3828 suis
1469 3767 1588 3828 alia
1657 3768 1849 3826 etiarn
1920 3767 2239 3846 privilegia
2303 3787 2340 3826 a
2403 3767 2586 3825 nobis
2654 3768 2744 3825 eis
2803 3784 3105 3825 concessa
3172 3765 3404 3824 habere

706 3890 1067 3946 noscuntur,
1115 3880 1215 3940 illa
1265 3883 1353 3940 eis
1400 3883 1773 3940 inconcussa
1835 3899 2083 3939 servare
2131 3879 2425 3939 volumus
2471 3890 2534 3938 et
2580 3899 2616 3937 a
2663 3880 2889 3937 nostris
2935 3878 3404 3937 successoribus

704 4004 766 4051 et
813 3991 1109 4051 subiectis
1156 3993 1595 4053 inviolabiliter
1642 3992 1979 4052 observari.
2031 3993 2099 4052 In
2149 3996 2325 4052 cuius
2371 3994 2458 4053 rei
2505 3993 2882 4051 memoriam
2931 4002 2994 4050 et
3025 4003 3400 4069 perpetuam

704 4102 1069 4164 firmitatem
1138 4116 1463 4183 presentes
1532 4105 1827 4165 dedimus
1896 4106 2134 4165 litteras
2197 4106 2462 4183 duplicis
2531 4105 2709 4185 sigilli
2781 4106 2976 4164 nostri
3049 4104 3404 4162 munimine

707 4218 1051 4277 roboratas
1116 4216 1355 4277 Datum
1418 4237 1530 4295 per
1592 4236 1818 4277 manus
1891 4220 2172 4299 magistri
2220 4217 2500 4279 Farkasii
2564 4220 2864 4297 prepositi
2914 4216 3216 4277 Albensis
3265 4216 3406 4275 aule

708 4340 921 4389 nostre
981 4330 1467 4390 vicecancellarii
1535 4330 1743 4390 dilecti
1812 4344 1875 4391 et
1939 4331 2142 4391 fidelis
2205 4334 2417 4391 nostri.
2501 4330 2698 4392 Anno
2769 4330 3010 4390 domini
3079 4327 3404 4391 MCCLX.

706 4456 909 4515 sextO,
958 4443 1060 4503 IX.
1111 4441 1417 4503 kalendas
1464 4444 1835 4514 decembris,
1881 4448 2054 4525 regni
2104 4458 2316 4504 autem
2367 4446 2561 4503 nostri
2594 4463 2764 4503 anno
2811 4444 3131 4503 tricesimo
3179 4444 3404 4519 primo.

889 4582 1139 4640 Ikalc'ic'
1195 4586 1359 4641 jhm.
1425 4587 1539 4641 civ.
1603 4571 1870 4659 Zagrcz'b.
1921 4587 1972 4642 l.
2022 4590 2294 4639 40-44,
2343 4606 2439 4643 uo,
2493 4589 2590 4640 49.
2639 4618 2723 4625 —-
2785 4585 3118 4658 Priopc‘ujc
3153 4593 3235 4658 po
3283 4583 3404 4639 ori-

699 4687 925 4760 ginalu
972 4688 998 4743 i
1030 4692 1368 4763 popunjuje
1414 4690 1679 4746 os'lec'eni
1722 4690 2004 4761 m-zgre’nal
2037 4699 2115 4765 pc)
2165 4688 2436 4763 kasng'joj
2469 4690 2732 4763 potvrdt'.
2791 4722 2873 4730 -›-
2921 4688 3246 4743 Post·t·a'1'.5'c
3291 4706 3406 4742 ow!

702 4792 943 4866 povelju
965 4814 985 4847 .·
1029 4792 1225 4848 Karla
1278 4794 1530 4849 lx'obcrto
1586 4798 1667 4849 14.
1716 4792 1964 4849 Oktobra
2013 4796 2188 4847 1322.
2233 4795 2258 4848 i
2290 4798 2342 4847 8.
2378 4802 2580 4849 marm
2629 4794 2819 4861 1324„
2873 4792 3161 4865 Ljudew's
3209 4792 3256 4850 l.
3308 4794 3406 4845 225.

690 4898 861 4969 juna
897 4899 1063 4951 1345.
1103 4899 1128 4952 z·
1158 4900 1256 4954 27.
1292 4898 1631 4973 septembra
1682 4901 1876 4967 1359„
1922 4900 2050 4973 pod
2091 4899 2294 4954 navim
2333 4902 2609 4972 pec‘atom
2633 4918 2696 4969 g.
2733 4898 2906 4951 1364.
2945 4898 3037 4951 25.
3059 4894 3405 4970 selu-uara.

722 5002 851 5058 Ova
887 5004 1154 5077 potvrda
1203 5022 1240 5058 u
1289 5002 1511 5059 arkt'vu
1539 5004 1771 5077 jugosl.
1822 5002 2191 5079 akadenu'je.

888 5114 1071 5186 Fey'c'r
1130 5114 1256 5171 l'll.
1309 5118 1381 5183 5.,
1434 5120 1781 5170 586-587.
1834 5148 1911 5156 —-
1962 5115 2335 5189 Kukuljevic‘
2376 5116 2525 5185 Regu
2577 5134 2668 5169 no,
2725 5116 2845 5168 918.
