3797 5795
1835 392 2246 457 -548—

687 585 860 645 bone
920 582 1090 645 same
1149 583 1461 645 illibatum
1518 584 1767 645 cunctis
1834 582 2236 663 temporibus
2299 584 2657 645 secundum
2720 583 2914 645 deum
2977 592 3042 644 et
3103 583 3403 645 homines

689 694 1292 758 commendabiliter
1337 696 1665 779 deguisse;
1730 706 1797 757 et
1842 696 2082 758 debere
2141 696 2356 757 adhuc
2399 698 2464 758 in
2509 708 2842 777 posterum
2887 694 3152 758 exaltari
3197 698 3405 779 gratia

688 819 896 871 vestra
941 812 1114 891 regia
1160 808 1500 871 mediante.
1565 808 1685 871 His
1730 808 2050 888 siquidem
2095 820 2161 871 et
2206 810 2341 871 aliis
2387 826 2586 889 quam
2631 810 2917 889 pluribus
2961 808 3288 890 obsequiis
3331 818 3400 871 et

690 923 1025 985 universali
1076 922 1265 984 laude
1311 924 1540 984 merito
1586 922 1942 1004 refulgenti,
1987 932 2052 983 et
2097 922 2455 1003 specialiter
2499 925 2648 999 quia
2692 932 2956 1003 propter
2999 940 3138 999 nOS,
3168 922 3405 984 emissa

691 1038 756 1097 in
802 1052 981 1097 suam
1042 1050 1389 1115 personam
1448 1047 1791 1115 parentum
1855 1046 2221 1097 nostrorum
2285 1035 2620 1097 illustrium
2679 1037 2768 1096 ira
2811 1036 3006 1119 gravi,
3048 1046 3114 1098 et
3159 1036 3407 1099 banatu

690 1165 807 1211 suo
838 1152 1120 1229 privatus
1148 1151 1361 1210 extitit
1390 1159 1456 1211 et
1486 1148 1990 1210 destructionem
2038 1152 2332 1210 omnium
2375 1150 2856 1229 possessionum
2887 1166 3146 1211 suarum
3178 1166 3410 1230 passus

692 1262 809 1324 fuit
854 1264 1126 1344 graviter
1170 1272 1235 1323 et
1280 1262 1560 1344 indigne,
1624 1260 1891 1323 fecimus
1952 1261 2164 1323 eidem
2227 1260 2528 1323 Rolando
2583 1260 2756 1323 bano
2801 1260 3155 1342 quamdam
3201 1260 3412 1325 dona-

690 1378 954 1450 tionem,
997 1376 1144 1437 licet
1174 1375 1539 1436 inferiorem
1570 1374 1699 1437 suis
1730 1376 1971 1437 meritis
2015 1375 2206 1436 laude
2245 1374 2472 1457 dignis.
2515 1372 2832 1437 Dedimus
2861 1378 3032 1437 enim
3083 1386 3150 1437 et
3195 1374 3403 1437 dona-

692 1490 913 1562 vimus
972 1488 1362 1549 contulimus
1407 1497 1471 1549 et
1514 1486 1896 1549 tradidimus
1955 1487 2170 1548 eidem
2233 1486 2536 1549 Rolando
2589 1487 2764 1549 bano
2809 1499 2874 1550 et
2919 1506 3036 1567 per
3079 1506 3230 1550 eum
3275 1490 3411 1550 suis

692 1598 1052 1676 heredibus,
1096 1600 1537 1681 heredumque
1582 1600 2055 1662 successoribus
2087 1602 2150 1661 in
2179 1609 2558 1680 perpetuam
2605 1602 3078 1680 possessionem
3125 1610 3410 1663 castrum

694 1712 978 1774 Kemluk
1022 1728 1171 1775 cum
1214 1716 1396 1774 omni
1425 1724 1595 1775 statu
1626 1730 1761 1787 sun,
1792 1729 1940 1775 cum
1973 1712 2276 1774 omnibus
2321 1714 2502 1775 terris
2531 1724 2596 1775 et
2625 1732 2772 1775 cum
2818 1712 3124 1776 omnibus
3167 1714 3414 1777 iuribus

693 1837 759 1887 et
802 1828 1197 1905 pertinentiis
1254 1828 1385 1887 suis
1428 1838 1494 1887 et
1536 1828 1781 1905 precise
1826 1844 1974 1888 cum
2023 1826 2144 1887 illis
2189 1828 2405 1899 etiam,
2450 1844 2578 1907 que
2623 1845 2738 1906 per
2783 1826 3091 1888 illustrem
3152 1838 3411 1907 patrem

694 1950 759 1999 et
802 1938 1139 2000 dominum
1186 1950 1499 2015 nostrum,
1543 1954 1656 2000 seu
1702 1941 1895 2001 etiam
1939 1956 2057 2019 per
2107 1940 2304 2001 alium
2333 1938 2435 2000 vel
2465 1956 2580 2019 per
2610 1938 2768 2001 alios
2797 1939 2882 2000 ab
2911 1939 3145 2002 eodem
3195 1951 3414 2002 castro

697 2051 982 2113 Kemluk
1028 2052 1549 2132 quandocunque
1579 2053 1853 2114 alienata
1886 2052 2137 2113 fuerant
2168 2061 2231 2112 et
2264 2052 2582 2126 distracta,
2611 2062 2677 2113 et
2704 2064 3016 2132 perpetue
3046 2054 3414 2115 collationis

694 2176 759 2226 et
804 2166 1174 2227 donationis
1218 2182 1484 2227 munere
1513 2164 1978 2245 possidendum
2012 2166 2144 2226 iure
2174 2175 2488 2245 perpetuo
2533 2156 2888 2227 tenendum
2920 2176 2987 2227 et
3013 2164 3414 2228 habendum.

698 2278 788 2341 Ut
849 2278 967 2340 hec
1026 2290 1245 2341 nostra
1304 2278 1575 2341 donatio
1622 2278 1704 2340 illi
1753 2276 2020 2340 naturali
2089 2280 2266 2360 regni
2329 2279 2526 2339 nostri
2595 2278 2941 2359 columpne
3001 2278 3187 2355 facta,
3231 2282 3418 2342 cuius

697 2394 1140 2474 progenitores
1183 2403 1247 2454 et
1293 2390 1517 2455 fratres
1560 2392 1849 2453 carnales
1917 2404 2158 2468 corone
2219 2394 2389 2473 regie
2447 2408 2704 2472 semper
2763 2390 3140 2453 fidelitatem
3199 2392 3418 2455 claris-

694 2506 925 2566 simam
972 2506 1360 2585 prebuerunt
1406 2516 1470 2567 et
1517 2508 1624 2585 qui
1672 2507 1735 2565 in
1782 2504 2044 2566 diversis
2089 2504 2381 2566 confiniis
2425 2504 2604 2587 regni
2649 2507 2848 2565 nostri
2893 2506 2958 2565 in
3003 2504 3416 2584 captionibus

696 2629 1065 2693 castrorum,
1110 2621 1175 2679 in
1218 2618 1431 2698 preliis
1474 2619 1824 2679 durissimis
1868 2630 1934 2678 et
1980 2619 2043 2677 in
2089 2620 2530 2697 captivitatum
2589 2618 3002 2698 perpessione
3045 2618 3418 2697 frequenter

697 2744 1040 2810 personam
1108 2748 1289 2793 suam
1350 2748 1469 2811 pro
1528 2731 1748 2793 illustri
1816 2740 1998 2810 patre
2045 2740 2109 2792 et
2155 2730 2423 2791 domino
2486 2740 2726 2805 nostr0,
2783 2745 2904 2810 pro
2947 2731 3138 2792 nobis
3181 2740 3245 2793 et
3287 2748 3418 2811 pro

700 2858 941 2906 corona
1014 2847 1190 2928 regni
1264 2844 1595 2928 Hungarie
1662 2858 1994 2924 exponere
2061 2843 2422 2906 nullatenus
2495 2843 2827 2920 dubitavit,
2887 2860 3220 2925 nunquam
3291 2862 3416 2925 per

698 2960 1069 3037 quempiam
1114 2972 1335 3040 regum
1382 2959 1736 3033 illustrium,
1804 2961 1911 3038 qui
1957 2977 2072 3036 per
2116 2959 2471 3019 successiva
2515 2967 2886 3038 temporum
2931 2955 3208 3020 curicula
3251 2968 3409 3020 sunt

698 3069 962 3133 feliciter
1028 3071 1365 3154 regnaturi,
1448 3073 1555 3152 qui
1616 3090 1701 3131 ex
1768 3071 2152 3132 recitacione
2217 3081 2354 3132 tam
2419 3068 2658 3153 fulgide
2726 3067 3050 3133 fidelitatis
3109 3082 3418 3152 poterunt

698 3185 929 3246 merito
977 3185 1303 3246 iocundari
1336 3194 1399 3246 et
1428 3187 1608 3245 cuius
1650 3185 1801 3244 bani
1846 3181 2120 3246 fidelitas
2165 3183 2328 3245 tradi
2376 3195 2590 3263 potest
2633 3185 2907 3264 posteris
2937 3183 3001 3246 {n
3033 3185 3412 3264 exemplum

696 3299 1233 3372 retractationem,
1278 3307 1347 3358 ut
1390 3311 1721 3377 speramus
1764 3306 1831 3358 et
1876 3297 2214 3371 credimuS,
2260 3297 2526 3377 accipiet
2571 3293 2832 3370 nullam,
2873 3285 3284 3376 petimusque
3327 3315 3410 3360 ac

694 3412 1017 3488 ponimus,
1047 3417 1117 3471 ut
1150 3426 1280 3471 non
1324 3411 1612 3491 accipiat,
1642 3409 1755 3472 sed
1786 3412 2136 3472 munimen.
2183 3409 2276 3472 Ut
2307 3411 2492 3492 igitur
2521 3409 2639 3470 hec
2684 3421 2906 3470 nostra
2959 3409 3226 3471 donatio
3269 3421 3412 3472 tam

693 3523 1157 3585 rationabiliter
1200 3521 1368 3585 sacta
1412 3533 1721 3604 perpetue
1764 3523 2078 3585 firmitatis
2121 3523 2317 3583 robur
2361 3525 2664 3602 optineat,
2709 3539 2831 3584 nec
2874 3538 3158 3602 unquam
3199 3523 3414 3584 valeat

697 3651 815 3714 per
880 3640 1253 3716 quempiam
1322 3639 1659 3711 retractari,
1726 3655 1987 3716 presens
2047 3635 2210 3697 tradi
2277 3635 2572 3697 iussimus
2627 3636 3026 3718 privilegium
3089 3634 3410 3715 dupplicis

697 3749 881 3831 sigilli
916 3750 1116 3812 nostri
1148 3749 1501 3811 munimine
1528 3749 1981 3830 perpetualiter
2025 3749 2416 3810 roboratum.
2447 3746 2691 3810 Datum
2722 3765 2840 3827 per
2869 3763 3099 3809 manus
3127 3747 3416 3830 magistri

700 3861 1031 3925 Benedicti
1075 3863 1383 3942 prepositi
1430 3859 1805 3925 Orodiensis
1850 3861 1994 3922 aule
2039 3870 2256 3922 nostre
2302 3859 2790 3922 vicecancellarii
2839 3857 3052 3922 dilecti
3096 3871 3162 3922 et
3203 3859 3415 3923 fidelis

698 3978 919 4038 nostri.
964 3973 1460 4039 venerabilibus
1515 3975 1803 4054 patribus
1868 3973 2158 4054 Philippo
2221 3971 2636 4056 Strigoniensi
2699 3984 3080 4053 perpetuum
3143 3974 3412 4051 ecclesie

697 4107 815 4166 sue
860 4091 1237 4152 comitatum
1270 4085 1773 4170 Strigoniensem
1806 4097 2086 4161 tenente,
2119 4081 2455 4166 Stephano
2489 4082 2830 4150 Colocensi
2862 4087 3005 4147 aule
3041 4087 3215 4169 regie
3258 4103 3412 4148 can-

695 4199 977 4278 cellario,
1052 4199 1555 4281 archiepiscopis.
1640 4197 1996 4279 Lamperto
2058 4198 2373 4281 Agriensi,
2449 4197 2692 4261 Briccio
2769 4197 3214 4274 Chanadiensi‚
3282 4198 3412 4280 Job

696 4311 1391 4397 Quinqueecclesiensi‚
1464 4311 1757 4393 Philippo
1832 4310 2152 4387 vaciensi,
2213 4310 2412 4374 Paulo
2473 4311 2954 4393 vesprimiensi,
3013 4309 3410 4374 Lodomerio

698 4425 1129 4503 Waradiensi,
1168 4425 1518 4490 Timotheo
1562 4425 1986 4508 Zagrabiensi‚
2031 4423 2350 4504 Dyonisio
2385 4425 2710 4507 Jauriensi,
2755 4426 2946 4487 Petro
2987 4421 3410 4487 Transilvano

696 4541 1039 4623 episcopis,
1108 4541 1408 4602 ecclesias
1475 4539 1577 4601 dei
1646 4537 1911 4600 feliciter
1977 4538 2526 4620 gubernantibus3.
2574 4535 2911 4619 Joachimo
2955 4535 3150 4612 ba'n0,
3215 4535 3410 4616 Moys

696 4651 989 4732 palatino
1048 4664 1113 4716 et
1158 4655 1395 4716 comite
1463 4651 1897 4732 Sum-oniensi,
1965 4651 2237 4714 Nicolao
2296 4649 2505 4713 iudice
2573 4651 2742 4713 curie
2801 4661 3020 4712 nostre
3063 4662 3127 4712 et
3169 4651 3408 4712 comite

701 4763 1110 4851 Symigiensi,
1166 4764 1401 4850 Egidio
1446 4767 1753 4847 magistro
1796 4765 2269 4826 tavarnicorum
2316 4773 2380 4824 et
2426 4763 2665 4825 comite
2710 4759 3098 4839 Posoniensi,
3143 4759 3406 4826 Matheo

703 4877 974 4960 vajvoda
1020 4879 1459 4953 Transilvano,
1506 4877 1695 4940 Petro
1740 4878 2048 4960 magistro
2093 4875 2549 4956 dapiferorum,
2605 4873 2902 4956 Philippo
2945 4875 3410 4956 pincernam,

708 4991 984 5056 Alberto
1015 5008 1372 5076 agazonum
1416 4999 1484 5053 et
1530 4993 1768 5053 comite
1812 4989 2234 5069 Scybiniensi,
2281 4991 2598 5072 magistris
2627 5001 2692 5051 et
2723 4985 2858 5052 aliis
2889 5003 3084 5070 quam
3127 4983 3409 5069 pluribus

710 5107 1115 5188 magistratus
1159 5117 1223 5168 et
1267 5107 1609 5167 comitatus
1667 5104 2051 5165 tenentibus.
2118 5099 2318 5164 Anno
2379 5103 2703 5180 dominice
2761 5101 3212 5164 incarnationis
3277 5097 3414 5162 mil·
