3797 5795
1875 387 2287 452 -190-—

1990 684 2177 763 696.

726 853 928 933 1261,
976 854 1081 918 13.
1133 853 1501 920 februara.
1550 855 1608 919 U
1653 855 1955 922 Kotoru.

731 1062 993 1145 Kaptol
1031 1083 1125 1123 sv.
1187 1062 1250 1123 T
1240 1061 1489 1147 rz'funa
1541 1064 1706 1126 moli
1746 1065 2101 1151 kotorskog
2145 1065 2430 1149 biskupa
2490 1066 2760 1142 Morka,
2803 1066 2893 1127 dez
2923 1066 3179 1149 posvett'
3220 1067 3439 1128 crkvu

1321 1198 1416 1239 sv.
1468 1176 1733 1240 Kuzme
1779 1176 1814 1239 ι’
1853 1178 2214 1263 Damjana
2260 1176 2295 1239 ι’
2332 1198 2425 1241 sv.
2478 1177 2830 1241 Elz'zabete.

900 1365 1101 1428 Anno
1151 1371 1603 1431 incarnationis
1640 1369 1884 1431 domini
1919 1370 2254 1432 millesimo
2288 1370 2728 1431 ducentesimo
2775 1372 3171 1451 sexagesimo
3198 1374 3441 1449 prim0,

727 1500 946 1542 mense
993 1481 1324 1556 februario,
1355 1485 1542 1542 tertio
1574 1483 1828 1543 decimo
1860 1483 1965 1544 die
2001 1486 2292 1559 intrante,
2324 1484 2667 1544 indictione
2713 1494 2953 1563 quarta.
2990 1483 3121 1543 Nos
3159 1483 3433 1561 quidem

728 1596 1090 1654 vniuersum
1137 1595 1486 1674 capitulum
1533 1596 1800 1656 ecclesie
1845 1598 2045 1657 sancti
2106 1596 2448 1676 Triphonis
2494 1615 2616 1656 vna
2660 1614 2808 1656 cum
2856 1594 3182 1656 uoluntate
3230 1598 3435 1656 totius

727 1708 950 1786 populi
995 1710 1264 1768 ciuitatis
1324 1711 1692 1789 rogauimus
1756 1708 2049 1770 Marcum
2106 1709 2535 1770 venerabilem
2580 1710 2955 1788 episcopum
3001 1709 3262 1769 ecclesie
3312 1706 3435 1771 Ca-

724 1822 1006 1893 tarensis‚
1051 1830 1122 1881 ut
1168 1820 1500 1881 ecclesiam
1548 1829 1914 1881 sanctorum
1985 1820 2207 1885 Christi
2282 1818 2687 1903 mar(tyrum)
2738 1828 2975 1885 Losme
3020 1831 3083 1882 et
3126 1820 3436 1882 Damiani

724 1944 787 1992 et
819 1944 1038 1994 sancte
1087 1932 1417 1993 Helisabet
1468 1953 1839 1995 consecrare
1886 1935 2271 2016 dignaretur,
2325 1937 2429 2009 qui
2491 1936 2829 2014 episcopus
2874 1936 3104 1995 nostris
3132 1934 3436 2013 precibus

721 2064 802 2105 ac
845 2041 1314 2129 pe[ti]tionibus
1360 2049 1535 2108 iustis
1567 2048 1940 2121 obaudiens,
1985 2048 2223 2108 dictam
2270 2047 2590 2108 dedicauit
2634 2047 2969 2108 ecclesiam
2999 2046 3083 2107 ad
3112 2046 3435 2107 honorem

726 2156 831 2218 dei
877 2160 1338 2237 omnipotentis
1383 2169 1446 2219 et
1493 2160 1577 2219 ad
1624 2160 1879 2220 laudem
1932 2162 2190 2242 uirginis
2233 2160 2525 2242 gloriose,
2568 2178 2645 2220 ac
2676 2170 3039 2221 sanctorum
3077 2157 3318 2222 Cosme
3365 2172 3433 2219 et

722 2270 1020 2332 Damiani
1069 2284 1132 2333 et
1177 2284 1396 2333 sancte
1443 2272 1790 2348 Helisabet,
1823 2291 1942 2333 nec
1990 2293 2119 2333 non
2166 2284 2230 2334 et
2275 2284 2641 2333 sanctorum
2672 2283 3027 2351 martyrum
3072 2270 3317 2333 Abdon
3366 2286 3434 2333 et

717 2382 923 2445 Senes
969 2395 1031 2445 et
1079 2388 1278 2446 sancti
1345 2386 1665 2447 Laurentii
1728 2386 1917 2446 leuite
1980 2396 2174 2465 atque
2220 2396 2587 2447 sanctorum
2635 2396 2983 2464 martyrum
3032 2388 3097 2446 in
3146 2388 3431 2459 nomine,

721 2496 1018 2576 reliquias
1084 2499 1320 2559 deuote
1388 2497 1711 2559 collocans
1771 2501 1832 2559 in
1896 2499 2093 2573 altari,
2156 2518 2280 2577 que
2348 2501 2548 2560 etiarn
2594 2497 2970 2580 prephata(!)
3020 2498 3285 2559 ecclesia
3334 2512 3435 2558 est

720 2609 984 2671 seudum
1049 2610 1421 2672 clericorum
1483 2611 1748 2672 ecclesie
1809 2613 2011 2673 sancti
2057 2610 2414 2691 Triphonis.
2460 2612 2806 2673 Residente
2850 2611 2975 2671 hoc
3022 2614 3085 2672 in
3132 2622 3433 2689 tempore

720 2724 786 2782 in
834 2723 1184 2802 apostolica
1231 2724 1384 2785 sede
1433 2723 1809 2786 Alexandro
1855 2724 2278 2786 uniuersalern
2330 2724 2665 2786 ecclesiam
2710 2724 2972 2785 feliciter
3008 2724 3433 2806 gubernante,

703 2836 990 2896 domino
1022 2848 1236 2897 autem
1270 2856 1419 2920 rege
1451 2837 1722 2900 Vroscio
1769 2857 2074 2917 prospere
2106 2848 2260 2918 aput
2293 2856 2411 2897 nos
2446 2848 2771 2920 regnante,
2817 2840 3125 2899 comitatu
3160 2834 3431 2920 Cat(ari)

722 2948 1065 3010 Budislauo
1111 2962 1389 3032 regente,
1435 2954 1748 3012 existente
1787 2961 2009 3016 ,autem
2054 2951 2138 3012 ad
2184 2951 2348 3012 hanc
2397 2952 2950 3012 consecrationem
2980 2949 3273 3012 Grobina
3323 2969 3433 3010 ue-

718 3063 980 3124 nerabili
1023 3064 1230 3125 electo
1275 3065 1539 3125 ecclesie
1585 3064 2005 3125 DulcinensiS.
2053 3063 2248 3143 Quod
2295 3083 2557 3143 presens
2626 3067 2929 3143 scriptum
2976 3063 3109 3124 fieri
3158 3063 3435 3124 fecimus

715 3193 831 3252 per
877 3194 1105 3237 manus
1172 3177 1421 3238 diaconi
1495 3177 1704 3238 Miche
1773 3175 1940 3258 Gige
2006 3180 2367 3238 communis
2438 3179 2665 3238 notarii
2724 3196 2874 3238 curn
2935 3178 3119 3257 signo
3168 3186 3433 3236 assueto

717 3291 972 3366 proprie
1021 3309 1264 3350 manuS.

895 3419 912 3474 ζ
921 3405 1186 3478 'Signum
1237 3407 1522 3478 notarii).

902 3593 1202 3667 Original
1257 3615 1296 3651 u
1358 3595 1580 3652 arkivu
1625 3595 2111 3670 jugoslavenske
2175 3595 2523 3671 akademg'je
2585 3616 2626 3653 u
2688 3594 2989 3669 Zagrebu.
3056 3594 3431 3670 Deplomata

718 3715 773 3752 a.
825 3699 990 3753 1:261.
1932 3691 1937 3698 ’

890 3803 1269 3882 Kukuljevic'
1307 3805 1458 3878 Reg.
1512 3824 1606 3860 nc).
1663 3807 1788 3860 810.

1984 4096 2173 4176 697.

716 4270 914 4349 1261,
960 4271 1069 4334 23.
1116 4269 1482 4336 februare..
1530 4269 1642 4337 Na
1685 4268 1919 4336 Rabu.

721 4465 1036 4538 Dabrum,
1107 4472 1269 4528 iana
1346 4465 1650 4550 Stepina‚
1722 4489 1800 4528 sa
1872 4466 2117 4550 svojz'm
2184 4464 2407 4528 sinam
2476 4465 2765 4550 proclaje
2836 4465 3035 4548 svoju
3108 4462 3425 4526 z‘movinu

1623 4578 1933 4663 Andrz'ji
1974 4580 2054 4642 de
2105 4579 2511 4663 Cotopagna.

897 4774 1198 4846 (Signum
1231 4775 1382 4840 not.)
1421 4770 1621 4832 Anno
1654 4771 1898 4832 domini
1935 4771 2273 4832 millesimo
2306 4769 2749 4831 ducentesimo
2773 4772 3175 4851 sexagesimo
3198 4771 3429 4848 prime,

721 4885 1038 4946 indicione
1071 4895 1312 4964 quarta,
1345 4885 1447 4946 die
1477 4895 1668 4955 sexto
1703 4895 1939 4946 exeute
1971 4884 2282 4960 februarii,
2313 4881 2494 4956 Arbi,
2522 4883 2920 4963 temporibus
2951 4883 3193 4943 domini
3226 4885 3423 4943 nostri

725 4997 1020 5076 Raynerii
1083 4997 1250 5060 Geni
1311 4998 1504 5060 incliti
1567 4998 1747 5059 ducis
1813 4998 2099 5059 Venecie
2158 5008 2221 5059 et
2283 4995 2662 5058 venerabilis
2706 4995 2995 5078 Gregorii
3042 4995 3126 5056 de
3173 4993 3427 5071 Costica

723 5107 1030 5174 Arbensis
1075 5112 1278 5186 electi,
1324 5131 1399 5172 ac
1445 5110 1680 5194 Angeli
1716 5111 2089 5173 Mauroceni
2134 5111 2371 5193 egregii
2416 5111 2685 5184 comitis,
2726 5109 3129 5189 presentibus
3166 5107 3431 5170 Bartho-
