3797 5795
1861 355 2273 419 —370-

715 547 823 609 filii
871 546 1136 619 Zerend,
1184 549 1290 624 qui
1337 555 1665 625 presentes
1709 546 1975 608 aderant
2044 547 2126 607 ab
2194 566 2317 607 vna
2370 559 2573 626 parte,
2620 549 2985 630 magistrum
3035 549 3409 611 Hoholdum

713 661 912 722 filium
959 661 1209 720 comitis
1257 657 1541 720 Hoholdi
1590 679 1674 719 ex
1719 659 1935 732 altera,
1994 679 2184 740 super
2242 661 2413 721 sacto
2476 673 2640 722 terre
2706 661 2986 729 Horwat,
3046 662 3131 723 de
3191 675 3413 724 sancto

713 773 994 834 Martino
1040 783 1104 833 et
1153 773 1308 832 Wsa
1353 775 1599 833 uocatis
1658 773 1874 833 arbitri
1939 772 2223 852 deputati
2288 791 2403 852 per
2446 773 2785 834 dominum
2846 791 3097 855 regem3
3158 787 3219 836 et
3265 794 3411 836 cum

711 885 905 946 iidem
952 884 1059 946 filii
1105 885 1411 963 Stephani
1461 887 1522 945 in
1570 884 1674 945 die
1720 887 2003 946 cinerum
2050 885 2278 946 decem
2328 904 2574 948 marcas
2620 889 2863 968 argenti
2911 889 2974 948 in
3023 901 3415 968 pagamento

713 999 962 1059 soluere
1007 997 1376 1058 debuissent
1421 1000 1724 1078 magistro
1773 997 2085 1059 Hoholdo
2130 1017 2349 1059 coram
2396 1001 2599 1072 nobiS,
2646 1011 2709 1060 et
2754 999 3003 1060 soluere
3052 1018 3182 1061 non
3227 1012 3413 1079 potu-

714 1116 907 1173 issent
967 1125 1030 1173 et
1093 1129 1340 1172 rursum
1385 1131 1423 1171 a
1469 1111 1572 1171 die
1633 1113 1919 1172 cinerum
1965 1113 2271 1172 vicesimo
2334 1111 2437 1173 die
2499 1113 2656 1172 alias
2723 1113 2952 1174 decem
3014 1130 3263 1173 maroes
3322 1133 3416 1172 ar-

713 1227 884 1308 genti
933 1227 994 1284 in
1040 1234 1430 1304 pagamento
1476 1224 1725 1285 soluere
1772 1224 2161 1298 debuissent,
2206 1225 2511 1286 antedicti
2558 1225 2938 1286 Leonardus
2981 1234 3044 1285 et
3078 1225 3417 1286 Rorandus

713 1337 818 1400 filii
866 1337 1174 1416 Stephani
1219 1355 1338 1415 pro
1383 1355 1450 1397 se
1495 1347 1558 1397 et
1619 1354 1838 1397 coram
1902 1337 2087 1396 nobis
2156 1339 2301 1397 uiua
2368 1355 2531 1398 uoce
2600 1337 2963 1412 retulerunt,
3034 1337 3211 1416 quod
3282 1337 3417 1399 illas

711 1463 909 1512 terras
953 1452 1239 1528 superius
1286 1453 1664 1522 nominataS,
1707 1449 2000 1510 videlicet
2062 1460 2295 1511 terram
2364 1450 2631 1511 Horwat
2691 1450 2775 1512 de
2828 1461 3055 1512 sancto
3116 1451 3417 1526 MartinO,

711 1582 831 1625 nec
877 1582 1007 1623 non
1054 1571 1286 1622 terram
1337 1563 1512 1642 Wsa,
1557 1581 1638 1623 eo
1684 1561 1862 1637 quod
1911 1562 2045 1623 illas
2088 1563 2304 1644 viginti
2354 1581 2601 1623 marcas
2663 1566 2902 1645 argenti
2968 1564 3219 1625 soluere
3283 1583 3415 1624 non

711 1685 992 1756 possent,
1038 1675 1422 1755 reliquerunt
1489 1674 1702 1736 eidem
1765 1677 2070 1756 magistro
2140 1675 2447 1736 Hoholdo
2507 1677 2926 1756 personaliter
2993 1680 3225 1738 astanti
3298 1678 3417 1738 sub

709 1789 953 1852 eisdem
1001 1790 1202 1861 metiS,
1247 1789 1440 1869 signis
1485 1799 1549 1848 et
1595 1789 1896 1861 terminiS,
1956 1807 2146 1867 super
2206 1789 2438 1867 quibus
2497 1799 2678 1869 pater
2741 1791 2934 1869 ipsius
2996 1809 3219 1852 comes
3282 1789 3418 1851 Ho-

711 1901 942 1963 holdus
987 1901 1174 1962 beate
1219 1903 1530 1962 memorie
1575 1921 1612 1961 a
1655 1911 1837 1979 patre
1884 1903 2167 1980 ipsorum
2238 1899 2569 1981 Stephano
2634 1901 2925 1962 videlicet
2986 1902 3118 1964 filio
3164 1903 3416 1964 Zerend

711 2015 1014 2096 possedit,
1074 2024 1386 2094 perpetuo
1431 2014 1870 2093 possidendas
1920 2013 2001 2074 Et
2046 2016 2095 2074 si
2143 2013 2360 2094 aliquo
2408 2017 2471 2075 in
2518 2025 2811 2094 tempore
2854 2016 3077 2094 prefati
3126 2014 3235 2076 filii
3279 2015 3417 2078 Ste-

710 2130 901 2209 phani
949 2127 1054 2189 filii
1101 2128 1348 2189 Zerend
1409 2146 1554 2188 cum
1603 2127 1836 2188 eodem
1887 2129 2191 2209 magistro
2242 2127 2551 2189 Hoholdo
2608 2129 2865 2189 racione
2918 2128 3235 2190 dictarum
3298 2140 3420 2190 ter-

711 2261 920 2302 rarum
967 2242 1140 2302 litem
1191 2241 1582 2301 incoauerint
1626 2259 1816 2318 super
1862 2241 2199 2318 premissi5‚
2246 2241 2514 2300 omnino
2548 2241 2901 2302 habeantur
2931 2259 3049 2320 pro
3081 2242 3416 2312 conuictiS‚

710 2358 870 2416 sicut
917 2354 998 2414 ad
1044 2355 1168 2414 hoc
1213 2340 1281 2414 se
1328 2353 1616 2413 ultronea
1662 2371 1730 2413 se
1778 2349 1840 2432 (l)
1908 2352 2270 2434 obligarunt
2333 2354 2681 2414 uoluntate.
2764 2351 3003 2414 Actum
3071 2357 3131 2414 in
3199 2353 3417 2414 medio

711 2467 878 2542 XLe,
937 2486 1108 2528 anno
1170 2467 1490 2527 dominice
1553 2467 2012 2526 incarnacionis
2084 2466 2420 2527 millesimo
2499 2465 2941 2528 ducentesimo
3010 2468 3419 2547 sexagesimo

713 2591 918 2641 sexto,

895 2773 1190 2846 Ortginal
1217 2773 1354 2848 pod
1383 2777 1658 2848 pec'atom
1706 2790 1790 2828 na
1839 2772 2002 2828 uzici
2044 2773 2129 2828 od
2160 2781 2535 2846 pergamene
2604 2791 2643 2827 u
2704 2769 2794 2827 kr.
2848 2791 2948 2844 ug.
3000 2773 3125 2829 ‹ir-2.
3188 2771 3414 2828 arkivu

711 2897 751 2935 u
797 2878 1086 2935 Budimu.
1137 2877 1224 2935 M.
1283 2877 1350 2935 O.
1403 2877 1480 2935 l).
1527 2875 1596 2933 L.
1647 2895 1740 2933 no,
1789 2879 1961 2932 1876.
2016 2876 2205 2933 Stura
2251 2877 2412 2951 αξη.
2462 2875 2543 2933 N.
2594 2877 2665 2937 R.
2716 2877 2784 2933 A.
2813 2880 2991 2953 fasc.
3045 2879 3190 2933 302.
3224 2897 3320 2935 ne.
3362 2882 3411 2933 4.

711 3015 794 3025 —
857 2982 1100 3039 [Venzel
1148 2982 1288 3040 Cod.
1334 2982 1480 3057 dipl.
1527 2980 1757 3057 Arpad.
1805 2989 1960 3037 cont.
2027 2980 2191 3038 VIII.
2240 2984 2372 3037 160.

1974 3358 2165 3437 853.

713 3551 912 3631 1266,
961 3548 1068 3614 15.
1115 3552 1382 3615 marta.
1430 3549 1488 3614 U
1532 3549 1847 3633 Peruqii.

718 3740 906 3825 Papa
957 3740 1284 3801 Klement
1331 3739 1372 3801 l
1386 3740 1454 3801 Γ.
1502 3738 1881 3824 ροιιζ]“εί]”κι]ἐ
1928 3746 2155 3824 oprosl
2190 3738 2430 3817 svz'ma,
2484 3739 2633 3825 kojz'
2672 3740 2744 3803 bi
2764 3740 3282 3825 przlrustvovalt',
3332 3742 3414 3804 is-

997 3851 1314 3936 povjedz‘v
1357 3874 1445 3928 se,
1492 3852 1894 3936 posvec‘enju
1944 3852 2139 3915 crkve
2184 3852 2747 3915 Donzz'nikanaca
2796 3878 2839 3916 u
2890 3856 3151 3918 Zadru.

884 4042 1183 4107 Clemens
1228 4048 1566 4123 episcopus
1598 4063 1818 4104 seruus
1847 4063 2179 4104 seruorum
2212 4044 2312 4104 dei
2348 4047 2654 4106 uniuersis
2689 4043 2913 4110 Christi
2950 4046 3245 4109 fidelibus
3276 4068 3414 4128 pre-

700 4167 920 4218 sentes
967 4156 1203 4218 litteras
1249 4160 1622 4236 inspecturis
1661 4156 1935 4218 salutem
1967 4168 2031 4217 et
2063 4156 2483 4235 apostolicam
2519 4158 3055 4220 benedictionem.
3088 4160 3413 4240 Splendor

699 4279 974 4345 paterne
1021 4269 1218 4349 glorie
1279 4273 1386 4350 qui
1454 4288 1569 4330 sua
1631 4268 1947 4329 mundum
2010 4269 2322 4329 illuminat
2384 4270 2688 4331 ineffabili
2750 4271 3033 4333 claritate
3095 4276 3197 4351 pia
3259 4285 3413 4335 uota

699 4378 993 4443 fidelium
1065 4383 1146 4443 de
1214 4384 1706 4444 clementissima
1767 4384 1960 4461 ipsius
2022 4384 2349 4443 maiestate
2414 4385 2823 4461 sperantium,
2884 4394 3036 4445 tunc
3112 4389 3410 4466 precipue

701 4492 992 4577 benigno
1054 4496 1273 4557 fauore
1324 4497 1744 4575 prosequitur,
1799 4513 1947 4555 cum
2008 4494 2245 4555 deuota
2314 4497 2595 4573 ipsorum
2665 4496 2985 4558 humilitas
3044 4508 3407 4561 sanctorum

699 4609 1004 4683 precibus
1050 4620 1112 4669 et
1161 4610 1396 4670 meritis
1443 4606 1794 4669 adiuuatur.
1843 4607 2172 4688 Rogamus
2218 4610 2433 4687 itaque
2496 4610 2975 4671 uniuersitatem
3022 4624 3299 4673 uestram
3344 4624 3407 4673 et

703 4716 1041 4781 hortamur
1071 4724 1134 4781 in
1167 4722 1434 4782 domino
1469 4723 1530 4780 in
1579 4721 2015 4781 remissionem
2066 4718 2249 4779 uobis
2296 4723 2745 4798 peccaminum
2794 4723 3212 4805 iniungentes,
3256 4744 3409 4805 qua—

703 4832 880 4894 tinus
939 4834 1022 4894 ad
1085 4834 1420 4896 ecclesiam
1487 4834 1863 4894 dilectorum
1929 4832 2201 4893 filiorum
2270 4832 2537 4893 fratrum
2619 4834 2856 4895 ordinis
2934 4836 3403 4900 Predicatorum

703 4943 1126 5025 Jadrensium,
1189 4967 1384 5026 quam
1446 4947 1667 5008 fratres
1729 4947 1862 5023 ipsi,
1908 4957 2097 5024 prout
2158 4947 2539 5023 accepimus
2588 4948 2649 5006 in
2696 4950 2996 5027 proximo
3044 4960 3406 5028 proponunt

713 5058 920 5120 facere
967 5060 1262 5133 dedicari,
1309 5060 1696 5138 imploraturi
1747 5079 1784 5118 a
1843 5057 2111 5118 domino
2160 5069 2516 5118 uestrorum
2571 5063 2827 5121 ueniam
2896 5062 3285 5129 delictorum.
3343 5066 3403 5122 in
