3797 5795
1563 380 1923 440 „gn-

1654 671 1846 750 577.

388 874 587 952 1257,
635 874 738 938 12.
781 873 1124 955 januara.

479 1062 644 1124 Bela
705 1063 895 1146 kralj
953 1061 1242 1148 ugarskc'
1285 1062 1315 1124 ι’
1355 1061 1673 1124 krvalskz'
1732 1061 1889 1146 daje
1953 1060 2323 1124 slobos‘lz‘ne
2375 1060 2986 1143 Jaslrebarskomu.

558 1369 708 1430 Bela
753 1369 856 1429 dei
898 1371 1105 1450 gracia
1143 1367 1484 1448 Hungarie.
1533 1367 1878 1432 Dalmacie,
1932 1365 2216 1437 Croacie,
2266 1368 2486 1439 Rame,
2531 1368 2765 1440 Seruie,
2814 1363 3094 1435 Gallicie,

388 1483 793 1555 Lodomerie,
856 1479 1294 1560 Cumanieque
1355 1501 1471 1541 rex
1533 1482 1834 1542 vniuersis
1895 1491 2222 1559 presentes
2286 1480 2522 1541 litteras
2582 1482 2956 1559 inspecturis
3002 1499 3098 1539 sa-

382 1596 582 1656 lutem
627 1598 690 1655 in
735 1615 815 1655 eo
864 1595 972 1673 qui
1018 1595 1272 1675 regibus
1304 1593 1414 1654 dat
1462 1593 1750 1654 salutem.
1799 1593 2169 1656 Sublimitas
2216 1597 2385 1674 regia
2432 1595 2607 1654 cuius
2639 1605 2731 1654 est
2767 1588 3091 1671 proprium

388 1712 448 1768 in
497 1707 902 1769 multitudine
962 1707 1180 1786 populi
1230 1707 1499 1788 gloriari,
1545 1707 1707 1766 solet
1769 1708 2151 1786 ampliorem
2202 1707 2470 1766 subditis
2517 1707 2871 1767 concedere
2917 1706 3098 1767 liber-

385 1832 602 1894 tatem,
648 1831 716 1881 ut
780 1840 892 1899 per
939 1821 1063 1880 hoc
1125 1820 1580 1880 famulancium
1653 1839 1957 1881 numerus
2017 1831 2339 1901 augeatur.
2404 1820 2678 1881 Proinde
2724 1820 2807 1880 ad
2856 1821 3097 1880 vniuer-

379 1953 596 1994 sorum
667 1935 970 1994 noticiam
1041 1943 1260 1994 tenore
1329 1935 1730 2011 presencium
1793 1934 2092 1993 uolumus
2158 1936 2507 2011 peruenire,
2576 1932 2752 2012 quod
2814 1933 3097 2010 hospites

381 2049 576 2107 nostri
624 2047 708 2107 de
748 2044 1194 2126 Jaztrabarcka
1240 2045 1322 2106 de
1379 2049 1691 2106 comitatu
1757 2046 1838 2106 de
1908 2046 2223 2127 Podgoria
2286 2047 2470 2106 nobis
2532 2045 2847 2106 humiliter
2908 2045 3098 2124 supli-

381 2170 624 2230 carunt,
691 2171 760 2219 ut
828 2159 1187 2219 libertatem
1259 2177 1384 2236 qua
1446 2169 1708 2218 utuntur
1779 2160 2063 2238 hospites
2140 2161 2334 2219 nostri
2419 2160 2499 2220 de
2572 2161 2821 2221 Petrina
2889 2170 2953 2218 et
3020 2159 3101 2218 de

383 2272 709 2332 Zomobur
753 2275 844 2332 eis
891 2271 1247 2332 concedere
1311 2271 1734 2353 dignaremur,
1785 2275 1962 2333 cuius
2037 2273 2299 2352 quidem
2363 2273 2665 2333 libertatis
2733 2273 2939 2332 forma
2985 2271 3104 2332 hec

383 2399 497 2445 cst.
566 2386 652 2447 Ut
713 2385 1004 2445 videlicet
1076 2404 1188 2445 eos
1265 2385 1472 2444 nullus
1529 2385 1804 2446 iudicum
1879 2398 2246 2446 nostrorum
2310 2397 2519 2464 preter
2580 2388 2889 2446 maiorem
2958 2385 3104 2445 uille

383 2498 760 2571 eorundem,
820 2516 1014 2577 quem
1077 2498 1430 2558 uoluntarie
1501 2498 1820 2579 elegerint,
1880 2499 2114 2559 audeat
2164 2499 2439 2559 iudicare
2485 2510 2547 2558 et
2596 2501 2641 2559 si
2691 2498 2774 2558 ab
2823 2501 3099 2577 ipsorum

386 2611 592 2671 iudice
660 2611 1201 2690 conquerentibus
1256 2610 1538 2671 satisfieri
1589 2630 1717 2670 non
1767 2614 2017 2690 poterit,
2081 2612 2275 2672 iudex
2321 2631 2543 2672 eorum
2591 2613 2654 2671 in
2702 2621 2918 2671 nostra
2964 2629 3101 2689 pre-

383 2725 600 2784 sencia
647 2734 710 2784 et
759 2743 885 2784 non
952 2724 1107 2784 alias
1169 2742 1358 2802 super
1404 2724 1539 2802 ipsa
1588 2743 1778 2784 causa
1825 2727 2056 2785 citatus
2103 2736 2392 2786 teneatur
2438 2735 2501 2785 et
2549 2725 2783 2784 debeat
2844 2743 3101 2802 respon-

385 2839 556 2912 dere,
603 2848 664 2899 et
713 2840 774 2896 in
821 2855 1212 2917 quocunque
1257 2856 1406 2897 casu
1455 2839 1618 2897 inter
1666 2840 1837 2917 ipsos
1885 2838 2169 2917 hospites
2216 2838 2315 2899 uel
2364 2857 2477 2917 per
2508 2839 2773 2899 eosdem
2821 2839 3101 2918 hospites

384 2962 607 3013 contra
677 2961 1022 3011 extraneos
1082 2951 1329 3029 aliquos
1374 2951 1476 3011 uel
1523 2971 1636 3029 per
1697 2962 2041 3013 extraneos
2098 2966 2318 3013 contra
2366 2956 2537 3031 ipsos
2584 2952 2865 3030 hospites
2911 2972 3099 3014 causa

385 3077 525 3125 orta
573 3064 774 3137 fuerit,
821 3064 1048 3124 eadem
1111 3083 1301 3123 causa
1349 3082 1476 3123 non
1546 3064 1760 3124 duello
1807 3064 1922 3125 sed
1974 3068 2331 3126 iuramento
2377 3085 2452 3126 ac
2497 3068 2865 3125 testimonio
2935 3065 3099 3125 deci-

386 3178 589 3237 datur.
659 3176 1013 3238 Statuimus
1073 3179 1295 3245 eciam,
1343 3177 1518 3254 quod
1583 3179 1629 3237 si
1704 3177 1911 3238 banus
1979 3182 2068 3239 eis
2139 3179 2222 3239 ad
2287 3180 2569 3239 ualorem
2639 3181 2823 3239 unius
2892 3196 3101 3237 marce

325 3266 336 3278 .
386 3290 742 3368 dampnum
789 3289 1022 3362 fecerit,
1071 3291 1130 3349 in
1180 3290 1478 3368 centuplo
1527 3286 1960 3371 restau(ra)ret
2006 3292 2267 3365 eisdem,
2299 3302 2515 3352 tamen
2548 3294 2720 3352 bano
2754 3310 2883 3351 non
2931 3290 3101 3350 aliud

387 3406 501 3463 nisi
579 3402 814 3487 domos
887 3421 1034 3463 suas
1108 3404 1446 3463 occasione
1513 3403 1860 3463 descensus
1928 3404 2079 3465 dare
2148 3416 2500 3476 teneantur,
2560 3425 2676 3483 pro
2746 3405 2880 3465 aliis
2948 3423 3101 3464 uero

388 3518 754 3577 necessariis
815 3518 1098 3594 precium
1147 3518 1467 3595 recipiant.
1531 3516 1612 3577 Et
1675 3518 1723 3577 si
1770 3518 1995 3597 aliquis
2054 3521 2335 3597 ipsorum
2399 3518 2576 3598 prole
2638 3521 2921 3588 caruerit,
2968 3530 3098 3577 tam

389 3631 530 3708 ipso
575 3630 850 3701 uiuente,
895 3647 1089 3708 quam
1136 3649 1173 3688 a
1219 3629 1435 3689 seculo
1496 3633 2002 3709 transmigrante,
2047 3636 2219 3694 bona
2266 3653 2377 3695 sua
2425 3634 2787 3711 ubicunque
2834 3632 3103 3692 uoluerit

390 3742 584 3802 libere
631 3742 918 3801 conferat
965 3741 1312 3802 retinenda.
1361 3742 1444 3802 Et
1489 3744 1536 3801 si
1587 3744 1726 3816 quis
1773 3745 1975 3821 ipsam
2027 3742 2241 3801 uillam
2290 3742 2521 3799 intrare
2580 3737 2849 3798 uoluerit
2898 3756 3102 3796 mora-

388 3866 582 3926 turuS,
630 3856 846 3913 omnia
895 3855 1067 3914 bona
1113 3874 1263 3927 sua,
1334 3854 1566 3914 domos
1635 3854 1931 3915 uidelicet
1993 3865 2055 3914 et
2120 3854 2239 3913 alia
2300 3872 2425 3932 que
2472 3852 2758 3931 possidet
2804 3851 3103 3910 omnibus

387 3968 734 4027 scientibus
812 3967 1075 4027 liberam
1155 3967 1384 4027 habeat
1455 3968 1777 4028 uendendi
1861 3968 2232 4028 facultatem
2301 3977 2364 4025 et
2432 3965 2739 4025 recedens
2808 3964 2887 4023 de
2956 3963 3101 4023 uilla

389 4078 664 4140 eandem
713 4082 979 4139 retineat
1027 4080 1401 4140 libertatern.
1449 4078 1802 4141 Statuimus
1833 4082 2058 4154 eciam,
2103 4094 2171 4141 ut
2204 4079 2603 4140 sacerdotem
2654 4095 3102 4157 quemcunque

387 4193 706 4252 noluerint
753 4193 816 4252 in
863 4212 1046 4253 suam
1096 4196 1398 4272 recipiant
1460 4194 1813 4267 ecclesiam,
1861 4194 1944 4255 de
1990 4194 2254 4254 decimis
2314 4212 2536 4253 eomm
2600 4190 2808 4270 proud
2835 4192 2897 4269 (l)
2963 4209 3103 4249 mos

387 4316 486 4365 est
530 4304 884 4383 hospitibus
934 4306 1294 4386 ubicunque
1340 4308 1746 4368 manentibus
1793 4306 2225 4385 disponentes
2282 4306 2415 4367 Nec
2462 4306 2584 4366 hoc
2632 4306 2932 4366 uolumus
2979 4304 3101 4363 sub

389 4418 650 4478 silencio
717 4421 1114 4496 pertransire,
1173 4418 1352 4497 quod
1404 4420 1669 4497 predicti
1737 4420 2020 4498 hospites
2090 4422 2283 4480 nostri
2332 4420 2517 4480 nobis
2581 4421 2910 4479 annuatim
2984 4438 3099 4496 pro

393 4530 658 4591 collecta
683 4540 941 4591 centum
968 4550 1197 4610 pensas
1223 4543 1287 4592 et
1313 4552 1430 4611 pro
1454 4534 1690 4593 tributo
1723 4533 1837 4593 fori
1873 4535 2125 4614 triginta
2151 4552 2382 4611 pensas
2412 4533 2661 4593 soluere
2694 4530 3099 4613 tene(a)ntur.

390 4641 499 4705 Ad
563 4643 678 4703 hec
739 4661 886 4703 cum
959 4643 1150 4705 iidem
1220 4645 1500 4723 hospites
1570 4648 1766 4706 nostri
1829 4648 1913 4706 de
1972 4644 2419 4725 Jaztrabarcka
2477 4664 2545 4713 ‚se
2608 4658 2769 4705 terra
2820 4645 3103 4706 dicerent

395 4755 698 4836 indigere,
743 4754 1074 4834 Stephano
1135 4758 1308 4817 bano
1377 4758 1578 4818 to'cius
1622 4757 1963 4820 Sclauonie
2009 4770 2071 4819 et
2118 4762 2451 4837 capitaneo
2512 4760 2697 4820 Stirie
2762 4758 2994 4820 dilecto
3041 4769 3101 4818 et

393 4867 564 4928 fideli
613 4880 830 4929 nostro
880 4868 1175 4930 dedimus
1207 4870 1640 4937 inmandatis,
1687 4882 1754 4931 ut
1802 4872 1884 4932 de
1931 4884 2095 4931 terra
2144 4872 2415 4931 filiorum
2451 4870 2657 4934 Cuetk
2703 4882 2765 4931 et
2815 4873 2895 4932 de
2942 4883 3103 4933 terra

395 4979 667 5041 filiorum
741 4980 992 5042 Kundis
1037 4992 1102 5043 et
1148 4982 1230 5043 de
1283 4994 1444 5043 terra
1509 4987 1948 5064 generacionis
2018 4984 2378 5067 Draguzlay
2442 4987 2855 5067 iobagionum
2919 4988 3101 5047 castri

395 5093 477 5153 de
524 5093 842 5175 Podgoria
891 5107 952 5153 et
1000 5096 1201 5155 eciam
1265 5099 1677 5156 castrensium
1741 5098 1982 5157 eisdem
2031 5099 2114 5157 ad
2162 5101 2275 5159 tria
2323 5111 2528 5159 aratra
2587 5104 2949 5181 assignaret,
2996 5102 3101 5179 qui
