<?xml version="1.0" encoding="UTF-8"?>
<!DOCTYPE html PUBLIC "-//W3C//DTD XHTML 1.0 Transitional//EN"
    "http://www.w3.org/TR/xhtml1/DTD/xhtml1-transitional.dtd">
<html xmlns="http://www.w3.org/1999/xhtml" xml:lang="en" lang="en">
 <head>
  <title>
</title>
<meta http-equiv="Content-Type" content="text/html;charset=utf-8" />
  <meta name='ocr-system' content='tesseract 3.04.00' />
  <meta name='ocr-capabilities' content='ocr_page ocr_carea ocr_par ocr_line ocrx_word'/>
</head>
<body>
  <div class='ocr_page' id='page_1' title='image "./codexdiplomatic00umjegoog_0151.png"; bbox 0 0 3797 5795; ppageno 0'>
   <div class='ocr_carea' id='block_1_1' title="bbox 1857 348 2271 411">
    <p class='ocr_par' dir='ltr' id='par_1_1' title="bbox 1857 348 2271 411">
     <span class='ocr_line' id='line_1_1' title="bbox 1857 348 2271 411; baseline 0.01 -3"><span class='ocrx_word' id='word_1_1' title='bbox 1857 382 1943 390; x_wconf 88' lang='lat'><strong>—-</strong></span> <span class='ocrx_word' id='word_1_2' title='bbox 2009 348 2130 411; x_wconf 78' lang='lat'><strong>138</strong></span> <span class='ocrx_word' id='word_1_3' title='bbox 2186 383 2271 390; x_wconf 91' lang='lat'>—</span> 
     </span>
    </p>
   </div>
   <div class='ocr_carea' id='block_1_2' title="bbox 665 534 3431 3446">
    <p class='ocr_par' dir='ltr' id='par_1_2' title="bbox 665 534 3431 3446">
     <span class='ocr_line' id='line_1_2' title="bbox 710 534 3425 618; baseline -0.003 -20"><span class='ocrx_word' id='word_1_4' title='bbox 710 550 772 599; x_wconf 91' lang='lat' dir='ltr'><strong>et</strong></span> <span class='ocrx_word' id='word_1_5' title='bbox 820 557 1045 598; x_wconf 92' lang='lat' dir='ltr'><strong>omnes</strong></span> <span class='ocrx_word' id='word_1_6' title='bbox 1092 538 1335 616; x_wconf 89' lang='lat' dir='ltr'><strong>lapides</strong></span> <span class='ocrx_word' id='word_1_7' title='bbox 1379 542 1483 618; x_wconf 88' lang='lat' dir='ltr'><strong>qui</strong></span> <span class='ocrx_word' id='word_1_8' title='bbox 1535 540 1596 599; x_wconf 90' lang='lat' dir='ltr'><strong>in</strong></span> <span class='ocrx_word' id='word_1_9' title='bbox 1645 541 1778 618; x_wconf 91' lang='lat' dir='ltr'><strong>ipsa</strong></span> <span class='ocrx_word' id='word_1_10' title='bbox 1825 542 2215 618; x_wconf 81' lang='lat' dir='ltr'>proprietate</span> <span class='ocrx_word' id='word_1_11' title='bbox 2275 540 2673 598; x_wconf 90' lang='lat' dir='ltr'><strong>inuenientur</strong></span> <span class='ocrx_word' id='word_1_12' title='bbox 2718 555 2831 615; x_wconf 91' lang='lat' dir='ltr'><strong>per</strong></span> <span class='ocrx_word' id='word_1_13' title='bbox 2877 534 3163 595; x_wconf 90' lang='lat' dir='ltr'><strong>medium</strong></span> <span class='ocrx_word' id='word_1_14' title='bbox 3210 535 3425 593; x_wconf 87' lang='lat' dir='ltr'><strong>eciam</strong></span> 
     </span>
     <span class='ocr_line' id='line_1_3' title="bbox 665 640 3431 730; baseline -0.002 -19"><span class='ocrx_word' id='word_1_15' title='bbox 665 640 1092 723; x_wconf 61' lang='lat' dir='ltr'><strong>&#39;diuidentun</strong></span> <span class='ocrx_word' id='word_1_16' title='bbox 1137 670 1330 712; x_wconf 88' lang='lat' dir='ltr'><strong>unam</strong></span> <span class='ocrx_word' id='word_1_17' title='bbox 1401 652 1810 713; x_wconf 86' lang='lat' dir='ltr'><strong>medietatem</strong></span> <span class='ocrx_word' id='word_1_18' title='bbox 1873 654 2050 713; x_wconf 91' lang='lat' dir='ltr'><strong>cuius</strong></span> <span class='ocrx_word' id='word_1_19' title='bbox 2110 652 2511 730; x_wconf 80' lang='lat' dir='ltr'><strong>proprietatis</strong></span> <span class='ocrx_word' id='word_1_20' title='bbox 2570 649 2673 710; x_wconf 89' lang='lat' dir='ltr'><strong>uel</strong></span> <span class='ocrx_word' id='word_1_21' title='bbox 2732 649 2872 719; x_wconf 85' lang='lat' dir='ltr'><strong>loci,</strong></span> <span class='ocrx_word' id='word_1_22' title='bbox 2918 666 3045 728; x_wconf 91' lang='lat' dir='ltr'><strong>que</strong></span> <span class='ocrx_word' id='word_1_23' title='bbox 3104 646 3431 707; x_wconf 84' lang='lat' dir='ltr'>medietas</span> 
     </span>
     <span class='ocr_line' id='line_1_4' title="bbox 709 759 3427 843; baseline -0.002 -18"><span class='ocrx_word' id='word_1_24' title='bbox 709 776 804 825; x_wconf 88' lang='lat' dir='ltr'><strong>est</strong></span> <span class='ocrx_word' id='word_1_25' title='bbox 851 784 936 825; x_wconf 84' lang='lat' dir='ltr'><strong>ex</strong></span> <span class='ocrx_word' id='word_1_26' title='bbox 981 776 1160 843; x_wconf 85' lang='lat' dir='ltr'><strong>parte</strong></span> <span class='ocrx_word' id='word_1_27' title='bbox 1221 766 1484 842; x_wconf 86' lang='lat' dir='ltr'><strong>quirine,</strong></span> <span class='ocrx_word' id='word_1_28' title='bbox 1544 765 1856 826; x_wconf 81' lang='lat' dir='ltr'>debemus</span> <span class='ocrx_word' id='word_1_29' title='bbox 1921 765 2155 825; x_wconf 88' lang='lat' dir='ltr'><strong>habere</strong></span> <span class='ocrx_word' id='word_1_30' title='bbox 2202 783 2321 825; x_wconf 90' lang='lat' dir='ltr'><strong>nos</strong></span> <span class='ocrx_word' id='word_1_31' title='bbox 2364 765 2767 842; x_wconf 84' lang='lat' dir='ltr'>suprascripti</span> <span class='ocrx_word' id='word_1_32' title='bbox 2830 762 3077 836; x_wconf 69' lang='lat' dir='ltr'><strong>petrico</strong></span> <span class='ocrx_word' id='word_1_33' title='bbox 3120 773 3185 820; x_wconf 92' lang='lat' dir='ltr'><strong>et</strong></span> <span class='ocrx_word' id='word_1_34' title='bbox 3232 759 3427 820; x_wconf 88' lang='lat' dir='ltr'><strong>Bona</strong></span> 
     </span>
     <span class='ocr_line' id='line_1_5' title="bbox 708 872 3425 960; baseline -0.003 -22"><span class='ocrx_word' id='word_1_35' title='bbox 708 898 826 959; x_wconf 91' lang='lat' dir='ltr'><strong>pro</strong></span> <span class='ocrx_word' id='word_1_36' title='bbox 886 880 1130 938; x_wconf 90' lang='lat' dir='ltr'><strong>cunctis</strong></span> <span class='ocrx_word' id='word_1_37' title='bbox 1199 876 1538 938; x_wconf 83' lang='lat' dir='ltr'><strong>heredibus</strong></span> <span class='ocrx_word' id='word_1_38' title='bbox 1583 890 1646 939; x_wconf 91' lang='lat' dir='ltr'><strong>et</strong></span> <span class='ocrx_word' id='word_1_39' title='bbox 1693 879 2162 939; x_wconf 86' lang='lat' dir='ltr'><strong>successoribus</strong></span> <span class='ocrx_word' id='word_1_40' title='bbox 2231 876 2449 960; x_wconf 53' lang='lat' dir='ltr'><strong>(jancii</strong></span> <span class='ocrx_word' id='word_1_41' title='bbox 2520 878 2853 936; x_wconf 89' lang='lat' dir='ltr'><strong>memorati</strong></span> <span class='ocrx_word' id='word_1_42' title='bbox 2902 887 2963 935; x_wconf 90' lang='lat' dir='ltr'><strong>et</strong></span> <span class='ocrx_word' id='word_1_43' title='bbox 3010 884 3081 933; x_wconf 92' lang='lat' dir='ltr'><strong>tu</strong></span> <span class='ocrx_word' id='word_1_44' title='bbox 3126 872 3425 952; x_wconf 84' lang='lat' dir='ltr'><strong>predicte</strong></span> 
     </span>
     <span class='ocr_line' id='line_1_6' title="bbox 701 988 3429 1071; baseline -0.002 -20"><span class='ocrx_word' id='word_1_45' title='bbox 701 990 941 1071; x_wconf 84' lang='lat' dir='ltr'><strong>Jacobe</strong></span> <span class='ocrx_word' id='word_1_46' title='bbox 1003 1010 1120 1069; x_wconf 88' lang='lat' dir='ltr'><strong>pro</strong></span> <span class='ocrx_word' id='word_1_47' title='bbox 1183 990 1354 1050; x_wconf 92' lang='lat' dir='ltr'><strong>dicto</strong></span> <span class='ocrx_word' id='word_1_48' title='bbox 1421 990 1640 1052; x_wconf 86' lang='lat' dir='ltr'><strong>Leone</strong></span> <span class='ocrx_word' id='word_1_49' title='bbox 1687 1004 1748 1051; x_wconf 91' lang='lat' dir='ltr'><strong>et</strong></span> <span class='ocrx_word' id='word_1_50' title='bbox 1797 1012 1908 1053; x_wconf 88' lang='lat' dir='ltr'><strong>sua</strong></span> <span class='ocrx_word' id='word_1_51' title='bbox 1972 1012 2189 1051; x_wconf 89' lang='lat' dir='ltr'><strong>sorore</strong></span> <span class='ocrx_word' id='word_1_52' title='bbox 2254 1009 2608 1068; x_wconf 87' lang='lat' dir='ltr'><strong>eorumque</strong></span> <span class='ocrx_word' id='word_1_53' title='bbox 2676 988 3015 1050; x_wconf 81' lang='lat' dir='ltr'><strong>heredibus</strong></span> <span class='ocrx_word' id='word_1_54' title='bbox 3060 1002 3121 1047; x_wconf 91' lang='lat' dir='ltr'><strong>et</strong></span> <span class='ocrx_word' id='word_1_55' title='bbox 3168 1004 3429 1047; x_wconf 87' lang='lat' dir='ltr'><strong>succes-</strong></span> 
     </span>
     <span class='ocr_line' id='line_1_7' title="bbox 708 1104 3429 1183; baseline -0.002 -20"><span class='ocrx_word' id='word_1_56' title='bbox 708 1105 954 1164; x_wconf 89' lang='lat' dir='ltr'><strong>soribus</strong></span> <span class='ocrx_word' id='word_1_57' title='bbox 1003 1104 1202 1164; x_wconf 88' lang='lat' dir='ltr'><strong>debes</strong></span> <span class='ocrx_word' id='word_1_58' title='bbox 1249 1104 1482 1165; x_wconf 87' lang='lat' dir='ltr'><strong>habere</strong></span> <span class='ocrx_word' id='word_1_59' title='bbox 1547 1105 1812 1165; x_wconf 88' lang='lat' dir='ltr'><strong>alteram</strong></span> <span class='ocrx_word' id='word_1_60' title='bbox 1879 1105 2310 1172; x_wconf 82' lang='lat' dir='ltr'><strong>medietatem,</strong></span> <span class='ocrx_word' id='word_1_61' title='bbox 2360 1124 2484 1183; x_wconf 92' lang='lat' dir='ltr'><strong>que</strong></span> <span class='ocrx_word' id='word_1_62' title='bbox 2530 1115 2625 1163; x_wconf 87' lang='lat' dir='ltr'><strong>est</strong></span> <span class='ocrx_word' id='word_1_63' title='bbox 2671 1123 2757 1163; x_wconf 86' lang='lat' dir='ltr'><strong>ex</strong></span> <span class='ocrx_word' id='word_1_64' title='bbox 2801 1111 2981 1180; x_wconf 89' lang='lat' dir='ltr'><strong>parte</strong></span> <span class='ocrx_word' id='word_1_65' title='bbox 3026 1114 3307 1161; x_wconf 86' lang='lat' dir='ltr'><strong>trauerse</strong></span> <span class='ocrx_word' id='word_1_66' title='bbox 3353 1112 3429 1157; x_wconf 84' lang='lat' dir='ltr'><strong>et</strong></span> 
     </span>
     <span class='ocr_line' id='line_1_8' title="bbox 709 1214 3427 1296; baseline -0.002 -20"><span class='ocrx_word' id='word_1_67' title='bbox 709 1229 976 1295; x_wconf 89' lang='lat' dir='ltr'><strong>utraque</strong></span> <span class='ocrx_word' id='word_1_68' title='bbox 1023 1217 1334 1277; x_wconf 84' lang='lat' dir='ltr'><strong>medietas</strong></span> <span class='ocrx_word' id='word_1_69' title='bbox 1366 1221 1767 1296; x_wconf 85' lang='lat' dir='ltr'><strong>proprietatis</strong></span> <span class='ocrx_word' id='word_1_70' title='bbox 1798 1219 2083 1279; x_wconf 89' lang='lat' dir='ltr'><strong>eiusdem</strong></span> <span class='ocrx_word' id='word_1_71' title='bbox 2118 1218 2311 1278; x_wconf 90' lang='lat' dir='ltr'><strong>debet</strong></span> <span class='ocrx_word' id='word_1_72' title='bbox 2343 1229 2683 1292; x_wconf 90' lang='lat' dir='ltr'><strong>utrumque</strong></span> <span class='ocrx_word' id='word_1_73' title='bbox 2716 1217 3039 1275; x_wconf 90' lang='lat' dir='ltr'><strong>introitum</strong></span> <span class='ocrx_word' id='word_1_74' title='bbox 3074 1226 3136 1273; x_wconf 88' lang='lat' dir='ltr'><strong>et</strong></span> <span class='ocrx_word' id='word_1_75' title='bbox 3168 1214 3427 1273; x_wconf 80' lang='lat' dir='ltr'><strong>exitum</strong></span> 
     </span>
     <span class='ocr_line' id='line_1_9' title="bbox 709 1328 3425 1411; baseline -0.001 -24"><span class='ocrx_word' id='word_1_76' title='bbox 709 1331 999 1391; x_wconf 89' lang='lat' dir='ltr'><strong>obtinere</strong></span> <span class='ocrx_word' id='word_1_77' title='bbox 1045 1341 1175 1390; x_wconf 88' lang='lat' dir='ltr'><strong>tam</strong></span> <span class='ocrx_word' id='word_1_78' title='bbox 1225 1350 1306 1391; x_wconf 81' lang='lat' dir='ltr'><strong>ex</strong></span> <span class='ocrx_word' id='word_1_79' title='bbox 1353 1342 1533 1409; x_wconf 88' lang='lat' dir='ltr'><strong>parte</strong></span> <span class='ocrx_word' id='word_1_80' title='bbox 1595 1334 1857 1411; x_wconf 88' lang='lat' dir='ltr'><strong>quirine,</strong></span> <span class='ocrx_word' id='word_1_81' title='bbox 1920 1350 2112 1411; x_wconf 89' lang='lat' dir='ltr'><strong>quam</strong></span> <span class='ocrx_word' id='word_1_82' title='bbox 2178 1352 2261 1391; x_wconf 85' lang='lat' dir='ltr'><strong>ex</strong></span> <span class='ocrx_word' id='word_1_83' title='bbox 2308 1342 2487 1409; x_wconf 85' lang='lat' dir='ltr'><strong>parte</strong></span> <span class='ocrx_word' id='word_1_84' title='bbox 2548 1342 2844 1391; x_wconf 88' lang='lat' dir='ltr'><strong>trauerse.</strong></span> <span class='ocrx_word' id='word_1_85' title='bbox 2892 1328 3089 1389; x_wconf 85' lang='lat' dir='ltr'><strong>Facta</strong></span> <span class='ocrx_word' id='word_1_86' title='bbox 3148 1345 3305 1387; x_wconf 87' lang='lat' dir='ltr'><strong>uero</strong></span> <span class='ocrx_word' id='word_1_87' title='bbox 3350 1336 3425 1385; x_wconf 86' lang='lat' dir='ltr'><strong>et</strong></span> 
     </span>
     <span class='ocr_line' id='line_1_10' title="bbox 708 1440 3425 1523; baseline -0.002 -20"><span class='ocrx_word' id='word_1_88' title='bbox 708 1443 1030 1521; x_wconf 87' lang='lat' dir='ltr'><strong>completa</strong></span> <span class='ocrx_word' id='word_1_89' title='bbox 1078 1443 1390 1503; x_wconf 89' lang='lat' dir='ltr'><strong>diuisione</strong></span> <span class='ocrx_word' id='word_1_90' title='bbox 1437 1445 1584 1504; x_wconf 89' lang='lat' dir='ltr'><strong>dicti</strong></span> <span class='ocrx_word' id='word_1_91' title='bbox 1638 1444 1754 1505; x_wconf 90' lang='lat' dir='ltr'><strong>loci</strong></span> <span class='ocrx_word' id='word_1_92' title='bbox 1807 1447 1941 1505; x_wconf 88' lang='lat' dir='ltr'><strong>siue</strong></span> <span class='ocrx_word' id='word_1_93' title='bbox 1988 1445 2389 1523; x_wconf 84' lang='lat' dir='ltr'><strong>proprietatis</strong></span> <span class='ocrx_word' id='word_1_94' title='bbox 2438 1463 2555 1503; x_wconf 93' lang='lat' dir='ltr'><strong>nos</strong></span> <span class='ocrx_word' id='word_1_95' title='bbox 2587 1443 2809 1522; x_wconf 86' lang='lat' dir='ltr'><strong>prefati</strong></span> <span class='ocrx_word' id='word_1_96' title='bbox 2862 1443 3107 1517; x_wconf 69' lang='lat' dir='ltr'><strong>Petrico</strong></span> <span class='ocrx_word' id='word_1_97' title='bbox 3136 1454 3199 1501; x_wconf 93' lang='lat' dir='ltr'><strong>et</strong></span> <span class='ocrx_word' id='word_1_98' title='bbox 3232 1440 3425 1499; x_wconf 88' lang='lat' dir='ltr'><strong>Bona</strong></span> 
     </span>
     <span class='ocr_line' id='line_1_11' title="bbox 709 1555 3427 1630; baseline -0.001 -16"><span class='ocrx_word' id='word_1_99' title='bbox 709 1574 856 1615; x_wconf 88' lang='lat' dir='ltr'><strong>cum</strong></span> <span class='ocrx_word' id='word_1_100' title='bbox 908 1559 1137 1615; x_wconf 87' lang='lat' dir='ltr'><strong>nostris</strong></span> <span class='ocrx_word' id='word_1_101' title='bbox 1199 1556 1536 1617; x_wconf 87' lang='lat' dir='ltr'><strong>heredibus</strong></span> <span class='ocrx_word' id='word_1_102' title='bbox 1582 1568 1646 1617; x_wconf 92' lang='lat' dir='ltr'><strong>et</strong></span> <span class='ocrx_word' id='word_1_103' title='bbox 1691 1558 2160 1617; x_wconf 86' lang='lat' dir='ltr'><strong>successoribus</strong></span> <span class='ocrx_word' id='word_1_104' title='bbox 2221 1556 2533 1617; x_wconf 87' lang='lat' dir='ltr'><strong>debemus</strong></span> <span class='ocrx_word' id='word_1_105' title='bbox 2579 1568 2641 1616; x_wconf 89' lang='lat' dir='ltr'><strong>et</strong></span> <span class='ocrx_word' id='word_1_106' title='bbox 2690 1568 2978 1616; x_wconf 88' lang='lat' dir='ltr'><strong>tenemur</strong></span> <span class='ocrx_word' id='word_1_107' title='bbox 3039 1555 3149 1613; x_wconf 89' lang='lat' dir='ltr'><strong>tibi</strong></span> <span class='ocrx_word' id='word_1_108' title='bbox 3198 1572 3427 1630; x_wconf 87' lang='lat' dir='ltr'><strong>supra-</strong></span> 
     </span>
     <span class='ocr_line' id='line_1_12' title="bbox 707 1667 3423 1749; baseline -0.001 -21"><span class='ocrx_word' id='word_1_109' title='bbox 707 1670 942 1746; x_wconf 90' lang='lat' dir='ltr'><strong>scripto</strong></span> <span class='ocrx_word' id='word_1_110' title='bbox 1004 1668 1248 1748; x_wconf 88' lang='lat' dir='ltr'><strong>Jacobo</strong></span> <span class='ocrx_word' id='word_1_111' title='bbox 1317 1681 1426 1730; x_wconf 89' lang='lat' dir='ltr'><strong>aut</strong></span> <span class='ocrx_word' id='word_1_112' title='bbox 1495 1672 1607 1749; x_wconf 89' lang='lat' dir='ltr'><strong>ipsi</strong></span> <span class='ocrx_word' id='word_1_113' title='bbox 1682 1670 1882 1730; x_wconf 87' lang='lat' dir='ltr'><strong>Leoni</strong></span> <span class='ocrx_word' id='word_1_114' title='bbox 1933 1684 1995 1729; x_wconf 90' lang='lat' dir='ltr'><strong>et</strong></span> <span class='ocrx_word' id='word_1_115' title='bbox 2042 1673 2174 1730; x_wconf 90' lang='lat' dir='ltr'><strong>eius</strong></span> <span class='ocrx_word' id='word_1_116' title='bbox 2242 1672 2438 1729; x_wconf 89' lang='lat' dir='ltr'><strong>sorori</strong></span> <span class='ocrx_word' id='word_1_117' title='bbox 2509 1673 2921 1749; x_wconf 90' lang='lat' dir='ltr'><strong>ipsorumque</strong></span> <span class='ocrx_word' id='word_1_118' title='bbox 2966 1667 3307 1727; x_wconf 87' lang='lat' dir='ltr'><strong>heredibus</strong></span> <span class='ocrx_word' id='word_1_119' title='bbox 3352 1675 3423 1724; x_wconf 87' lang='lat' dir='ltr'><strong>et</strong></span> 
     </span>
     <span class='ocr_line' id='line_1_13' title="bbox 707 1779 3423 1861; baseline -0.001 -21"><span class='ocrx_word' id='word_1_120' title='bbox 707 1782 1176 1842; x_wconf 88' lang='lat' dir='ltr'><strong>successoribus</strong></span> <span class='ocrx_word' id='word_1_121' title='bbox 1237 1782 1770 1861; x_wconf 87' lang='lat' dir='ltr'><strong>discalumpniare</strong></span> <span class='ocrx_word' id='word_1_122' title='bbox 1831 1794 1896 1843; x_wconf 90' lang='lat' dir='ltr'><strong>et</strong></span> <span class='ocrx_word' id='word_1_123' title='bbox 1957 1781 2313 1843; x_wconf 82' lang='lat' dir='ltr'><strong>deffensare</strong></span> <span class='ocrx_word' id='word_1_124' title='bbox 2378 1782 2789 1843; x_wconf 89' lang='lat' dir='ltr'><strong>medietatem</strong></span> <span class='ocrx_word' id='word_1_125' title='bbox 2854 1779 3205 1860; x_wconf 84' lang='lat' dir='ltr'><strong>predictam</strong></span> <span class='ocrx_word' id='word_1_126' title='bbox 3268 1798 3423 1857; x_wconf 88' lang='lat' dir='ltr'><strong>pro·</strong></span> 
     </span>
     <span class='ocr_line' id='line_1_14' title="bbox 707 1894 3421 1971; baseline -0.001 -18"><span class='ocrx_word' id='word_1_127' title='bbox 707 1894 990 1971; x_wconf 85' lang='lat' dir='ltr'><strong>prietatis</strong></span> <span class='ocrx_word' id='word_1_128' title='bbox 1058 1894 1206 1954; x_wconf 90' lang='lat' dir='ltr'><strong>dicti</strong></span> <span class='ocrx_word' id='word_1_129' title='bbox 1282 1894 1517 1955; x_wconf 88' lang='lat' dir='ltr'><strong>Leonis</strong></span> <span class='ocrx_word' id='word_1_130' title='bbox 1563 1908 1623 1955; x_wconf 90' lang='lat' dir='ltr'><strong>et</strong></span> <span class='ocrx_word' id='word_1_131' title='bbox 1671 1898 1804 1957; x_wconf 86' lang='lat' dir='ltr'><strong>eius</strong></span> <span class='ocrx_word' id='word_1_132' title='bbox 1873 1898 2105 1956; x_wconf 88' lang='lat' dir='ltr'><strong>sororis</strong></span> <span class='ocrx_word' id='word_1_133' title='bbox 2165 1898 2248 1955; x_wconf 86' lang='lat' dir='ltr'><strong>ab</strong></span> <span class='ocrx_word' id='word_1_134' title='bbox 2307 1896 2607 1956; x_wconf 87' lang='lat' dir='ltr'><strong>omnibus</strong></span> <span class='ocrx_word' id='word_1_135' title='bbox 2676 1894 3013 1955; x_wconf 86' lang='lat' dir='ltr'><strong>heredibus</strong></span> <span class='ocrx_word' id='word_1_136' title='bbox 3058 1906 3119 1953; x_wconf 92' lang='lat' dir='ltr'><strong>et</strong></span> <span class='ocrx_word' id='word_1_137' title='bbox 3166 1910 3421 1952; x_wconf 87' lang='lat' dir='ltr'><strong>succes-</strong></span> 
     </span>
     <span class='ocr_line' id='line_1_15' title="bbox 706 2005 3421 2089; baseline -0.002 -22"><span class='ocrx_word' id='word_1_138' title='bbox 706 2008 952 2067; x_wconf 87' lang='lat' dir='ltr'><strong>soribus</strong></span> <span class='ocrx_word' id='word_1_139' title='bbox 999 2008 1221 2086; x_wconf 88' lang='lat' dir='ltr'><strong>prefati</strong></span> <span class='ocrx_word' id='word_1_140' title='bbox 1285 2007 1499 2089; x_wconf 64' lang='lat' dir='ltr'><strong>Cancii</strong></span> <span class='ocrx_word' id='word_1_141' title='bbox 1551 2010 1746 2069; x_wconf 87' lang='lat' dir='ltr'><strong>nostri</strong></span> <span class='ocrx_word' id='word_1_142' title='bbox 1793 2011 1989 2087; x_wconf 85' lang='lat' dir='ltr'><strong>patris</strong></span> <span class='ocrx_word' id='word_1_143' title='bbox 2050 2028 2192 2068; x_wconf 88' lang='lat' dir='ltr'><strong>eam</strong></span> <span class='ocrx_word' id='word_1_144' title='bbox 2258 2008 2835 2088; x_wconf 84' lang='lat' dir='ltr'><strong>calumpniantibus</strong></span> <span class='ocrx_word' id='word_1_145' title='bbox 2879 2008 2997 2066; x_wconf 84' lang='lat' dir='ltr'><strong>sub</strong></span> <span class='ocrx_word' id='word_1_146' title='bbox 3043 2024 3212 2084; x_wconf 88' lang='lat' dir='ltr'><strong>pena</strong></span> <span class='ocrx_word' id='word_1_147' title='bbox 3258 2005 3421 2064; x_wconf 88' lang='lat' dir='ltr'><strong>tanti</strong></span> 
     </span>
     <span class='ocr_line' id='line_1_16' title="bbox 705 2121 3419 2201; baseline -0.001 -22"><span class='ocrx_word' id='word_1_148' title='bbox 705 2121 896 2198; x_wconf 90' lang='lat' dir='ltr'><strong>precii</strong></span> <span class='ocrx_word' id='word_1_149' title='bbox 968 2122 1186 2198; x_wconf 89' lang='lat' dir='ltr'><strong>quanti</strong></span> <span class='ocrx_word' id='word_1_150' title='bbox 1257 2136 1353 2181; x_wconf 89' lang='lat' dir='ltr'><strong>est</strong></span> <span class='ocrx_word' id='word_1_151' title='bbox 1423 2131 1596 2181; x_wconf 89' lang='lat' dir='ltr'><strong>totus</strong></span> <span class='ocrx_word' id='word_1_152' title='bbox 1665 2121 1841 2181; x_wconf 86' lang='lat' dir='ltr'><strong>locus</strong></span> <span class='ocrx_word' id='word_1_153' title='bbox 1909 2124 2041 2182; x_wconf 88' lang='lat' dir='ltr'><strong>siue</strong></span> <span class='ocrx_word' id='word_1_154' title='bbox 2109 2125 2463 2201; x_wconf 89' lang='lat' dir='ltr'><strong>proprietas</strong></span> <span class='ocrx_word' id='word_1_155' title='bbox 2532 2131 2905 2194; x_wconf 87' lang='lat' dir='ltr'><strong>memorata,</strong></span> <span class='ocrx_word' id='word_1_156' title='bbox 2950 2138 3139 2198; x_wconf 87' lang='lat' dir='ltr'><strong>super</strong></span> <span class='ocrx_word' id='word_1_157' title='bbox 3186 2136 3307 2177; x_wconf 88' lang='lat' dir='ltr'><strong>nos</strong></span> <span class='ocrx_word' id='word_1_158' title='bbox 3352 2127 3419 2177; x_wconf 91' lang='lat' dir='ltr'><strong>et</strong></span> 
     </span>
     <span class='ocr_line' id='line_1_17' title="bbox 706 2234 3421 2308; baseline -0.001 -17"><span class='ocrx_word' id='word_1_159' title='bbox 706 2234 921 2292; x_wconf 89' lang='lat' dir='ltr'><strong>omnia</strong></span> <span class='ocrx_word' id='word_1_160' title='bbox 985 2244 1197 2293; x_wconf 87' lang='lat' dir='ltr'><strong>nostra</strong></span> <span class='ocrx_word' id='word_1_161' title='bbox 1261 2235 1431 2294; x_wconf 90' lang='lat' dir='ltr'><strong>bona</strong></span> <span class='ocrx_word' id='word_1_162' title='bbox 1496 2235 1710 2295; x_wconf 88' lang='lat' dir='ltr'><strong>habita</strong></span> <span class='ocrx_word' id='word_1_163' title='bbox 1769 2245 1834 2294; x_wconf 93' lang='lat' dir='ltr'><strong>et</strong></span> <span class='ocrx_word' id='word_1_164' title='bbox 1897 2234 2193 2296; x_wconf 90' lang='lat' dir='ltr'><strong>habenda</strong></span> <span class='ocrx_word' id='word_1_165' title='bbox 2244 2238 2303 2295; x_wconf 89' lang='lat' dir='ltr'><strong>in</strong></span> <span class='ocrx_word' id='word_1_166' title='bbox 2355 2234 2478 2295; x_wconf 92' lang='lat' dir='ltr'><strong>hoc</strong></span> <span class='ocrx_word' id='word_1_167' title='bbox 2523 2234 2757 2303; x_wconf 73' lang='lat' dir='ltr'><strong>seculQ</strong></span> <span class='ocrx_word' id='word_1_168' title='bbox 2802 2244 2873 2293; x_wconf 87' lang='lat' dir='ltr'><strong>tu</strong></span> <span class='ocrx_word' id='word_1_169' title='bbox 2916 2244 3131 2292; x_wconf 87' lang='lat' dir='ltr'><strong>autem</strong></span> <span class='ocrx_word' id='word_1_170' title='bbox 3196 2248 3421 2308; x_wconf 84' lang='lat' dir='ltr'><strong>supra-</strong></span> 
     </span>
     <span class='ocr_line' id='line_1_18' title="bbox 706 2345 3419 2425; baseline -0.001 -21"><span class='ocrx_word' id='word_1_171' title='bbox 706 2348 938 2423; x_wconf 87' lang='lat' dir='ltr'><strong>scripte</strong></span> <span class='ocrx_word' id='word_1_172' title='bbox 979 2345 1219 2425; x_wconf 90' lang='lat' dir='ltr'><strong>Jacobe</strong></span> <span class='ocrx_word' id='word_1_173' title='bbox 1267 2364 1411 2407; x_wconf 87' lang='lat' dir='ltr'><strong>cum</strong></span> <span class='ocrx_word' id='word_1_174' title='bbox 1462 2350 1584 2406; x_wconf 85' lang='lat' dir='ltr'><strong>tuis</strong></span> <span class='ocrx_word' id='word_1_175' title='bbox 1631 2346 1971 2407; x_wconf 84' lang='lat' dir='ltr'><strong>heredibus</strong></span> <span class='ocrx_word' id='word_1_176' title='bbox 2003 2359 2064 2407; x_wconf 88' lang='lat' dir='ltr'><strong>et</strong></span> <span class='ocrx_word' id='word_1_177' title='bbox 2100 2349 2579 2408; x_wconf 86' lang='lat' dir='ltr'><strong>successoribus</strong></span> <span class='ocrx_word' id='word_1_178' title='bbox 2624 2347 2824 2407; x_wconf 83' lang='lat' dir='ltr'><strong>debes</strong></span> <span class='ocrx_word' id='word_1_179' title='bbox 2853 2357 2918 2407; x_wconf 90' lang='lat' dir='ltr'><strong>et</strong></span> <span class='ocrx_word' id='word_1_180' title='bbox 2948 2347 3181 2407; x_wconf 90' lang='lat' dir='ltr'><strong>teneris</strong></span> <span class='ocrx_word' id='word_1_181' title='bbox 3228 2345 3419 2404; x_wconf 89' lang='lat' dir='ltr'><strong>nobis</strong></span> 
     </span>
     <span class='ocr_line' id='line_1_19' title="bbox 709 2458 3415 2539; baseline 0 -24"><span class='ocrx_word' id='word_1_182' title='bbox 709 2458 1066 2535; x_wconf 88' lang='lat' dir='ltr'><strong>nostrisque</strong></span> <span class='ocrx_word' id='word_1_183' title='bbox 1109 2458 1447 2519; x_wconf 89' lang='lat' dir='ltr'><strong>heredibus</strong></span> <span class='ocrx_word' id='word_1_184' title='bbox 1479 2470 1542 2519; x_wconf 86' lang='lat' dir='ltr'><strong>et</strong></span> <span class='ocrx_word' id='word_1_185' title='bbox 1572 2462 2042 2520; x_wconf 85' lang='lat' dir='ltr'><strong>successoribus</strong></span> <span class='ocrx_word' id='word_1_186' title='bbox 2089 2461 2617 2539; x_wconf 87' lang='lat' dir='ltr'><strong>discalumpniare</strong></span> <span class='ocrx_word' id='word_1_187' title='bbox 2649 2470 2711 2520; x_wconf 91' lang='lat' dir='ltr'><strong>et</strong></span> <span class='ocrx_word' id='word_1_188' title='bbox 2744 2460 3100 2521; x_wconf 80' lang='lat' dir='ltr'><strong>deffensare</strong></span> <span class='ocrx_word' id='word_1_189' title='bbox 3146 2458 3415 2518; x_wconf 87' lang='lat' dir='ltr'><strong>alteram</strong></span> 
     </span>
     <span class='ocr_line' id='line_1_20' title="bbox 709 2562 3419 2652; baseline 0 -23"><span class='ocrx_word' id='word_1_190' title='bbox 709 2570 1122 2631; x_wconf 88' lang='lat' dir='ltr'><strong>medietatem</strong></span> <span class='ocrx_word' id='word_1_191' title='bbox 1195 2583 1476 2633; x_wconf 88' lang='lat' dir='ltr'><strong>nostram</strong></span> <span class='ocrx_word' id='word_1_192' title='bbox 1526 2593 1562 2633; x_wconf 91' lang='lat' dir='ltr'><strong>a</strong></span> <span class='ocrx_word' id='word_1_193' title='bbox 1609 2576 2037 2652; x_wconf 85' lang='lat' dir='ltr'><strong>suprascripto</strong></span> <span class='ocrx_word' id='word_1_194' title='bbox 2109 2573 2329 2633; x_wconf 86' lang='lat' dir='ltr'><strong>Leone</strong></span> <span class='ocrx_word' id='word_1_195' title='bbox 2397 2585 2459 2633; x_wconf 90' lang='lat' dir='ltr'><strong>et</strong></span> <span class='ocrx_word' id='word_1_196' title='bbox 2531 2574 2664 2633; x_wconf 88' lang='lat' dir='ltr'><strong>eius</strong></span> <span class='ocrx_word' id='word_1_197' title='bbox 2724 2562 2941 2633; x_wconf 83' lang='lat' dir='ltr'><strong>sorore</strong></span> <span class='ocrx_word' id='word_1_198' title='bbox 3001 2576 3419 2652; x_wconf 85' lang='lat' dir='ltr'><strong>ipsorumque</strong></span> 
     </span>
     <span class='ocr_line' id='line_1_21' title="bbox 705 2683 3415 2765; baseline 0.001 -23"><span class='ocrx_word' id='word_1_199' title='bbox 705 2683 1044 2744; x_wconf 88' lang='lat' dir='ltr'><strong>heredibus</strong></span> <span class='ocrx_word' id='word_1_200' title='bbox 1107 2697 1169 2744; x_wconf 91' lang='lat' dir='ltr'><strong>et</strong></span> <span class='ocrx_word' id='word_1_201' title='bbox 1229 2687 1696 2746; x_wconf 87' lang='lat' dir='ltr'><strong>successoribus</strong></span> <span class='ocrx_word' id='word_1_202' title='bbox 1757 2706 1898 2747; x_wconf 88' lang='lat' dir='ltr'><strong>eam</strong></span> <span class='ocrx_word' id='word_1_203' title='bbox 1966 2685 2543 2763; x_wconf 88' lang='lat' dir='ltr'><strong>calumpniantibus</strong></span> <span class='ocrx_word' id='word_1_204' title='bbox 2604 2687 2724 2746; x_wconf 89' lang='lat' dir='ltr'><strong>sub</strong></span> <span class='ocrx_word' id='word_1_205' title='bbox 2784 2686 3013 2746; x_wconf 86' lang='lat' dir='ltr'><strong>eadem</strong></span> <span class='ocrx_word' id='word_1_206' title='bbox 3060 2704 3229 2765; x_wconf 87' lang='lat' dir='ltr'><strong>pena</strong></span> <span class='ocrx_word' id='word_1_207' title='bbox 3274 2705 3415 2763; x_wconf 88' lang='lat' dir='ltr'><strong>pre-</strong></span> 
     </span>
     <span class='ocr_line' id='line_1_22' title="bbox 708 2796 3415 2875; baseline 0.001 -20"><span class='ocrx_word' id='word_1_208' title='bbox 708 2796 878 2856; x_wconf 90' lang='lat' dir='ltr'><strong>dicta</strong></span> <span class='ocrx_word' id='word_1_209' title='bbox 939 2816 1128 2875; x_wconf 88' lang='lat' dir='ltr'><strong>super</strong></span> <span class='ocrx_word' id='word_1_210' title='bbox 1174 2808 1236 2857; x_wconf 90' lang='lat' dir='ltr'><strong>te</strong></span> <span class='ocrx_word' id='word_1_211' title='bbox 1281 2808 1343 2857; x_wconf 91' lang='lat' dir='ltr'><strong>et</strong></span> <span class='ocrx_word' id='word_1_212' title='bbox 1392 2801 1606 2859; x_wconf 89' lang='lat' dir='ltr'><strong>omnia</strong></span> <span class='ocrx_word' id='word_1_213' title='bbox 1669 2809 1776 2859; x_wconf 90' lang='lat' dir='ltr'><strong>tua</strong></span> <span class='ocrx_word' id='word_1_214' title='bbox 1840 2800 2013 2859; x_wconf 90' lang='lat' dir='ltr'><strong>bona</strong></span> <span class='ocrx_word' id='word_1_215' title='bbox 2074 2799 2289 2859; x_wconf 84' lang='lat' dir='ltr'><strong>habita</strong></span> <span class='ocrx_word' id='word_1_216' title='bbox 2334 2810 2399 2859; x_wconf 90' lang='lat' dir='ltr'><strong>et</strong></span> <span class='ocrx_word' id='word_1_217' title='bbox 2445 2799 2739 2859; x_wconf 88' lang='lat' dir='ltr'><strong>habenda</strong></span> <span class='ocrx_word' id='word_1_218' title='bbox 2786 2802 2847 2859; x_wconf 89' lang='lat' dir='ltr'><strong>in</strong></span> <span class='ocrx_word' id='word_1_219' title='bbox 2896 2798 3020 2858; x_wconf 93' lang='lat' dir='ltr'><strong>hoc</strong></span> <span class='ocrx_word' id='word_1_220' title='bbox 3065 2799 3300 2859; x_wconf 81' lang='lat' dir='ltr'><strong>seculo.</strong></span> <span class='ocrx_word' id='word_1_221' title='bbox 3348 2798 3415 2860; x_wconf 80' lang='lat' dir='ltr'><strong>Si</strong></span> 
     </span>
     <span class='ocr_line' id='line_1_23' title="bbox 708 2911 3414 2991; baseline 0.001 -22"><span class='ocrx_word' id='word_1_222' title='bbox 708 2911 894 2991; x_wconf 87' lang='lat' dir='ltr'><strong>igitur</strong></span> <span class='ocrx_word' id='word_1_223' title='bbox 961 2929 1183 2971; x_wconf 89' lang='lat' dir='ltr'><strong>contra</strong></span> <span class='ocrx_word' id='word_1_224' title='bbox 1254 2911 1416 2972; x_wconf 90' lang='lat' dir='ltr'><strong>hanc</strong></span> <span class='ocrx_word' id='word_1_225' title='bbox 1487 2913 1812 2972; x_wconf 87' lang='lat' dir='ltr'><strong>diuisionis</strong></span> <span class='ocrx_word' id='word_1_226' title='bbox 1857 2923 1921 2973; x_wconf 88' lang='lat' dir='ltr'><strong>et</strong></span> <span class='ocrx_word' id='word_1_227' title='bbox 1968 2914 2310 2974; x_wconf 86' lang='lat' dir='ltr'><strong>concordie</strong></span> <span class='ocrx_word' id='word_1_228' title='bbox 2372 2925 2611 2974; x_wconf 88' lang='lat' dir='ltr'><strong>cartam</strong></span> <span class='ocrx_word' id='word_1_229' title='bbox 2674 2913 2899 2991; x_wconf 90' lang='lat' dir='ltr'><strong>aliquis</strong></span> <span class='ocrx_word' id='word_1_230' title='bbox 2944 2926 3233 2973; x_wconf 85' lang='lat' dir='ltr'><strong>nostrum</strong></span> <span class='ocrx_word' id='word_1_231' title='bbox 3282 2912 3414 2972; x_wconf 92' lang='lat' dir='ltr'><strong>ullo</strong></span> 
     </span>
     <span class='ocr_line' id='line_1_24' title="bbox 707 3025 3413 3107; baseline 0.001 -25"><span class='ocrx_word' id='word_1_232' title='bbox 707 3033 998 3100; x_wconf 91' lang='lat' dir='ltr'><strong>tempore</strong></span> <span class='ocrx_word' id='word_1_233' title='bbox 1063 3025 1260 3096; x_wconf 88' lang='lat' dir='ltr'><strong>iuerit,</strong></span> <span class='ocrx_word' id='word_1_234' title='bbox 1308 3039 1459 3085; x_wconf 92' lang='lat' dir='ltr'><strong>tunc</strong></span> <span class='ocrx_word' id='word_1_235' title='bbox 1524 3028 1657 3104; x_wconf 87' lang='lat' dir='ltr'><strong>ipse</strong></span> <span class='ocrx_word' id='word_1_236' title='bbox 1723 3037 2013 3086; x_wconf 86' lang='lat' dir='ltr'><strong>teneatur</strong></span> <span class='ocrx_word' id='word_1_237' title='bbox 2072 3027 2416 3087; x_wconf 89' lang='lat' dir='ltr'><strong>emendare</strong></span> <span class='ocrx_word' id='word_1_238' title='bbox 2478 3027 2607 3086; x_wconf 88' lang='lat' dir='ltr'><strong>auri</strong></span> <span class='ocrx_word' id='word_1_239' title='bbox 2670 3027 2859 3087; x_wconf 88' lang='lat' dir='ltr'><strong>libras</strong></span> <span class='ocrx_word' id='word_1_240' title='bbox 2904 3027 3189 3107; x_wconf 88' lang='lat' dir='ltr'><strong>quinque</strong></span> <span class='ocrx_word' id='word_1_241' title='bbox 3234 3025 3413 3086; x_wconf 88' lang='lat' dir='ltr'><strong>alteri</strong></span> 
     </span>
     <span class='ocr_line' id='line_1_25' title="bbox 709 3137 3408 3220; baseline 0.001 -26"><span class='ocrx_word' id='word_1_242' title='bbox 709 3153 836 3194; x_wconf 90' lang='lat' dir='ltr'><strong>non</strong></span> <span class='ocrx_word' id='word_1_243' title='bbox 907 3139 1077 3196; x_wconf 88' lang='lat' dir='ltr'><strong>eunti</strong></span> <span class='ocrx_word' id='word_1_244' title='bbox 1150 3148 1211 3196; x_wconf 90' lang='lat' dir='ltr'><strong>et</strong></span> <span class='ocrx_word' id='word_1_245' title='bbox 1259 3137 1377 3198; x_wconf 90' lang='lat' dir='ltr'><strong>hec</strong></span> <span class='ocrx_word' id='word_1_246' title='bbox 1422 3139 1847 3220; x_wconf 56' lang='lat' dir='ltr'><strong>diuissionisffl)</strong></span> <span class='ocrx_word' id='word_1_247' title='bbox 1895 3151 1959 3200; x_wconf 92' lang='lat' dir='ltr'><strong>et</strong></span> <span class='ocrx_word' id='word_1_248' title='bbox 2005 3140 2348 3199; x_wconf 88' lang='lat' dir='ltr'><strong>concordie</strong></span> <span class='ocrx_word' id='word_1_249' title='bbox 2402 3151 2573 3199; x_wconf 89' lang='lat' dir='ltr'><strong>carta</strong></span> <span class='ocrx_word' id='word_1_250' title='bbox 2620 3142 2681 3199; x_wconf 91' lang='lat' dir='ltr'><strong>in</strong></span> <span class='ocrx_word' id='word_1_251' title='bbox 2730 3159 2843 3200; x_wconf 88' lang='lat' dir='ltr'><strong>sua</strong></span> <span class='ocrx_word' id='word_1_252' title='bbox 2887 3155 3261 3218; x_wconf 88' lang='lat' dir='ltr'><strong>permaneat</strong></span> <span class='ocrx_word' id='word_1_253' title='bbox 3307 3137 3408 3197; x_wconf 88' lang='lat' dir='ltr'><strong>fir-</strong></span> 
     </span>
     <span class='ocr_line' id='line_1_26' title="bbox 709 3247 3409 3332; baseline 0.001 -26"><span class='ocrx_word' id='word_1_254' title='bbox 709 3249 941 3308; x_wconf 91' lang='lat' dir='ltr'><strong>mitate.</strong></span> <span class='ocrx_word' id='word_1_255' title='bbox 990 3247 1228 3310; x_wconf 91' lang='lat' dir='ltr'><strong>Actum</strong></span> <span class='ocrx_word' id='word_1_256' title='bbox 1275 3261 1370 3310; x_wconf 88' lang='lat' dir='ltr'><strong>est</strong></span> <span class='ocrx_word' id='word_1_257' title='bbox 1419 3250 1540 3310; x_wconf 92' lang='lat' dir='ltr'><strong>hoc</strong></span> <span class='ocrx_word' id='word_1_258' title='bbox 1586 3267 1648 3311; x_wconf 89' lang='lat' dir='ltr'><strong>et</strong></span> <span class='ocrx_word' id='word_1_259' title='bbox 1695 3251 2015 3313; x_wconf 83' lang='lat' dir='ltr'><strong>firmatum</strong></span> <span class='ocrx_word' id='word_1_260' title='bbox 2062 3271 2279 3312; x_wconf 85' lang='lat' dir='ltr'><strong>coram</strong></span> <span class='ocrx_word' id='word_1_261' title='bbox 2328 3253 2421 3312; x_wconf 90' lang='lat' dir='ltr'><strong>his</strong></span> <span class='ocrx_word' id='word_1_262' title='bbox 2470 3254 2707 3312; x_wconf 89' lang='lat' dir='ltr'><strong>vocatis</strong></span> <span class='ocrx_word' id='word_1_263' title='bbox 2753 3262 2813 3312; x_wconf 91' lang='lat' dir='ltr'><strong>et</strong></span> <span class='ocrx_word' id='word_1_264' title='bbox 2848 3253 3085 3332; x_wconf 81' lang='lat' dir='ltr'><strong>rogatis</strong></span> <span class='ocrx_word' id='word_1_265' title='bbox 3126 3250 3409 3324; x_wconf 88' lang='lat' dir='ltr'><strong>testibus,</strong></span> 
     </span>
     <span class='ocr_line' id='line_1_27' title="bbox 708 3359 2639 3446; baseline 0.002 -26"><span class='ocrx_word' id='word_1_266' title='bbox 708 3360 942 3421; x_wconf 88' lang='lat' dir='ltr'><strong>scilicet</strong></span> <span class='ocrx_word' id='word_1_267' title='bbox 991 3359 1271 3442; x_wconf 86' lang='lat' dir='ltr'><strong>Georgio</strong></span> <span class='ocrx_word' id='word_1_268' title='bbox 1319 3363 1401 3422; x_wconf 87' lang='lat' dir='ltr'><strong>de</strong></span> <span class='ocrx_word' id='word_1_269' title='bbox 1450 3363 1654 3438; x_wconf 71' lang='lat' dir='ltr'><strong>Lisica</strong></span> <span class='ocrx_word' id='word_1_270' title='bbox 1701 3377 1762 3424; x_wconf 88' lang='lat' dir='ltr'><strong>et</strong></span> <span class='ocrx_word' id='word_1_271' title='bbox 1813 3365 2142 3446; x_wconf 84' lang='lat' dir='ltr'><strong>Pelegrino</strong></span> <span class='ocrx_word' id='word_1_272' title='bbox 2190 3364 2271 3424; x_wconf 91' lang='lat' dir='ltr'><strong>de</strong></span> <span class='ocrx_word' id='word_1_273' title='bbox 2326 3365 2639 3427; x_wconf 88' lang='lat' dir='ltr'><strong>Ursulin0.</strong></span> 
     </span>
    </p>
   </div>
   <div class='ocr_carea' id='block_1_3' title="bbox 885 3552 1464 3629">
    <p class='ocr_par' dir='ltr' id='par_1_3' title="bbox 885 3552 1464 3629">
     <span class='ocr_line' id='line_1_28' title="bbox 885 3552 1464 3629; baseline 0.005 -22"><span class='ocrx_word' id='word_1_274' title='bbox 885 3562 907 3624; x_wconf 90' lang='lat'><em>(</em></span> <span class='ocrx_word' id='word_1_275' title='bbox 915 3552 1126 3626; x_wconf 77' lang='lat' dir='ltr'><strong>Drugi</strong></span> <span class='ocrx_word' id='word_1_276' title='bbox 1171 3553 1464 3629; x_wconf 71' lang='lat' dir='ltr'><strong>rukapiss.</strong></span> 
     </span>
    </p>
   </div>
   <div class='ocr_carea' id='block_1_4' title="bbox 713 3673 3417 4109">
    <p class='ocr_par' dir='ltr' id='par_1_4' title="bbox 883 3673 2667 3773">
     <span class='ocr_line' id='line_1_29' title="bbox 883 3673 2667 3773; baseline 0.004 -26"><span class='ocrx_word' id='word_1_277' title='bbox 883 3687 1024 3769; x_wconf 88' lang='lat' dir='ltr'><strong>Ego</strong></span> <span class='ocrx_word' id='word_1_278' title='bbox 1075 3688 1348 3750; x_wconf 82' lang='lat' dir='ltr'><strong>Michael</strong></span> <span class='ocrx_word' id='word_1_279' title='bbox 1397 3673 1744 3773; x_wconf 71' lang='lat' dir='ltr'><strong>Cadulinus</strong></span> <span class='ocrx_word' id='word_1_280' title='bbox 1788 3696 2195 3754; x_wconf 84' lang='lat' dir='ltr'><strong>examinator</strong></span> <span class='ocrx_word' id='word_1_281' title='bbox 2238 3713 2463 3756; x_wconf 88' lang='lat' dir='ltr'><strong>manus</strong></span> <span class='ocrx_word' id='word_1_282' title='bbox 2512 3698 2667 3754; x_wconf 88' lang='lat' dir='ltr'><strong>misi.</strong></span> 
     </span>
    </p>

    <p class='ocr_par' dir='ltr' id='par_1_5' title="bbox 713 3800 3417 4109">
     <span class='ocr_line' id='line_1_30' title="bbox 889 3800 3416 3886; baseline 0.002 -25"><span class='ocrx_word' id='word_1_283' title='bbox 889 3800 1030 3881; x_wconf 86' lang='lat' dir='ltr'><strong>Ego</strong></span> <span class='ocrx_word' id='word_1_284' title='bbox 1095 3800 1426 3881; x_wconf 89' lang='lat' dir='ltr'><strong>Ciprianus</strong></span> <span class='ocrx_word' id='word_1_285' title='bbox 1487 3804 1752 3865; x_wconf 87' lang='lat' dir='ltr'><strong>ecclesie</strong></span> <span class='ocrx_word' id='word_1_286' title='bbox 1810 3800 2029 3866; x_wconf 73' lang='lat' dir='ltr'><strong>san&#39;cte</strong></span> <span class='ocrx_word' id='word_1_287' title='bbox 2090 3807 2291 3868; x_wconf 82' lang='lat' dir='ltr'><strong>Marie</strong></span> <span class='ocrx_word' id='word_1_288' title='bbox 2352 3811 2605 3868; x_wconf 89' lang='lat' dir='ltr'><strong>maioris</strong></span> <span class='ocrx_word' id='word_1_289' title='bbox 2649 3808 2911 3869; x_wconf 83' lang='lat' dir='ltr'><strong>clericus</strong></span> <span class='ocrx_word' id='word_1_290' title='bbox 2970 3821 3037 3867; x_wconf 87' lang='lat' dir='ltr'><strong>et</strong></span> <span class='ocrx_word' id='word_1_291' title='bbox 3090 3807 3416 3886; x_wconf 87' lang='lat' dir='ltr'><strong>Jadrensis</strong></span> 
     </span>
     <span class='ocr_line' id='line_1_31' title="bbox 713 3915 3417 3999; baseline 0.003 -28"><span class='ocrx_word' id='word_1_292' title='bbox 713 3915 992 3974; x_wconf 88' lang='lat' dir='ltr'><strong>notarius</strong></span> <span class='ocrx_word' id='word_1_293' title='bbox 1039 3916 1283 3976; x_wconf 85' lang='lat' dir='ltr'><strong>interfui</strong></span> <span class='ocrx_word' id='word_1_294' title='bbox 1335 3929 1605 3996; x_wconf 80' lang='lat' dir='ltr'><strong>rogatus.</strong></span> <span class='ocrx_word' id='word_1_295' title='bbox 1654 3930 1721 3978; x_wconf 91' lang='lat' dir='ltr'><strong>ut</strong></span> <span class='ocrx_word' id='word_1_296' title='bbox 1767 3919 1978 3980; x_wconf 90' lang='lat' dir='ltr'><strong>audiui</strong></span> <span class='ocrx_word' id='word_1_297' title='bbox 2029 3920 2192 3980; x_wconf 86' lang='lat' dir='ltr'><strong>hanc</strong></span> <span class='ocrx_word' id='word_1_298' title='bbox 2236 3933 2477 3980; x_wconf 89' lang='lat' dir='ltr'><strong>cartam</strong></span> <span class='ocrx_word' id='word_1_299' title='bbox 2524 3923 2759 3998; x_wconf 80' lang='lat' dir='ltr'><strong>scripsi,</strong></span> <span class='ocrx_word' id='word_1_300' title='bbox 2806 3921 3101 3980; x_wconf 89' lang='lat' dir='ltr'><strong>roboraui</strong></span> <span class='ocrx_word' id='word_1_301' title='bbox 3136 3930 3200 3980; x_wconf 88' lang='lat' dir='ltr'><strong>et</strong></span> <span class='ocrx_word' id='word_1_302' title='bbox 3234 3923 3417 3999; x_wconf 76' lang='lat' dir='ltr'><strong>signo</strong></span> 
     </span>
     <span class='ocr_line' id='line_1_32' title="bbox 713 4029 1334 4109; baseline 0.008 -25"><span class='ocrx_word' id='word_1_303' title='bbox 713 4037 1022 4087; x_wconf 86' lang='lat' dir='ltr'><strong>consueto</strong></span> <span class='ocrx_word' id='word_1_304' title='bbox 1075 4029 1334 4109; x_wconf 86' lang='lat' dir='ltr'><strong>signaui.</strong></span> 
     </span>
    </p>
   </div>
   <div class='ocr_carea' id='block_1_5' title="bbox 883 4169 1476 4242">
    <p class='ocr_par' dir='ltr' id='par_1_6' title="bbox 883 4169 1476 4242">
     <span class='ocr_line' id='line_1_33' title="bbox 883 4169 1476 4242; baseline -0.002 -15"><span class='ocrx_word' id='word_1_305' title='bbox 883 4183 902 4227; x_wconf 74' lang='lat' dir='ltr'><em>l</em></span> <span class='ocrx_word' id='word_1_306' title='bbox 911 4169 1274 4242; x_wconf 60' lang='lat' dir='ltr'><strong>Alcmogram</strong></span> <span class='ocrx_word' id='word_1_307' title='bbox 1323 4175 1476 4242; x_wconf 78' lang='lat' dir='ltr'><strong>not.)</strong></span> 
     </span>
    </p>
   </div>
   <div class='ocr_carea' id='block_1_6' title="bbox 899 4359 2727 4439">
    <p class='ocr_par' dir='ltr' id='par_1_7' title="bbox 899 4359 2727 4439">
     <span class='ocr_line' id='line_1_34' title="bbox 899 4359 2727 4439; baseline 0.005 -25"><span class='ocrx_word' id='word_1_308' title='bbox 899 4359 1194 4432; x_wconf 61' lang='lat' dir='ltr'><strong>Ortng‘nal</strong></span> <span class='ocrx_word' id='word_1_309' title='bbox 1237 4380 1276 4416; x_wconf 89' lang='lat' dir='ltr'><em>u</em></span> <span class='ocrx_word' id='word_1_310' title='bbox 1323 4360 1544 4417; x_wconf 79' lang='lat' dir='ltr'><strong>arkivu</strong></span> <span class='ocrx_word' id='word_1_311' title='bbox 1591 4371 1945 4418; x_wconf 63' lang='lat' dir='ltr'><strong>samus-tana</strong></span> <span class='ocrx_word' id='word_1_312' title='bbox 1992 4384 2075 4420; x_wconf 57' lang='grc' dir='ltr'><strong>,ττι</strong></span> <span class='ocrx_word' id='word_1_313' title='bbox 2130 4365 2363 4439; x_wconf 63' lang='grc' dir='ltr'><strong>ΛῘΙανζΪι·</strong></span> <span class='ocrx_word' id='word_1_314' title='bbox 2411 4385 2449 4422; x_wconf 80' lang='grc' dir='ltr'><strong>ιι</strong></span> <span class='ocrx_word' id='word_1_315' title='bbox 2498 4367 2727 4424; x_wconf 84' lang='lat' dir='ltr'><strong>Zadru.</strong></span> 
     </span>
    </p>
   </div>
  </div>
 </body>
</html>
