3797 5795
1750 372 2161 436 -406—

604 567 929 627 voluntate
976 564 1411 624 direxeramus
1457 562 1902 642 deputandum
1965 565 2247 624 recitavit
2294 574 2356 623 et
2402 567 2466 624 in
2514 573 2696 623 textu
2740 563 3040 644 privilegii
3091 563 3306 622 Iwnus

602 681 852 740 comitis
896 677 1333 759 Zagrabiensis
1379 675 1651 737 vidimus
1696 677 2024 737 contineri.
2073 675 2268 740 Cuius
2313 677 2575 756 quidem
2622 685 2784 736 terre
2832 687 3003 736 mete
3047 677 3208 736 sicut
3239 676 3304 735 in

605 793 820 852 litteris
880 792 1071 869 ipsius
1132 789 1693 864 commendatoriS,
1761 791 1870 869 qui
1931 789 2206 850 eandem
2269 800 2502 851 terram
2566 807 2690 850 una
2737 807 2882 849 cum
2931 789 3302 849 testimonio

603 906 858 983 capituli
920 903 1355 985 Zagrabiensis
1414 913 1475 962 et
1537 901 1795 962 homine
1858 913 2078 962 nostro
2138 903 2433 978 circuivit,
2497 902 2766 962 vidimus
2810 903 3134 972 contineri,
3181 900 3307 961 hoc

604 1019 824 1079 ordine
870 1017 1324 1097 distinguntur:
1374 1016 1581 1076 Prima
1630 1025 1802 1076 meta
1848 1027 1942 1076 est
1991 1015 2512 1096 Damasingeren,
2561 1014 2710 1075 inde
2755 1013 2926 1075 vadit
2970 1013 3056 1074 ad
3089 1016 3294 1093 pirum

603 1149 819 1204 unum,
864 1129 947 1190 de
993 1132 1130 1208 piro
1178 1129 1349 1188 vadit
1380 1147 1494 1207 per
1526 1130 1690 1188 viam
1741 1147 1944 1206 usque
1975 1127 2058 1188 ad
2090 1129 2250 1188 duas
2297 1137 2502 1188 metas
2546 1138 2797 1200 terreaS,
2842 1127 2992 1188 inde
3039 1126 3302 1186 descen-

602 1243 819 1304 dendo
883 1245 1056 1302 ducit
1102 1241 1185 1302 ad
1233 1242 1497 1311 fontem,
1547 1242 1653 1319 qui
1701 1253 1962 1301 vocatur
2026 1241 2301 1313 Prelizin‚
2346 1240 2497 1300 inde
2557 1240 2842 1300 ascendit
2901 1242 3187 1319 superius
3232 1249 3296 1299 et

603 1357 862 1418 dimittit
922 1365 1213 1415 montem
1278 1354 1360 1415 ad
1422 1354 1737 1414 sinistram
1799 1364 1862 1413 et
1923 1356 2093 1414 venit
2155 1354 2237 1413 ad
2299 1354 2458 1414 duas
2507 1367 2725 1426 metaS,
2771 1354 2876 1413 ubi
2925 1365 3021 1413 est
3069 1371 3304 1432 magna

602 1473 699 1530 via
747 1488 871 1547 que
916 1469 1089 1528 venit
1119 1468 1201 1528 de
1233 1468 1372 1528 foro
1419 1467 1719 1546 episcopi,
1767 1466 1918 1527 inde
1964 1466 2295 1528 descendit
2340 1467 2424 1528 ad
2471 1466 2630 1526 duas
2677 1478 2878 1526 metas
2923 1465 3008 1526 ad
3053 1464 3288 1544 pedem

604 1583 854 1655 montiS‚
901 1583 1009 1661 qui
1070 1591 1331 1641 vocatur
1396 1580 1822 1659 Plerumuyza,
1892 1581 2041 1642 inde
2102 1580 2388 1641 ascendit
2449 1582 2533 1641 ad
2595 1581 2753 1642 duas
2800 1593 3020 1653 metas,
3065 1579 3126 1637 in
3173 1594 3298 1637 una

603 1697 963 1756 continetur
1024 1704 1321 1754 castanea
1382 1703 1447 1754 et
1505 1695 1567 1754 in
1629 1695 1869 1772 reliqua
1932 1713 2220 1773 quercuS,
2281 1694 2428 1754 inde
2489 1713 2601 1773 per
2661 1704 2951 1754 montem
2999 1691 3170 1751 vadit
3217 1689 3302 1750 ad

600 1808 753 1868 alias
812 1807 972 1867 duas
1037 1817 1239 1866 metas
1301 1809 1405 1866 ubi
1472 1819 1618 1867 sunt
1676 1807 1803 1867 due
1872 1817 2187 1882 castanee,
2231 1807 2381 1868 inde
2429 1807 2510 1867 de
2556 1807 2788 1887 quibus
2835 1804 3167 1866 descendit
3214 1803 3300 1864 ad

600 1939 793 1982 unam
858 1938 1159 2001 magnam
1222 1921 1386 1979 viam
1438 1919 1671 1981 Vratza
1734 1919 2046 2000 wlgariter
2106 1922 2526 1981 nominatam.
2591 1919 2748 1980 Inde
2809 1917 3140 1979 descendit
3187 1935 3302 1996 per

602 2048 889 2094 montem
934 2032 1019 2092 ad
1065 2033 1225 2092 duas
1288 2043 1489 2092 metas
1535 2035 1599 2093 in
1644 2051 1770 2092 una
1832 2033 2203 2093 earumdem
2267 2044 2362 2094 est
2412 2051 2698 2111 quercus·‚
2743 2036 2806 2092 in
2852 2032 3048 2092 altera
3111 2030 3301 2090 arbor

602 2149 837 2207 iesscen
900 2146 1261 2206 sclauonice
1323 2147 1739 2218 nominatam,
1802 2146 1950 2206 inde
2011 2146 2340 2207 descendit
2403 2146 2487 2206 ad
2549 2147 2835 2220 rivulum,
2882 2146 2984 2222 qui
3035 2152 3300 2202 vocatur

600 2257 881 2332 Smerdz‚
942 2259 1090 2318 inde
1156 2257 1610 2318 descendendo
1678 2259 1849 2318 idem
1913 2258 2145 2319 rivulus
2203 2261 2427 2319 transit
2489 2259 2757 2319 rivulum
2805 2261 3167 2318 venientem
3218 2255 3304 2315 de

597 2371 743 2432 villa
787 2372 1115 2432 convicina
1163 2371 1245 2431 ad
1292 2381 1483 2449 caput
1530 2373 1769 2449 piscine
1816 2371 1924 2431 ubi
1971 2383 2064 2432 est
2129 2371 2482 2433 nuclearius
2527 2384 2590 2432 et
2639 2382 2809 2431 mete
2855 2381 3076 2430 terree.
3141 2368 3300 2429 Inde

590 2485 882 2546 ascendit
928 2487 991 2544 in
1040 2495 1328 2544 montem
1376 2484 1458 2543 ad
1507 2483 1665 2544 duas
1710 2496 1932 2558 metaS‚
1963 2486 2027 2545 in
2061 2504 2187 2545 una
2233 2497 2326 2546 est
2371 2486 2563 2545 arbor
2593 2503 2720 2564 que
2767 2495 3029 2544 vocatur
3053 2483 3294 2564 graber,

504 2657 511 2664 ,
592 2601 654 2657 in
702 2597 823 2657 alia
869 2615 1167 2656 oscurusa
1228 2598 1479 2670 siccata,
1526 2597 1675 2657 inde
1721 2599 2008 2659 ascendit
2055 2599 2116 2657 in
2167 2611 2457 2659 montem
2519 2572 2757 2658 versus⁸
2795 2596 3125 2657 meridiem
3170 2614 3282 2674 per

589 2712 925 2788 antiquam
972 2711 1140 2768 viam
1187 2709 1268 2769 ad
1318 2708 1477 2770 duas
1526 2721 1729 2770 metas
1789 2720 2025 2771 terreas
2071 2721 2133 2770 et
2181 2711 2512 2772 descendit
2557 2712 2720 2771 inter
2765 2710 2924 2770 duas
2970 2711 3182 2770 vineas
3231 2717 3294 2768 et

589 2822 876 2882 ascendit
945 2822 1028 2882 ad
1097 2832 1288 2901 caput
1360 2822 1554 2889 rivuli,
1602 2825 1706 2902 qui
1756 2834 2042 2885 'vocatur
2111 2823 2540 2899 Mozlauiniza‚
2588 2823 2735 2884 inde
2804 2821 3132 2883 descendit
3177 2841 3292 2901 per

587 2935 867 2996 eundem
914 2937 1183 2996 rivulum
1232 2946 1293 2996 et
1342 2936 1514 2996 vadit
1560 2938 1641 2997 ad
1692 2937 1901 2997 locum
1952 2939 2057 2998 ubi
2107 2938 2220 2999 fuit
2267 2958 2431 3016 pons
2483 2936 2711 2998 chhe
2743 2950 2805 2997 et
2839 2938 2920 2996 ibi
2970 2946 3115 2996 sunt
3165 2936 3296 2995 due

588 3060 762 3108 mete
824 3059 1043 3123 terree,
1090 3048 1238 3108 inde
1298 3050 1585 3109 ascendit
1646 3050 1728 3110 ad
1796 3050 1955 3111 duas
2017 3062 2220 3111 metas
2265 3051 2368 3110 ubi
2419 3061 2564 3111 sunt
2613 3050 2738 3111 due
2784 3064 3097 3121 castanee,
3142 3047 3294 3110 inde

584 3163 875 3223 ascendit
920 3180 1229 3222 cacumen
1279 3165 1514 3223 montis
1545 3163 1627 3223 ad
1660 3164 1820 3223 duas
1868 3176 2073 3224 metas
2119 3176 2370 3238 terreas',
2409 3165 2558 3224 inde
2605 3164 2778 3224 vadit
2823 3162 3280 3242 aliquantulum

582 3292 703 3349 per
734 3285 1022 3335 montem
1056 3286 1119 3335 et
1154 3275 1482 3335 descendit
1517 3275 1599 3335 ad
1634 3276 1793 3336 duas
1827 3288 2047 3350 metaS‚
2082 3278 2142 3337 in
2178 3298 2301 3338 una
2334 3288 2426 3338 est
2461 3296 2743 3356 que1·cu5‚
2775 3275 2922 3336 inde
2955 3274 3283 3335 descendit

580 3386 669 3445 ad
718 3388 963 3448 sontem
1012 3386 1353 3461 Prozchak‚
1401 3388 1549 3448 inde
1597 3389 1929 3449 descendit
1976 3410 2089 3468 per
2134 3410 2384 3451 cursum
2433 3391 2719 3451 eiusdem
2767 3389 2958 3449 fontis
3002 3398 3068 3448 et
3112 3387 3286 3447 ducit

579 3500 667 3559 ad
738 3499 1024 3574 rivulum,
1094 3502 1201 3579 qui
1258 3501 1483 3561 dicitur
1553 3498 1909 3576 Sukhodol,
1972 3504 2119 3563 inde
2179 3504 2464 3563 ascendit
2518 3502 2600 3563 ad
2663 3513 2952 3563 montem
2999 3500 3084 3561 ad
3131 3500 3290 3560 duas

580 3625 808 3687 meta5‚
856 3616 919 3673 in
966 3632 1090 3673 una
1137 3626 1230 3673 est
1277 3614 1465 3674 arbor
1512 3618 1721 3676 iescen
1753 3619 1815 3675 in
1848 3617 2043 3677 altera
2091 3635 2377 3695 quercuS‚
2423 3616 2570 3676 inde
2617 3616 2790 3675 ducit
2835 3634 2949 3694 per
2995 3628 3282 3674 montem

580 3723 1043 3787 descendendo
1112 3726 1192 3786 ad
1264 3728 1507 3787 sontem
1584 3726 1856 3798 Desci10,
1907 3729 2053 3789 inde
2122 3750 2233 3808 per
2299 3726 2605 3807 Globoky
2674 3727 2878 3808 potok
2940 3746 3140 3806 usque
3200 3726 3282 3787 ad

578 3836 776 3899 alium
840 3840 1107 3900 rivulum
1171 3841 1275 3899 ubi
1338 3852 1483 3900 sunt
1549 3842 1675 3902 due
1738 3856 1926 3915 mete,
1973 3843 2119 3903 inde
2183 3843 2467 3904 ascendit
2514 3862 2626 3923 per
2672 3842 2949 3904 eundem
3015 3840 3282 3901 rivulum

581 3968 787 4030 usque
820 3952 901 4013 ad
934 3953 1189 4013 salicem
1240 3955 1344 4015 ubi
1392 3967 1539 4014 sunt
1586 3955 1713 4015 due
1761 3966 1932 4017 mete
1979 3967 2196 4025 terroe,
2229 3957 2376 4017 inde
2423 3960 2553 4017 exit
2600 3956 2866 4017 rivulum
2901 3970 2966 4015 et
2995 3955 3282 4015 ascendit

582 4064 667 4163 ad
716 4065 876 4125 duas
938 4076 1160 4139 metas,
1206 4066 1354 4127 inde
1416 4068 1585 4127 vadit
1647 4069 2059 4129 ascendendo
2120 4070 2204 4131 ad
2260 4080 2545 4130 montem
2595 4069 2700 4130 ubi
2747 4080 2889 4129 sunt
2937 4068 3064 4129 due
3111 4078 3282 4127 mete

586 4178 649 4236 in
700 4198 823 4239 una
872 4199 1141 4258 quercus
1188 4183 1249 4240 in
1298 4181 1419 4240 alia
1467 4181 1626 4255 bros
1672 4182 1822 4242 inde
1868 4183 2040 4243 vadit
2101 4204 2216 4261 per
2275 4196 2563 4243 montem
2611 4182 2693 4242 ad
2741 4198 3041 4261 magnam
3089 4183 3279 4249 viam,

587 4290 736 4351 inde
802 4311 915 4369 per
984 4302 1289 4367 montem,
1341 4296 1447 4371 qui
1516 4305 1780 4355 vocatur
1849 4295 2113 4374 Ispraze,
2159 4297 2266 4355 ubi
2335 4308 2480 4356 sunt
2547 4295 2672 4355 due
2741 4306 2924 4366 mete,
2973 4294 3122 4354 inde
3167 4312 3282 4372 per

588 4404 752 4463 viam
800 4404 883 4464 ad
930 4404 1141 4465 locum
1190 4406 1297 4466 ubi
1345 4418 1491 4467 sunt
1538 4408 1719 4488 sagus
1750 4420 1812 4468 et
1846 4428 2117 4487 quercus
2162 4412 2500 4482 coniuncti,
2547 4409 2632 4468 ibi
2679 4406 3062 4469 dimittendo
3110 4409 3274 4467 viam

590 4516 949 4577 inferiorem
1019 4517 1191 4578 vadit
1259 4538 1372 4597 per
1440 4522 1605 4580 viam
1676 4524 2064 4599 superiorem
2111 4522 2194 4583 ad
2242 4522 2400 4583 duas
2469 4542 2740 4601 quercus
2787 4523 2889 4582 ubi
2939 4532 3085 4583 sunt
3154 4522 3282 4582 due

592 4638 761 4688 mete
807 4640 1025 4705 terree,
1071 4631 1219 4691 inde
1266 4635 1397 4692 exit
1444 4644 1504 4693 et
1556 4634 1726 4694 vadit
1772 4635 2232 4714 aliquantulum
2266 4636 2349 4696 ad
2380 4638 2692 4697 sinistram
2724 4637 2809 4696 ad
2849 4654 3048 4696 unum
3097 4654 3280 4696 mon-

586 4741 843 4802 ticulum
878 4743 962 4803 ad
994 4744 1153 4805 duas
1198 4764 1467 4825 quercus
1498 4748 1601 4807 ubi
1638 4759 1783 4807 sunt
1815 4747 1942 4808 due
1975 4760 2145 4809 mete
2191 4761 2408 4821 terreo,
2441 4749 2589 4809 inde
2640 4748 2807 4809 vadit
2853 4750 2936 4809 ad
2982 4750 3279 4809 arborem

588 4872 711 4932 que
771 4866 1031 4917 vocatur
1091 4858 1447 4920 sclavonice
1510 4879 1825 4930 oscoruze,
1871 4862 2020 4923 inde
2081 4862 2410 4925 descendit
2476 4862 2558 4923 ad
2621 4863 2781 4924 duas
2841 4881 3108 4939 quercus
3169 4864 3278 4923 ubi

584 4977 730 5027 sunt
777 4968 901 5029 due
949 4981 1135 5045 mete,
1184 4972 1331 5031 inde
1380 4973 1707 5033 descendit
1754 4974 1837 5035 ad
1886 4976 2154 5036 rivulum
2207 4975 2536 5038 Leskouez
2584 4978 2689 5039 ubi
2740 4990 2886 5040 sunt
2932 4980 3058 5040 due
3105 4994 3278 5041 mete

583 5090 803 5153 terreo,
849 5084 997 5143 inde
1043 5104 1157 5163 per
1202 5086 1476 5145 eundem
1525 5087 1795 5147 rivulum
1844 5089 2017 5149 vadit
2061 5090 2145 5149 ad
2193 5108 2386 5150 unam
2455 5110 2760 5171 quercum
2809 5094 2914 5153 ubi
2963 5106 3058 5157 est
3103 5106 3278 5155 meta
