3797 5795
1509 360 1921 423 —293—

363 553 651 611 monium
711 559 1072 628 presentem
1146 551 1448 631 paginam
1521 549 1700 631 sigilli
1771 553 1969 612 nostri
2041 553 2393 613 munimine
2453 553 2823 614 roboratam
2886 554 3063 615 dicto

361 664 584 724 abbati
641 661 1036 723 contulimus
1083 661 1324 724 Datum
1390 681 1580 723 anno.
1627 663 1870 724 domini
1938 661 2116 727 MCC
2178 669 2583 747 sexagesimo
2630 677 2877 745 quarto,
2926 667 3068 728 idus

361 777 600 848 marcii,
655 777 715 835 in
776 774 1005 848 Insula,
1064 775 1404 854 pristaldus
1473 785 1688 835 noster
1749 775 2027 855 Jacobus
2095 797 2315 838 comes
2384 789 2599 839 noster
2665 780 2912 841 curialis
2974 780 3057 840 de

361 887 640 950 Bichich.

542 1081 820 1156 Privileg.
871 1091 1196 1140 monaster.
1243 1083 1314 1140 B.
1376 1083 1435 1139 V.
1486 1083 1743 1139 [ilariac-
1788 1083 1865 1138 de
1920 1083 2165 1158 Toplica
2214 1103 2309 1142 κο.
2361 1084 2499 1142 XX.

549 1185 788 1244 Τὲαἰόἱέ
823 1185 990 1243 Mon.
1019 1187 1222 1262 ,ἐφεὶς-ε.
1273 1185 1536 1260 Zagrab.
1589 1187 1641 1244 I.
1691 1188 2026 1244 128—129.
2076 1220 2161 1228 —
2222 1187 2466 1243 Wenzel
2514 1186 2661 1246 Cod.
2712 1187 2860 1263 dipl.
2910 1187 3055 1263 Arp.

358 1291 479 1348 XI.
519 1293 652 1348 536.
688 1324 763 1331 —
811 1286 1186 1366 Kukuljevic'
1225 1291 1397 1356 Jura
1445 1291 1628 1365 regni
1655 1291 1705 1349 I.
1749 1294 2013 1346 77-78,
2057 1325 2132 1331 -
2183 1291 2557 1366 Kukuljevic'
2598 1293 2749 1372 Reg.
2782 1311 2877 1348 no.
2918 1295 3062 1347 863.

1615 1660 1810 1740 788.

355 1853 565 1933 1264,
611 1853 722 1919 29.
767 1854 1030 1918 marta.
1077 1854 1131 1920 U
1181 1850 1511 1934 Troqim.

359 2059 565 2122 Mz‘lca
613 2058 649 2121 i
685 2058 874 2122 Mira
918 2057 1125 2143 dzjele
1169 2058 1361 2142 svoja
1411 2058 1677 2138 z‘manja
1724 2078 1770 2120 u
1819 2059 2063 2120 kotaru
2110 2056 2515 2142 trogz'rskom
2564 2055 2597 2118 ι’
2635 2057 3058 2121 zadarskom.

532 2252 600 2312 In
651 2252 746 2312 dei
795 2250 1055 2312 nomine
1117 2270 1325 2313 amen.
1377 2249 1571 2313 Anno
1633 2251 1922 2312 eiusdem
1969 2271 2006 2310 a
2054 2252 2385 2311 natiuitate
2434 2250 2771 2311 millesimo
2819 2251 3057 2312 ducen-

359 2367 584 2426 tesimo
630 2365 1028 2446 sexagesimo
1075 2375 1323 2445 quart0,
1371 2365 1716 2426 indictione
1763 2366 2053 2442 septima,
2099 2363 2203 2422 die
2248 2365 2447 2423 tercio
2494 2373 2789 2436 exeunte,
2838 2381 3059 2425 mense

358 2480 612 2551 marci0,
643 2487 930 2556 tempore
961 2477 1207 2538 domini
1237 2475 1620 2540 Columbani
1655 2475 2031 2537 venerabilis
2062 2477 2346 2555 episcopi
2380 2476 2438 2536 T
2443 2477 2833 2558 raguriensis‚
2864 2476 3059 2536 incliti

357 2593 474 2650 viri
514 2590 778 2652 Rolandi
841 2590 1094 2651 comitis
1139 2601 1202 2650 et
1247 2593 1451 2650 tocius
1517 2588 1858 2650 Sclauonie
1920 2589 2088 2663 bani,
2149 2589 2394 2649 domini
2442 2589 2695 2648 comitis
2746 2587 3058 2668 Stephani

359 2702 727 2764 Martinusio
775 2751 1154 2762 .......
1209 2713 1274 2764 et
1321 2702 1733 2764 dominorum
1781 2701 2132 2764 Valentino
2182 2702 2345 2762 Petri
2393 2712 2457 2762 et
2504 2700 2707 2762 Desse
2740 2699 3053 2762 Amblasii

359 2816 652 2877 iudicum.
701 2815 916 2878 Micha
949 2827 1015 2878 et
1045 2815 1209 2878 Mira
1253 2811 1430 2900 fi1[ia]
1468 2864 1478 2874 .
1529 2867 1559 2901 .·
1594 2863 1850 2876 .....
1897 2815 1960 2876 di
2009 2833 2229 2875 coram
2276 2833 2380 2875 me
2414 2817 2663 2875 notario
2695 2825 2760 2875 et
2792 2813 3061 2874 testibus

357 2929 756 3009 infrascriptis
815 2930 1066 2991 fuerunt
1127 2930 1401 2991 confessi
1465 2929 1820 2990 concordes
1883 2940 1949 2990 et
2010 2931 2072 2989 in
2122 2976 2501 2988 .......
2549 2929 2834 2990 diuisisse
2901 2947 3054 2989 con-

358 3042 627 3104 corditer
671 3044 834 3105 inter
878 3062 944 3104 se
991 3046 1208 3105 omnia
1253 3043 1426 3103 bona
1472 3060 1694 3103 eorum
1740 3052 2007 3120 paterna
2054 3053 2116 3103 et
2165 3052 2452 3103 materna
2493 3060 2618 3120 que
2654 3041 2893 3102 habent
2928 3038 3063 3124 [co-

357 3150 592 3239 munia]
627 3158 790 3216 inter
833 3176 946 3217 eos
991 3159 1054 3217 in
1100 3156 1413 3237 Tragurio
1459 3164 1523 3215 et
1567 3158 1700 3215 eius
1746 3154 2032 3215 districtu
2063 3166 2127 3216 et
2158 3158 2219 3215 in
2248 3154 2439 3234 Jadra
2472 3166 2535 3215 et
2567 3156 2701 3214 eius
2744 3154 3067 3227 districtu;

359 3278 424 3331 et
468 3269 547 3330 de
590 3270 738 3348 ipsis
782 3270 970 3329 bonis
1029 3263 1468 3352 con[fi]tentur
1536 3267 1870 3328 deuenisse
1918 3278 1981 3327 et
2028 3286 2166 3327 esse
2212 3270 2273 3327 in
2322 3278 2501 3346 parte
2549 3266 2717 3327 dicte
2764 3266 2929 3327 Mire
2977 3266 3059 3327 de

357 3381 541 3442 bonis
584 3382 648 3443 in
694 3381 1003 3463 Tragurio
1035 3392 1100 3443 et
1132 3382 1266 3442 eius
1312 3381 1627 3441 districtu:
1679 3399 1867 3440 vnam
1916 3382 2172 3442 uincam
2219 3382 2497 3460 positam
2528 3379 2611 3439 ad
2644 3377 2822 3440 Belin
2856 3398 3059 3459 prope

357 3494 632 3557 Micham
701 3492 976 3557 Godole·
1003 3504 1066 3555 et
1127 3494 1249 3556 alia
1315 3512 1426 3555 sua
1487 3493 1685 3554 latera
1733 3503 1795 3553 et
1842 3493 2033 3553 aliam
2104 3494 2359 3554 uineam
2430 3492 2513 3553 ad
2584 3492 2762 3553 Belin
2830 3492 3055 3552 subtus

359 3607 590 3668 dictam
635 3610 892 3669 uineam
935 3626 1138 3687 prope
1176 3606 1492 3687 Jacobum
1539 3606 1600 3667 N
1605 3608 1716 3682 ica,
1765 3624 1961 3683 quam
2007 3616 2293 3667 asserunt
2346 3606 2536 3667 fuisse
2582 3605 2852 3666 diuisam
2903 3622 3049 3665 cum

359 3720 528 3781 dicto
581 3719 824 3801 Jacobo
883 3719 1203 3781 auunculo
1264 3738 1488 3782 eorum
1534 3730 1598 3780 et
1642 3732 1876 3780 terram
1923 3722 2199 3799 positam
2244 3718 2329 3779 ad
2373 3728 2661 3779 sanctam
2729 3716 3051 3779 Martham

353 3852 552 3913 prope
595 3834 838 3894 dictum
895 3831 1230 3913 Jacobum,
1275 3834 1428 3893 item
1475 3832 1896 3913 quadraginta
1944 3842 2094 3891 octo
2140 3831 2331 3892 libras
2378 3840 2757 3892 uenetorum
2819 3848 3051 3908 paruu-

355 3945 572 4021 lorum,
619 3965 780 4027 quas
824 3956 1113 4008 asserunt
1160 3946 1348 4007 fuisse
1395 3946 1478 4007 de
1523 3948 1739 4025 precio
1786 3945 2024 4006 domus
2069 3946 2277 4024 posite
2324 3946 2387 4005 in
2432 3944 2743 4025 Tragurio
2792 3943 3053 4003 uendite

354 4078 465 4139 per
521 4062 729 4138 ipsum
791 4058 1070 4121 Micham
1109 4059 1340 4139 Juanni
1385 4058 1664 4132 Triente,
1724 4077 1919 4136 quam
1983 4058 2469 4120 uendiccionem
2519 4102 2843 4119 ......
2914 4066 3048 4117 tam

353 4190 466 4251 per
508 4191 611 4233 me
658 4175 974 4234 notarium
1023 4172 1192 4234 dicta
1239 4171 1400 4234 Mira
1449 4190 1618 4234 nunc
1661 4171 1977 4251 approbat
2018 4183 2082 4233 et
2114 4170 2470 4243 confirmat,
2518 4172 2666 4248 quia
2710 4166 3052 4229 confitetur

355 4284 550 4347 dictas
597 4280 811 4369 l[ibras
853 4280 942 4368 et]
1011 4286 1212 4347 dictas
1273 4304 1371 4346 res
1432 4303 1659 4346 omnes
1719 4294 1873 4364 aput
1920 4303 1990 4345 se
2035 4284 2272 4345 habere
2318 4294 2381 4344 et
2428 4302 2534 4344 eas
2581 4283 2788 4344 dictus
2834 4280 3048 4343 Micha

354 4400 410 4459 ei
467 4399 786 4477 quietauit,
831 4397 1008 4459 dedit
1070 4407 1134 4458 et
1178 4400 1494 4459 concessit
1544 4444 1925 4457 .......
1976 4394 2215 4458 Omnia
2262 4397 2382 4457 alia
2430 4396 2603 4456 bona
2673 4393 2935 4456 mobilia
2983 4406 3049 4454 et

355 4511 714 4586 immobilia,
757 4522 1022 4591 paterna
1080 4520 1146 4572 et
1193 4520 1480 4572 materna
1541 4522 1674 4571 tam
1721 4513 1784 4570 in
1829 4509 2143 4592 Tragurio
2189 4519 2254 4569 et
2300 4510 2586 4570 districtu
2644 4511 2794 4579 eiuS,
2850 4527 3045 4587 quam

354 4625 417 4684 in
455 4622 710 4708 jader(l)
757 4637 821 4685 et
867 4624 1150 4685 districtu
1181 4624 1315 4685 eius
1359 4626 1496 4684 sine
1528 4622 1826 4702 predictis
1855 4624 2045 4683 rebus
2078 4621 2239 4683 Mire
2271 4634 2335 4683 et
2386 4624 2601 4682 omnia
2650 4621 2893 4682 credita
2938 4640 3049 4682 seu

354 4737 562 4801 debita
607 4785 1106 4799 .........
1154 4738 1599 4815 competencia
1644 4732 2027 4796 confitentur
2074 4735 2411 4796 deuenisse
2457 4746 2521 4796 et
2567 4754 2705 4795 esse
2750 4736 2811 4794 in
2859 4744 3041 4813 parte

355 4850 494 4911 dicti
567 4850 776 4913 Miche
836 4862 900 4912 et
959 4870 1036 4911 ea
1096 4852 1315 4911 omnia
1374 4859 1438 4911 et
1499 4848 1746 4930 singula
1791 4850 1844 4909 ei
1896 4848 2065 4910 dicta
2137 4847 2299 4909 Mira
2370 4849 2693 4927 quietauit.
2755 4847 2935 4908 dedit
2980 4859 3044 4909 et

352 4967 654 5025 concessit
721 4974 786 5025 et
854 4963 1032 5025 dedit
1099 4965 1155 5024 ei
1201 4963 1552 5036 licenciam,
1620 4974 1688 5023 ut
1759 4964 1959 5041 possit
2028 4981 2141 5024 sua
2209 4963 2585 5022 auctoritate
2647 4962 2779 5038 ipse
2828 4959 3041 5021 Micha

353 5076 729 5159 ubicumque
775 5097 858 5138 ex
907 5077 1090 5138 dictis
1135 5078 1321 5137 bonis
1367 5088 1428 5137 et
1477 5074 1702 5137 debitis
1749 5077 1907 5137 scire
1953 5087 2016 5137 et
2063 5075 2347 5136 inuenire
2394 5074 2626 5155 poterit
2672 5074 2931 5153 exigere
2978 5084 3043 5135 et
